3609 5634
707 362 789 430 cons
806 301 900 417 mli·
919 363 985 416 xm
1469 363 1531 431 tus

127 524 283 582 meunt
304 543 367 582 esse
390 524 529 598 conjuncti
549 524 578 581 in
599 525 653 581 bos
675 526 829 598 archetypo
851 526 952 582 mundi.
995 525 1089 581 Causa
1116 526 1193 582 dista
1214 533 1259 583 est
1281 526 1310 583 iu
1332 526 1530 598 superioribus.

128 600 286 662 mnium
301 607 374 662 enim
388 608 562 662 considerent
577 608 673 661 orbes:
694 607 797 661 flerent
815 608 935 675 majores
959 607 1227 678 prosthsphaereses
1251 607 1325 662 orbis
1340 608 1434 681 magni
1458 611 1533 680 apud

129 682 303 764 singulos,
326 695 445 760 quantos
458 705 513 742 nou
526 688 713 742 observamus.
755 688 830 759 Ergo
854 688 908 742 fnit
920 687 1120 757 respiciendum
1142 690 1176 743 ad
1192 688 1340 744 distantias
1354 689 1531 759 planetarum

97 786 101 793 ·
130 778 156 818 a
170 764 264 821 Sole
278 786 335 823 non
348 768 505 831 mediocres,
528 769 576 822 sed
591 768 731 838 apheliem
752 784 846 822 eorum
869 767 1006 822 interioris
1026 774 1056 822 et
1074 768 1238 839 periheliam
1257 768 1413 833 exterioris,
1438 769 1465 824 id
1479 777 1531 833 est,

132 847 179 899 ad
198 849 442 904 eccentriuitates
454 849 642 919 planetarum,
664 864 736 919 quae
759 849 908 903 dutsutiu
929 848 1069 919 apheliam
1083 856 1113 903 et
1126 849 1290 919 periheiiam
1305 850 1434 905 forment.
1479 853 1531 904 At·

133 926 195 997 qui
217 928 268 982 sic
283 931 318 984 ad
334 929 442 984 incerta
454 928 652 999 respiciebam:
675 930 793 984 noudum
817 928 888 983 enim
903 935 967 983 erat
980 928 1095 1001 cognita
1116 929 1352 985 eceentricitatum
1366 947 1461 994 cansa,
1484 947 1533 985 eur

132 1012 250 1064 tanta
265 1016 343 1063 esset
356 1026 441 1079 penes
456 1008 582 1080 singulos
597 1009 727 1079 planetas
741 1009 946 1071 ecoentricitas;
968 1005 1020 1064 sur'
1031 1016 1113 1064 tauta
1132 1008 1299 1071 diuersurum
1322 1027 1370 1063 eur
1384 1010 1530 1072 Saturnus,
1550 1004 1552 1008 ⁴

134 1086 279 1158 Jupiter
294 1089 442 1143 mediocres
462 1090 607 1152 haberent,
623 1089 707 1153 Mars,
722 1089 873 1143 Mercurius
888 1089 1030 1154 maximos,
1047 1091 1150 1151 Tellus,
1167 1091 1259 1144 Venus
1273 1089 1407 1144 minimas.
1449 1090 1531 1161 Igno·

136 1174 226 1221 rata
245 1162 550 1241 nausa‘quantitatem
573 1168 696 1240 ignorari
719 1186 832 1223 neeesse
855 1178 918 1225 erat
940 1187 958 1226 a
979 1170 1072 1241 priori,
1096 1170 1259 1224 remittebat
1282 1171 1317 1224 nd
1331 1171 1419 1223 nudas
1436 1171 1530 1224 obser·

137 1249 306 1304 vationes.
1425 1270 1429 1277 *

247 1326 282 1399 d)
302 1330 346 1384 lta
354 1329 463 1400 quidem
477 1334 555 1383 tenet
567 1328 744 1383 Ptolemaeus
765 1336 845 1384 etex
860 1329 909 1382 illo
924 1329 1100 1399 Copernicus.
1137 1328 1185 1383 Sol
1199 1326 1271 1383 enim
1286 1326 1347 1395 (seu
1362 1325 1460 1392 Terra)
1475 1345 1530 1383 non

142 1416 281 1465 tautum
301 1410 428 1480 epieyolo
451 1415 542 1472 naret,
578 1410 625 1462 sed
648 1409 732 1463 etiam
756 1416 902 1480 aequante,
937 1415 969 1462 ut
992 1410 1033 1463 illi
1056 1411 1215 1479 putabant..
1257 1412 1298 1462 At
1320 1411 1467 1464 seeundum
1490 1408 1530 1463 rei

142 1491 317 1545 veritatem
337 1490 367 1544 in
387 1497 462 1544 motu
484 1488 533 1544 illo
554 1489 745 1545 translationis
765 1489 838 1543 circa
851 1488 944 1543 Solem
964 1489 1060 1543 similis
1083 1490 1127 1544 est
1141 1490 1229 1544 Terra
1250 1487 1396 1560 uuicuique
1410 1490 1531 1562 reliquo·

144 1587 228 1626 rium
241 1572 421 1641 planetarum
444 1569 472 1623 in
486 1569 624 1631 omnibus;
648 1576 681 1624 ut
702 1572 922 1625 demonstratum
946 1577 991 1625 est
1011 1586 1084 1644 ame
1109 1569 1137 1623 in
1152 1571 1302 1625 comment.
1317 1570 1424 1634 Martis,
1449 1574 1532 1641 ports

149 1650 266 1715 tertia,
290 1658 321 1706 et
342 1649 418 1720 Epit.
440 1653 516 1703 Astr.
541 1649 589 1703 lib.
613 1650 674 1704 Vll.
1222 1706 1228 1713 ,

250 1727 278 1796 e)
303 1730 355 1785 Hic
370 1729 443 1784 orbis
456 1729 617 1784 Ptolemaeo
632 1729 740 1791 Solis,
763 1727 914 1798 Copernico
929 1730 1073 1793 Terrae,
1095 1729 1250 1785 Prutenicis
1270 1744 1410 1784 annuus
1433 1727 1531 1782 dictus.
1560 1722 1562 1725 ’

250 1810 274 1873 i)
298 1812 376 1865 Hnes
390 1810 533 1881 Copernisi
548 1811 662 1880 querela
684 1808 855 1879 potissimum
869 1809 987 1881 attingit
1007 1810 1070 1864 loca
1084 1826 1273 1883 apogaeorum
1288 1807 1371 1880 (quae
1386 1809 1449 1862 loca
1464 1807 1533 1862 nihil

156 1892 295 1945 attinent
308 1891 360 1944 hoc
374 1889 515 1963 negotium
531 1890 715 1961 proportionis
727 1887 861 1955 orbium),
884 1907 938 1945 non
953 1891 1048 1944 eadem
1064 1898 1108 1945 est
1121 1894 1155 1946 de
1170 1889 1432 1946 eoeentrisitatibus.
1474 1888 1533 1942 lta·

157 1989 223 2043 que
244 1988 299 2026 non
321 1970 412 2044 pejus,
437 1971 484 2024 sed
508 1970 604 2024 melius
627 1970 734 2025 habent
757 1970 835 2041 ipsae
859 1970 965 2025 orbium
988 1970 1189 2040 spissitudines.

251 2047 285 2124 g)
309 2049 461 2105 Audaciam
483 2068 547 2104 ecoe
571 2051 734 2120 sponsionis,
759 2051 898 2105 suffultam
923 2050 1087 2106 difficultate
1110 2050 1272 2107 conditionis
1293 2049 1340 2105 bic
1362 2048 1532 2120 propositae.

159 2133 241 2186 Vide
264 2140 357 2186 umen
378 2136 409 2185 et
431 2130 607 2185 felicitatem:
631 2133 798 2202 exploratae
812 2138 878 2186 sunt
901 2148 920 2185 a
933 2148 975 2185 ms
990 2132 1163 2202 quantitates
1182 2128 1420 2187 ensentrieitatum
1433 2146 1470 2185 ex
1484 2131 1533 2185 ob·

162 2211 376 2268 medentum
389 2211 502 2275 Brabei,
517 2211 679 2281 patefactae
694 2212 722 2266 in
735 2211 909 2267 Harmonicis
924 2228 1026 2266 sensae
1040 2212 1276 2268 essentricitatum
1290 2210 1479 2284 singularum:
1502 2216 1534 2263 et

164 2310 237 2347 eona
251 2294 407 2363 pmnotos,
432 2309 486 2346 non
500 2290 607 2362 quidem
622 2309 659 2346 ex
673 2292 740 2347 solis
755 2292 773 2347 ὅ
787 2293 893 2364 dgnris,
919 2293 967 2346 sed
992 2292 1164 2362 potissimum
1184 2310 1221 2347 ex
1235 2290 1326 2345 causis
1342 2289 1532 2345 eeneutrioita·

163 2380 230 2428 tium
259 2366 436 2441 (semontis)
459 2388 538 2427 mous
562 2389 613 2442 per
637 2373 729 2427 omnia
750 2373 870 2427 motibus
893 2388 1037 2427 consonos.

251 2448 284 2519 h)
306 2452 447 2507 Laudabis
470 2452 569 2521 opinor
591 2453 676 2507 etiam
700 2454 844 2523 puerulum
868 2452 1022 2516 trimulum,
1053 2455 1273 2521 praesumentem
1298 2448 1387 2504 animo
1410 2465 1535 2521 pugnam

166 2550 232 2587 eum
245 2533 418 2605 gigantibus.
453 2532 515 2586 Non
529 2532 601 2587 enim
615 2550 708 2587 omues
723 2533 908 2588 astronomiae
927 2531 1017 2595 naevi,
1042 2532 1095 2586 imo
1117 2529 1228 2585 minima
1250 2530 1359 2584 illorum
1379 2545 1446 2598 pars
1470 2535 1535 2583 suut

169 2631 208 2668 ex
231 2612 337 2667 vitiosis
361 2612 614 2667 eceentrieitatibus
647 2613 825 2684 singulorum.
869 2615 913 2667 De
936 2612 1008 2668 Solis
1036 2614 1083 2667 rel
1105 2612 1209 2666 Terrae
1236 2608 1442 2665 eceentricitate
1470 2615 1536 2678 post

170 2693 286 2748 dicetur.

253 2769 274 2837 i)
298 2772 383 2827 Nullo
398 2771 531 2842 equidem,
556 2790 591 2825 ne
605 2771 713 2826 minimo
728 2773 849 2844 quidem
874 2774 939 2845 quia
953 2790 1007 2828 non
1020 2772 1143 2827 formant
1162 2771 1251 2833 orbes,
1276 2787 1328 2823 nen
1341 2768 1535 2838 praescribunt

172 2861 262 2908 metas
278 2852 521 2908 eccentrioitatum.
551 2852 604 2907 Sed
618 2853 666 2906 ubi
680 2852 756 2923 prius
771 2853 902 2907 inventae
918 2853 1020 2908 tuerint
1034 2850 1264 2915 eocentricitates,
1285 2857 1318 2905 ut
1330 2869 1364 2905 ro
1378 2846 1420 2905 du
1434 2866 1471 2905 ex
1486 2851 1534 2904 ob·

171 2932 505 2995 servationibns‘Brshei
526 2932 586 3002 jam
599 2932 716 3004 deniqne
738 2934 827 2987 locum
849 2934 936 2988 habet
958 2932 1098 3004 inquisitio
1117 2946 1261 2986 coussrum
1285 2947 1333 2985 seu
1352 2948 1385 2988 rs
1404 2931 1481 2987 diors
1497 2947 1536 2985 ex

172 3014 215 3068 bis
240 3013 360 3084 quinque
382 3012 479 3083 tpuris
502 3022 533 3067 et
550 3012 658 3082 junctis
681 3012 904 3084 proportionibus
928 3011 1102 3068 harmonicis.

252 3091 285 3159 k)
309 3094 377 3149 Cure
390 3091 462 3147 euim
484 3093 688 3149 harmoniarum
711 3093 748 3149 sit
767 3093 863 3164 aliqua
883 3094 972 3165 eopia,
997 3094 1105 3148 electae
1130 3092 1242 3149 menius
1263 3107 1314 3161 pro
1329 3089 1447 3162 singulis
1461 3088 1535 3161 bigis

171 3175 349 3244 planetarum
370 3172 533 3237 ricinorum,
563 3189 635 3243 quae
656 3173 815 3244 quantitate
839 3192 922 3245 qnam
945 3172 1070 3244 proxime
1090 3174 1289 3242 responderent
1310 3169 1535 3242 proportionibus

171 3254 271 3309 harum
294 3254 413 3325 quinque
436 3253 596 3324 figurarum.

805 3418 942 3430 .-.......-

727 3605 848 3706 Caput
872 3603 981 3680 XIX.

341 3766 397 3830 De
418 3765 614 3850 sinqulmmm
636 3769 670 3831 in
692 3767 795 3849 specie
813 3764 1018 3848 planetarum
1040 3766 1171 3828 reddito
1194 3762 1367 3828 discordia.

265 3909 352 3980 Haec
383 3910 475 3989 igitur
506 3911 536 3972 in
570 3928 679 3989 genere
713 3910 809 3983 fuere,
844 3926 921 3988 quse
954 3927 1075 3971 causam
1104 3929 1201 3972 meam
1232 3907 1368 3971 relevare
1400 3912 1537 3984 possunt.

172 4000 268 4064 Nunc
293 3999 324 4060 in
348 3999 448 4078 specie
471 3999 642 4074 videamus,
677 3998 783 4080 ecquid
813 3998 950 4059 excusari
980 3999 1108 4078 amplius
1131 3998 1239 4080 possit.
1287 3995 1408 4056 Initium
1433 4013 1452 4053 a
1474 3990 1536 4054 Sa·

174 4098 263 4151 turno
287 4098 449 4150 sumemus.
498 4091 599 4169 Atque
628 4089 692 4168 ejus
723 4087 842 4169 quidem
865 4086 1033 4164 ᾰποςηματι
1061 4108 1172 4170 mogun
1200 4088 1283 4150 facta
1311 4090 1360 4145 est
1382 4081 1535 4143 accessio:

173 4178 228 4240 sed
261 4185 342 4256 quse
371 4186 471 4239 tamen
502 4177 701 4240 differentiam
724 4175 1036 4258 prosthapheeresens
1060 4186 1188 4239 casinate
1220 4184 1269 4238 est
1300 4190 1358 4235 non
1392 4170 1536 4248 majorem
1573 4194 1578 4207 ¹

174 4263 213 4329 41
247 4266 405 4346 sompniis.
451 4267 531 4330 Nam
560 4268 639 4329 sicut
668 4267 774 4346 ingens
809 4267 873 4344 ejus
906 4265 1054 4328 distantia
1085 4266 1259 4328 facillimam
1287 4260 1382 4324 errori
1413 4276 1534 4320 causam

177 4355 306 4436 praebet
326 4355 357 4416 in
381 4354 608 4419 observatione:
642 4356 686 4417 sic
711 4373 795 4417 error
818 4356 847 4416 in
872 4355 1021 4416 distantia
1045 4355 1182 4436 quamvis
1205 4354 1373 4415 luculentus
1398 4346 1536 4425 exiguam

174 4451 205 4505 et
229 4444 368 4524 opinione
392 4444 536 4507 minorem
559 4444 652 4507 efficit
679 4444 710 4506 iu
738 4448 1000 4523 προσθαφαιρισιι
1024 4444 1242 4506 diversitatum.
1289 4440 1331 4502 Et
1353 4445 1455 4499 tamen
1479 4454 1534 4496 ne·

177 4552 233 4613 qne
256 4533 343 4613 huJus
368 4533 475 4595 sideris
498 4542 596 4596 motus
621 4533 790 4594 certissime
814 4532 966 4594 dimensos
990 4553 1057 4595 csse
1073 4540 1271 4606 astronomos,
1296 4528 1345 4590 vei
1364 4527 1534 4604 solaprae·

178 4621 272 4684 terite
294 4623 401 4704 hyeme
426 4642 547 4685 comere
571 4630 648 4685 erat.
695 4621 774 4682 Nam
797 4620 844 4681 die
869 4618 900 4683 2.
930 4618 979 4683 12.
1004 4622 1149 4684 Novemb.
1176 4640 1253 4683 anno
1280 4612 1364 4681 1594
1387 4613 1536 4676 Saturnus

176 4709 259 4774 visus
282 4719 332 4774 est
354 4720 462 4774 exacte
486 4712 564 4774 inter
587 4708 734 4772 cervicem
756 4717 789 4770 et
811 4728 863 4771 cor
886 4710 1013 4782 Leonis,
1044 4709 1093 4771 nbi
1119 4730 1186 4772 esse
1211 4708 1342 4781 debebat
1373 4703 1535 4765 secundnm

177 4801 324 4864 calculum
348 4800 397 4863 die
420 4799 475 4863 21.
500 4796 552 4863 31.
578 4798 721 4862 Octobris
745 4798 921 4878 praeterita.
961 4798 1140 4860 Differentin
1163 4799 1243 4879 long.
1260 4794 1314 4860 37⁴
1338 4795 1404 4877 plns
1428 4792 1534 4854 minus.

180 4886 267 4961 Quod
297 4890 323 4951 si
356 4890 433 4952 hanc
461 4889 662 4977 quantitatem
692 4907 749 4952 non
779 4888 907 4953 excedat
934 4887 999 4968 ejus
1029 4885 1237 4971 scopernico
1266 4882 1420 4948 discordia
1446 4900 1536 4962 spoc-
