3609 5634
292 342 359 409 354
491 348 501 398 ἴ
834 340 1230 405 thimwmw·

291 507 346 570 dit.
395 506 501 585 ltaque
525 503 583 565 nisi
607 503 772 584 promissor
794 504 883 582 plane
908 502 950 564 sit
974 502 1002 564 in
1017 502 1131 565 vertice
1147 487 1198 565 rel
1216 501 1313 573 oodir,
1334 500 1465 564 circulos
1478 496 1649 579 quadranos

291 594 330 658 ab
354 593 405 658 illo
430 593 563 659 distans,
596 592 622 654 is
646 609 769 672 nempe,
802 591 886 670 cnjus
913 592 1000 692 polus
1023 601 1072 653 ost
1102 590 1132 654 in
1156 592 1353 672 promissore,
1388 606 1507 668 semper
1529 583 1652 648 secabit

290 682 507 745 horizontem
499 700 529 742 m
554 689 620 742 ortu
645 681 753 753 semel,
788 689 820 741 et
843 680 974 742 semel'
966 698 996 740 ιιι
1020 680 1143 742 occiduo
1176 679 1381 742 semicirculo:
1415 694 1534 755 semper
1555 673 1651 753 igitur

290 772 455 852 promissor
479 755 625 847 quadrato
650 768 774 847 respicit
797 769 928 849 aliquam
943 768 1155 848 significatoria
1170 768 1333 831 horizontis
1347 766 1538 847 particulam.
1576 761 1649 824 Tri·

292 860 408 922 buimus
436 876 509 918 vero
538 865 569 917 et
592 857 852 937 Regiomontanus
880 865 913 918 et
938 876 994 938 ego
1017 856 1165 920 horizonti
1202 856 1259 919 toti
1287 859 1347 919 rim
1380 851 1585 936 significandi3
1618 860 1651 912 ot

293 946 407 1049 quidni,
431 961 497 1007 cnm
522 946 679 1024 eclipticas
702 954 807 1025 partes
831 964 889 1007 uon
914 964 1017 1008 omnes
1041 946 1147 1008 iisdem
1166 944 1332 1007 horizontis
1346 943 1484 1025 partibus
1502 940 1651 1011 oriamur,

291 1037 379 1098 sed
366 1054 431 1116 Jam
453 1033 572 1108 haec‚'
545 1054 623 1110 Jam
644 1035 698 1096 illa
720 1034 885 1096 horizontis
901 1035 984 1115 regio
999 1034 1113 1137 primae
1128 1036 1233 1097 domus
1252 1033 1333 1095 ostia
1347 1031 1494 1095 recludat.
1532 1027 1652 1091 Eodem

243 1175 248 1178 .
290 1126 376 1186 modo
408 1124 445 1185 ds
474 1124 576 1185 sextili
606 1124 808 1185 sentiendum
856 1123 934 1186 Toto
958 1124 1068 1205 qnippe
1092 1131 1241 1205 tempore,
1272 1141 1330 1202 quo
1353 1120 1407 1184 Sol
1437 1119 1535 1182 minos
1560 1135 1651 1198 quom

292 1210 363 1276 60⁰
384 1213 464 1273 infra
486 1211 671 1273 horizontem
696 1219 746 1273 est
768 1212 935 1284 demersus,
958 1231 1053 1293 nsque
1077 1232 1122 1288 eo,
1146 1230 1205 1293 quo
1225 1207 1292 1274 60⁰
1314 1212 1368 1275 alt.
1392 1229 1484 1290 supra
1506 1207 1651 1269 horizon·

291 1311 353 1366 tem
373 1309 492 1375 exstat,
517 1319 636 1380 semper
657 1299 781 1382 projicit
803 1300 943 1363 sextilem
962 1311 1118 1380 aspectum
1147 1301 1177 1362 in
1202 1299 1320 1380 aliquas
1343 1297 1508 1361 horizontis
1532 1304 1652 1374 partes.

289 1390 383 1452 Dices
416 1388 488 1450 mihi
518 1397 637 1451 ceteras
671 1389 872 1463 remotiones,
906 1408 983 1470 quae
1008 1399 1137 1469 vergunt
1167 1389 1206 1450 ad
1229 1388 1331 1450 mundi
1354 1388 1467 1461 latera,
1493 1404 1554 1446 non
1580 1401 1651 1446 csse

290 1479 441 1549 efficaces,
467 1478 559 1552 solas,
584 1496 661 1558 quae
685 1497 717 1538 se
741 1478 866 1540 zodiaco
891 1477 1071 1542 familiarius
1095 1479 1261 1558 applicant,
1286 1477 1347 1540 vim
1360 1475 1509 1539 obtinere.
1547 1472 1653 1536 Infero

292 1583 360 1647 ego,
386 1565 473 1648 qnod,
501 1565 582 1628 laeto
607 1566 700 1627 semel
724 1566 809 1628 initio
834 1565 1009 1629 discedendi
1032 1588 1052 1629 a
1074 1567 1211 1639 zodiaco,
1234 1567 1322 1628 detor
1341 1564 1484 1644 evagatio
1498 1580 1595 1642 usque
1612 1559 1652 1622 ad

290 1654 420 1717 circulos
450 1654 631 1728 latitudinis,
662 1655 765 1734 vigore
789 1655 969 1718 efficientiae
994 1656 1102 1738 ubique
1132 1663 1277 1737 sequente
1306 1654 1470 1718 secundom
1492 1649 1594 1730 magis
1619 1656 1654 1711 et

175 1775 213 1818 μ
290 1745 399 1806 minos.
446 1744 490 1805 At
514 1744 603 1804 datur
624 1742 741 1808 initium
767 1743 941 1806 discedendi
965 1765 984 1806 a
1006 1746 1142 1820 zodiaco,
1166 1745 1192 1806 si
1210 1744 1376 1824 promissor
1398 1739 1515 1803 obtinet
1538 1739 1652 1801 latitu-

294 1834 402 1905 dinem,
429 1841 460 1891 et
475 1831 570 1892 multo
585 1832 692 1910 magis,
715 1829 742 1891 si
765 1851 831 1894 cum
850 1832 1094 1912 Regiomontaoo
1118 1834 1211 1896 etiam
1226 1832 1355 1894 termino
1379 1840 1523 1910 aspectus
1537 1825 1652 1890 tribui-

290 1940 357 1983 mus
381 1920 582 1982 latitudinem.
629 1920 727 1981 Multo
751 1918 843 1999 igitur
865 1920 1058 1985 verisimilius
1082 1942 1138 2002 ego
1163 1922 1219 1983 hoc
1243 1923 1342 1983 tribuo
1365 1918 1499 1993 zodiaco,
1523 1924 1653 1997 propter

243 2015 247 2024 '
289 2018 465 2089 perpetuum
490 2006 572 2069 Solis
596 2007 652 2069 sub
676 2026 711 2071 eo
736 2009 919 2083 discursum,
949 2017 983 2072 nt
1005 2010 1032 2071 is
1056 2011 1169 2073 animet
1198 2017 1357 2090 aspectus,
1388 2015 1478 2089 atque
1503 2015 1651 2087 aspectos

290 2098 320 2160 io
345 2117 380 2157 eo
405 2096 611 2158 terminentur.
659 2095 722 2158 Sed
744 2106 845 2158 tmnen
870 2097 910 2158 ad
932 2099 1135 2162 omnimodam
1158 2099 1247 2161 fidem
1267 2097 1483 2178 praestandam
1506 2093 1575 2156 hnic
1599 2092 1651 2156 di·

290 2184 417 2247 rectiooi
446 2193 622 2261 aspectuum
646 2185 755 2247 desunt
779 2185 850 2247 mihi
874 2187 970 2248 multa
993 2190 1146 2269 exempla3
1179 2188 1206 2248 si
1229 2187 1303 2249 mihi
1326 2197 1396 2250 suot
1418 2202 1585 2265 geneseon,
1617 2191 1651 2244 at

293 2293 352 2336 non
377 2281 449 2335 sunt
471 2282 641 2335 eventuum.
668 2275 799 2353 (Wollg.
816 2273 910 2338 wito.
926 2275 1004 2340 Phil.
1020 2277 1096 2340 Lnd.
1122 2274 1157 2340 C.
1182 2276 1218 2338 P.
1243 2274 1428 2353 Neoborgici
1451 2273 1531 2335 lilius
1558 2279 1653 2334 natus

291 2371 338 2425 est
366 2362 483 2424 oriente
506 2362 606 2424 Marte
631 2362 713 2425 circa
740 2361 845 2440 5'⁰Y
872 2379 940 2426 cnm
964 2365 1017 2428 lat
1043 2363 1099 2440 5⁰,
1132 2383 1200 2428 oum
1227 2375 1311 2428 esset
1338 2362 1391 2426 Sol
1416 2362 1446 2425 in
1472 2354 1578 2444 il.¹!,⁰
1601 2371 1649 2438 ιη,

290 2452 378 2514 Luna
400 2451 430 2512 in
456 2445 544 2531 372⁰
565 2461 613 2538 ιφ.
660 2452 693 2512 ln
717 2461 785 2514 ortu
810 2447 855 2514 3ο
875 2450 939 2529 Υ.)

381 2540 447 2612 (Ad
470 2536 518 2612 3.)
565 2540 786 2619 incompertum
810 2541 870 2616 ais,
896 2560 956 2622 qua
978 2542 1095 2605 rationo
1118 2550 1150 2603 et
1173 2561 1230 2622 quo
1254 2545 1390 2618 tempore
1414 2537 1544 2618 eclipses
1569 2536 1650 2597 vires

291 2649 363 2691 suas
388 2636 531 2690 exserant
554 2635 586 2689 et
609 2628 657 2690 bic
681 2630 786 2693 fallere
810 2631 932 2709 regulas
954 2630 1132 2693 Ptolemaei.
1170 2631 1283 2692 Tecum
1307 2628 1423 2702 sentio;
1454 2638 1488 2689 at
1509 2627 1567 2688 hoc
1589 2643 1650 2687 noo

290 2728 401 2791 tecum,
426 2711 505 2798 quod
528 2735 616 2797 nego,
640 2728 755 2779 certam
780 2737 847 2780 esse
872 2720 1036 2798 eclipsibus
1059 2719 1206 2781 rationem
1230 2717 1385 2799 operandi,
1408 2715 1533 2797 proinde
1553 2732 1650 2793 neque

293 2806 364 2870 sciri
401 2824 497 2886 neque
530 2805 639 2886 inquiri
670 2806 747 2868 banc
779 2825 881 2887 posse.
938 2808 973 2870 Si
1003 2817 1143 2871 naturam
1176 2807 1251 2870 locis
1280 2816 1311 2868 et
1341 2807 1462 2868 umbrae
1490 2803 1649 2884 respicias,

290 2897 428 2979 equidem
452 2913 579 2974 corpora
602 2904 708 2957 nostra
731 2896 822 2958 nihilo
846 2897 943 2977 magis
967 2897 1137 2960 afficiuntur
1160 2897 1199 2959 ab
1217 2894 1324 2959 umbra
1347 2896 1467 2968 Lunae,
1497 2910 1586 2973 qoam
1610 2889 1649 2954 ab

289 2984 395 3048 umbra
418 2984 543 3056 Terrae,
579 3002 656 3064 quae
680 3003 738 3047 nor
762 2985 881 3048 dicitur.
929 2985 1044 3049 Restat
1070 3004 1143 3066 orgo
1171 2985 1291 3048 unicum
1319 3004 1417 3048 meum
1438 3002 1650 3064 concorporet.

289 3075 467 3137 facultatem
487 3072 661 3146 animalem,
696 3092 772 3154 quae
801 3074 914 3137 insidet
941 3074 971 3136 iu
995 3075 1106 3150 Terra,
1132 3083 1173 3140 ,et
1200 3094 1268 3137 cnm
1291 3094 1328 3136 ea
1358 3074 1649 3151 universumpecus

291 3163 458 3224 animorum
482 3168 514 3222 ot
543 3159 697 3240 geniorum
731 3161 856 3225 insolita
880 3162 956 3224 lucis
975 3164 1099 3244 jactura
1131 3163 1319 3226 consternari
1348 3163 1549 3242 affectumque
1573 3178 1648 3223 con-

290 3251 390 3328 cipere
401 3249 450 3310 dio
463 3249 631 3322 durantem,
646 3258 737 3330 atquo
752 3259 823 3312 tunc
834 3269 974 3331 magnum
991 3252 1047 3314 hoe
1067 3253 1188 3328 animal,
1204 3252 1355 3318 Tellurem
1369 3250 1497 3324 scilicet,
1519 3247 1550 3311 in
1565 3267 1647 3311 mor·

289 3339 345 3401 bos
370 3337 511 3407 incidere,
536 3337 614 3400 aliis
639 3338 668 3398 in
692 3339 784 3412 alios,
807 3349 899 3420 prout
919 3341 1038 3403 interea
1060 3341 1140 3405 ratio
1163 3342 1321 3404 humorum
1344 3339 1436 3403 inerit
1458 3346 1647 3417 comparata,

290 3446 400 3508 eosque
419 3426 485 3506 jam
508 3426 624 3489 tardius
642 3428 707 3507 jam
730 3428 820 3490 citius
836 3445 1000 3509 erumpere,
1025 3439 1115 3510 prout
1128 3431 1219 3492 fuerit
1237 3437 1444 3510 comparatum
1469 3446 1536 3490 cum
1549 3427 1648 3492 Terra

289 3516 477 3579 intrinsece..
508 3515 611 3578 Habet
629 3515 707 3578 enim
732 3518 832 3597 otique
856 3525 888 3579 et
903 3518 1006 3582 Tellus
1021 3520 1089 3601 ipsa
1111 3540 1131 3580 a
1143 3522 1177 3581 se
1192 3519 1338 3599 quasdam
1351 3517 1529 3582 variationis
1549 3517 1646 3597 leges,

289 3625 349 3667 non
372 3626 392 3667 a
414 3604 498 3667 coelo
521 3623 640 3679 omnes,
671 3606 714 3668 uti
747 3607 835 3668 homo
858 3607 971 3681 esurit,
1002 3609 1082 3681 sitit,
1117 3608 1264 3687 fatigatur
1291 3608 1332 3670 ad
1355 3605 1577 3688 praescriptum
1599 3604 1648 3667 oni

288 3694 423 3775 corporis
448 3694 562 3770 virium,
587 3713 644 3755 non
668 3694 754 3757 coeli.
801 3695 870 3759 Non
884 3695 977 3776 igiter
1000 3697 1097 3760 omnis
1112 3697 1235 3777 eclipsis
1251 3696 1333 3759 Solis
1354 3697 1528 3760 siccitatem
1545 3693 1646 3767 affert,

291 3795 372 3845 certe
396 3802 454 3844 non
478 3783 614 3844 omnibus
638 3783 723 3846 locis.
770 3786 848 3846 Nam
873 3804 951 3846 anno
975 3782 1028 3850 98.
1057 3787 1095 3848 ad
1120 3785 1203 3871 illam
1226 3787 1352 3866 eclipsin
1375 3794 1483 3848 secuta
1505 3782 1646 3863 sequenti

291 3880 431 3933 autumno
455 3879 487 3933 et
508 3871 605 3934 bieme
630 3871 658 3933 in
682 3873 810 3935 Austris
832 3882 864 3934 et
881 3873 985 3956 Styria
1008 3876 1115 3955 ingens
1139 3885 1171 3936 et
1193 3875 1334 3938 diuturna
1358 3893 1503 3957 aquarum
1527 3873 1647 3936 effusio.

291 3961 396 4041 ltaque
420 3959 544 4022 miseret
565 3980 612 4022 me
637 3960 764 4023 infelicis
787 3970 858 4024 tuae
883 3962 1063 4040 industriae,
1093 3964 1162 4026 dum
1184 3965 1215 4027 in
1238 3965 1275 4027 iis
1298 3966 1389 4027 rebus
1412 3961 1589 4025 ordinandis
1613 3968 1647 4022 et

291 4048 483 4128 disponendis
509 4049 650 4120 versaris,
673 4069 747 4130 quas
771 4060 879 4113 natura
901 4051 971 4131 ipsa
985 4052 1151 4116 confundit.
1198 4052 1277 4125 Quin
1292 4054 1394 4133 potius
1418 4054 1474 4115 hoc
1498 4070 1585 4130 agas,
1612 4056 1648 4111 ut

289 4153 406 4199 niseum
429 4137 465 4197 de
488 4137 616 4198 internis
639 4138 769 4202 Telluris
793 4140 1014 4204 conditionibus
1038 4143 1188 4221 disputes,
1222 4143 1301 4224 quod
1323 4141 1488 4204 identidem
1510 4139 1590 4202 facio
1615 4138 1645 4199 io

289 4226 549 4310 prognosticorum
571 4226 809 4306 praefationibus
834 4237 867 4290 et
890 4230 919 4291 in
943 4231 1049 4294 ultimo
1068 4230 1157 4310 hujus
1181 4231 1252 4294 anni
1271 4231 1340 4302 teci.
1363 4231 1390 4293 si
1409 4247 1540 4333 unquam
1554 4226 1649 4300 aliis,

292 4315 409 4379 liberali
432 4334 529 4377 menn.
576 4316 639 4378 Res
663 4325 711 4378 est
734 4337 792 4379 non
817 4317 854 4378 de
878 4318 993 4392 nihilo,
1007 4340 1064 4383 non
1089 4322 1251 4397 somnium,
1276 4319 1330 4384 sed
1355 4319 1529 4381 verissima:
1555 4317 1650 4379 habet

291 4405 407 4478 Tellus,
431 4412 466 4465 nt
487 4404 517 4466 in
541 4404 627 4483 Disp.
653 4405 690 4466 de
714 4406 809 4468 Fund.
834 4405 907 4480 diri,
935 4411 1083 4489 quasdam
1105 4410 1246 4491 periodos
1270 4408 1403 4474 humoris
1428 4405 1650 4487 siccitatisquo,

293 4494 360 4554 aliis
383 4492 522 4573 partibus
545 4493 633 4555 alias

381 4582 446 4653 (Ad
470 4578 518 4655 4.)
566 4580 749 4668 Convincam
764 4591 794 4644 te
818 4583 867 4646 vel
891 4605 929 4647 ex
952 4593 982 4646 te
1006 4586 1083 4666 ipso,
1107 4606 1174 4650 com
1191 4586 1291 4648 ventis
1314 4594 1433 4650 tantam
1446 4584 1573 4659 tribuas,
1598 4603 1645 4646 ms

292 4670 411 4772 quidem
435 4671 632 4733 assentiente.
679 4671 724 4733 At
746 4672 829 4735 venti
853 4683 923 4737 suot
947 4675 1091 4739 montium
1115 4675 1246 4749 soboles,
1270 4684 1303 4738 et
1320 4674 1416 4739 sicubi
1429 4673 1519 4755 pluit,
1543 4693 1582 4736 ex
1596 4673 1651 4736 illo

291 4758 413 4837 regione
436 4767 507 4821 sont
530 4760 627 4834 venti;
659 4769 712 4822 eut
736 4762 762 4824 si
785 4762 870 4824 nives
898 4765 927 4826 io
950 4765 1155 4845 septentrione
1180 4764 1337 4828 solvuntur
1356 4781 1482 4827 accessu
1503 4762 1585 4827 Solis
1610 4762 1649 4826 ad

292 4855 429 4910 nostrum
441 4848 703 4928 hemisphaerium,
729 4852 891 4914 etesiarum
905 4852 1023 4916 initium
1035 4854 1085 4929 fit,
1109 4853 1160 4936 qui
1175 4863 1246 4918 sunt
1259 4855 1343 4919 venti
1356 4853 1506 4917 boreales.
1539 4853 1650 4934 Itaque
