3609 5634
726 362 810 415 usas
829 363 943 415 cuam.
1330 426 1335 439 .
1458 359 1521 429 199

113 517 258 589 triplex
273 526 309 578 sd
323 542 415 580 unum.
445 525 529 579 Verbi
542 526 653 597 grstia:
674 526 784 597 quando
798 540 875 580 sume
889 539 984 581 arcum
1002 524 1096 597 datos,
1115 530 1148 579 ut
1172 520 1212 589 ἰ..
1235 526 1313 597 cans
1334 527 1471 580 subteneo.
1484 525 1521 579 sit

114 600 387 669 demonstrabilis,
411 607 459 659 sed
479 598 507 663 'is
522 608 558 659 ad
571 604 708 661 residuum
727 599 755 665 't
771 623 825 659 non
844 606 882 659 sit
895 605 968 660 dicto
987 608 1066 660 modo
1085 606 1220 674 probatus
1242 610 1343 677 loyen
1366 611 1432 660 tunc
1450 606 1521 660 flunt

114 697 164 733 ex
183 682 256 737 flde
272 683 396 749 3roces,
419 701 535 755 quarum
553 692 662 741 tantum
681 687 752 740 duae
771 692 933 739 consonant.
962 685 1032 741 Nam
1051 700 1117 755 pars
1140 680 1168 746 ‘lc
1185 703 1246 741 cum
1260 692 1322 741 tota
1339 679 1370 745 't
1387 692 1522 741 consonet

116 755 285 834 (propter
304 765 565 820 demonstrationem
587 767 739 820 subtensae
757 772 787 819 et
805 765 1027 820 enunciationem
1050 781 1130 820 arcus
1154 766 1327 836 possibilem,
1353 782 1425 837 quae
1445 774 1522 823 snat

116 841 268 910 namra)
284 852 419 901 consonat
432 846 542 916 inquam
556 866 614 920 ιρις
627 847 675 901 dcc
688 861 796 901 naeus.
823 846 878 899 Sed
891 845 1030 899 residuum
1048 840 1077 905 'is
1099 862 1159 900 cum
1177 838 1206 904 ’.ἰ
1230 864 1284 900 non
1306 852 1449 910 consonat,
1470 864 1521 899 nec

121 914 165 980 'le
189 940 266 980 curn
286 920 327 986 Ἰ..
354 927 408 980 Hic
422 942 471 995 pro
487 925 589 995 triplici
604 932 736 980 concentu
752 932 798 979 est
817 942 887 980 unus
907 925 1008 980 saltem
1022 932 1053 979 et
1066 927 1137 979 duae
1152 926 1365 996 discrepantiae.
1393 925 1521 981 Vicissim

118 1006 359 1061 constituantur
372 1006 399 1060 in
413 1007 465 1059 fide
479 1014 575 1076 partes
592 1006 619 1070 3,
641 1006 669 1069 4,
691 1013 724 1061 ut
743 1022 849 1061 summe
862 1004 984 1075 partium
998 1005 1036 1060 sit
1050 1004 1076 1059 t.
1105 1004 1159 1059 Hic
1178 1006 1244 1076 qnia
1258 1012 1353 1075 partes
1369 1005 1387 1060 3
1401 1008 1437 1059 ad
1451 1005 1519 1060 resi·

119 1084 234 1140 duum
248 1087 277 1148 4,
300 1094 345 1141 est
363 1092 395 1141 nt
414 1086 441 1140 in
461 1086 593 1141 divisione
609 1087 813 1158 quadripartita
827 1084 922 1139 circuli
942 1101 1022 1141 arcus
1043 1086 1061 1140 3
1075 1085 1223 1140 subtensus
1238 1087 1327 1140 latere
1343 1085 1519 1156 tetragonico

121 1165 370 1232 demonstrabili,
395 1169 428 1220 ad
455 1174 541 1221 totum
564 1167 695 1222 circulum
714 1168 747 1222 4:
769 1165 830 1220 ideo
854 1165 940 1221 etiam
959 1182 1024 1236 pars
1045 1166 1105 1220 fidis
1121 1164 1138 1219 3
1153 1184 1214 1221 cum
1226 1165 1336 1220 residuo
1352 1166 1371 1221 4
1385 1173 1521 1221 consonat

123 1246 194 1300 om
210 1262 366 1320 τεσσαρυν.
395 1247 448 1301 Sed
462 1265 551 1318 neque
566 1247 584 1301 3
599 1265 688 1318 neque
703 1248 722 1303 4
736 1264 797 1301 cuns
811 1254 872 1301 tota
885 1247 971 1300 fidel
991 1253 1133 1308 consonat,
1153 1246 1220 1318 quia
1237 1246 1334 1301 divisio
1349 1246 1443 1300 circuli
1457 1245 1518 1299 in'l
1565 1296 1571 1308 ,

125 1334 189 1381 est
206 1327 286 1381 inter
299 1327 436 1397 rejectam
455 1345 516 1382 cum
537 1328 687 1382 subtensee
701 1335 844 1399 nequeant
857 1328 1048 1382 demonstrari.
1077 1328 1145 1381 Cum
1163 1343 1232 1398 ergo
1251 1326 1297 1380 bic
1310 1343 1419 1397 queque
1433 1326 1519 1389 alter·

126 1413 218 1462 utra
231 1407 333 1462 saltem
348 1407 467 1462 conditio
482 1426 519 1462 ex
533 1424 622 1478 supra
634 1407 773 1478 requisitis
797 1407 878 1470 adsit,
904 1407 966 1461 ideo
985 1412 1015 1460 et
1032 1407 1078 1461 hic
1097 1414 1245 1463 concentus
1267 1406 1394 1476 simplex,
1418 1406 1519 1460 discer-

127 1487 253 1543 damtia
265 1489 379 1557 duplex.
409 1491 449 1541 At
462 1487 485 1541 si
499 1487 704 1543 constituantur
727 1487 756 1542 in
778 1488 830 1540 lide
850 1494 948 1557 partes
968 1487 1000 1550 2,
1022 1488 1053 1551 l,
1079 1494 1129 1541 aut
1149 1503 1327 1559 quaecunque
1342 1503 1380 1540 ex
1393 1495 1456 1541 octo
1471 1487 1519 1540 ad·

131 1568 261 1633 missis,
282 1569 332 1622 fiet
354 1576 503 1622 concentus
528 1568 631 1637 triplex
655 1567 742 1637 partis
765 1568 776 1621 l
800 1585 861 1621 cum
878 1568 989 1622 residuo
1010 1568 1027 1621 2
1046 1568 1221 1630 deonotus,
1246 1574 1275 1621 et
1293 1568 1435 1637 utriusque
1459 1582 1520 1620 cnm

133 1655 215 1702 tota
231 1648 258 1712 3,
278 1648 385 1702 scilicet
398 1647 550 1714 desuem,
568 1655 598 1702 et
611 1650 660 1705 dic
673 1667 756 1705 πενιε
768 1647 815 1704 ἔπι
828 1649 984 1705 διαπασων.
1010 1647 1063 1702 Hic
1077 1648 1155 1702 nulla
1168 1655 1213 1703 est
1226 1646 1420 1701 discordantia.
1452 1646 1519 1700 Jure

133 1727 249 1800 itaque
273 1729 333 1801 qais
357 1733 461 1799 toyovc
483 1727 567 1782 hosce
593 1729 694 1783 solides
718 1729 829 1784 dixerit.
866 1731 1010 1784 Hactenus
1024 1746 1062 1782 ex
1080 1727 1235 1800 geometria
1253 1725 1434 1783 demonstrati
1455 1733 1520 1780 sunt

135 1827 206 1871 mon
219 1810 309 1865 minus
323 1809 552 1880 periecteloyos,
567 1826 650 1880 quam
663 1809 863 1864 demonstravit
875 1809 1005 1863 Euclides
1020 1824 1145 1878 corpora.

232 1891 295 1946 Jam
308 1889 337 1944 bi
352 1894 435 1962 loyor
450 1895 517 1942 sunt
532 1903 778 1963 κοσμοποιητικοι,
798 1896 875 1945 emat
892 1907 940 1943 eos
959 1894 1062 1943 natura
1080 1887 1108 1942 in
1129 1887 1253 1943 omnibus
1267 1878 1351 1942 rebus
1366 1892 1458 1959 λογων
1472 1887 1519 1941 cai

140 1971 279 2041 pacibus.
306 1974 392 2023 Amat
405 1986 453 2023 eos
467 1968 540 2022 ratio
555 1968 681 2033 hominis,
702 1985 772 2039 quae
787 1976 831 2024 est
845 1969 937 2041 imago
952 1967 1108 2022 conditoris.
1137 1969 1239 2023 Essent
1258 1967 1345 2038 igitur
1359 1968 1519 2022 traducendi

142 2051 179 2105 in
193 2052 275 2104 varia
289 2049 424 2119 subjecta,
441 2051 488 2102 sed
503 2048 555 2101 illa
568 2066 622 2102 neu
637 2049 730 2103 omnia
744 2056 809 2102 sunt
823 2049 945 2119 cognita.
975 2049 1052 2111 Quae
1068 2053 1161 2103 autem
1175 2048 1289 2119 cognita
1302 2047 1519 2111 suutscribam.

142 2130 243 2185 Primo
259 2145 389 2184 mensura
402 2129 646 2198 pronunciationis,
661 2129 708 2183 ubi
718 2137 822 2200 regnat
835 2128 977 2199 proportio
997 2123 1024 2188 't
1042 2134 1072 2181 et
1085 2128 1149 2181 hinc
1163 2127 1262 2183 existit
1275 2128 1387 2198 poetice
1401 2127 1520 2181 omnium

148 2211 324 2283 linguarum.
351 2209 458 2263 Deinde
472 2225 601 2263 mensura
614 2214 703 2264 motus
718 2210 746 2263 in
764 2226 877 2280 corpere
899 2209 1028 2273 humano,
1048 2207 1111 2261 binc
1132 2208 1258 2263 existunt
1275 2207 1449 2270 saltationes,
1472 2206 1520 2261 ubi

148 2296 199 2343 est
222 2284 266 2353 ¹l2,
291 2284 356 2350 ¹·¹l..
384 2289 478 2343 Tertio
501 2290 613 2344 eaedem
635 2290 837 2359 proportiones,
863 2291 958 2343 eadem
982 2290 1015 2342 de
1036 2304 1123 2341 causa
1141 2288 1251 2342 suntin
1269 2304 1398 2342 mensura
1412 2294 1519 2365 cantus,

151 2370 221 2424 hinc
235 2369 488 2423 notarnmvalores
503 2375 533 2422 et
547 2376 646 2423 tactus.
676 2369 780 2440 Opinor
795 2370 896 2423 alicubi
918 2377 948 2423 et
968 2369 1149 2440 quadruplam
1173 2361 1224 2427 ”lt
1248 2373 1298 2421 eut
1316 2373 1391 2421 certe
1417 2358 1467 2427 Ml.
1493 2366 1521 2421 in

149 2468 205 2504 usu
221 2466 293 2503 esse.
322 2449 428 2511 Quarto
443 2456 475 2502 ut
489 2449 601 2520 propius
616 2457 744 2504 naturam
758 2452 928 2513 accedamus,
948 2449 1042 2503 insunt
1061 2465 1153 2502 omnes
1169 2449 1291 2518 perfecte
1311 2448 1338 2500 in
1353 2450 1523 2501 concordam*

149 2531 199 2585 tiis
212 2528 332 2584 musicis.
358 2519 413 2600 [Et
427 2528 471 2582 bic
484 2536 581 2598 posset
598 2531 660 2583 addi
675 2531 827 2601 disputatio
842 2531 875 2583 de
891 2529 1016 2583 tensione
1031 2528 1181 2582 artificiosa
1194 2527 1378 2591 clavichordii,
1395 2528 1518 2598 quiores

150 2612 258 2666 incerta
278 2617 323 2663 est
338 2608 366 2663 in
380 2609 499 2679 quinque
514 2609 627 2663 vocibus
639 2604 671 2677 ⁴¹)
692 2612 718 2673 a,
734 2610 780 2673 cis,
797 2610 815 2673 f,
831 2609 874 2673 fis,
891 2609 945 2680 gis.
970 2610 1034 2680 Ego
1049 2610 1088 2661 sic
1102 2625 1210 2672 censeo,
1225 2616 1257 2661 ut
1271 2608 1296 2661 G
1310 2609 1344 2661 ad
1359 2608 1384 2671 d,
1400 2607 1439 2661 sie
1452 2610 1469 2661 d
1483 2609 1520 2661 ad

151 2709 169 2747 a
185 2709 248 2745 esse
264 2691 373 2751 debere,
394 2696 423 2742 et
437 2697 469 2742 ut
484 2688 507 2742 G
523 2691 601 2751 adh,
622 2689 662 2743 sic
676 2692 692 2743 d
707 2691 742 2744 ad
757 2689 807 2749 tis;
828 2697 861 2742 ut
878 2689 919 2743 sic
932 2705 950 2743 a
963 2697 993 2742 et
1007 2688 1042 2742 iis
1057 2690 1295 2742 accommodentur
1309 2688 1343 2741 ad
1358 2689 1383 2741 d.
1411 2687 1519 2742 Deinde

151 2769 783 2832 utGadcsiccadietutGadbsiee
804 2770 839 2823 ad
860 2770 913 2840 gis.
944 2768 1197 2838 EtdeniqueutG
1219 2769 1253 2821 ad
1276 2769 1293 2820 b
1315 2767 1448 2821 sicbed
1469 2767 1518 2821 cis.

232 2852 303 2906 Nam
324 2852 378 2903 hoc
397 2855 481 2920 pacto
502 2850 558 2911 liet,
580 2856 612 2903 ut
633 2867 683 2920 per
702 2849 908 2920 proportionem
934 2842 962 2910 Ἰ.
984 2848 1171 2903 constituatur
1186 2865 1212 2901 a.
1243 2847 1271 2901 Si
1290 2848 1429 2917 nempeG
1450 2846 1518 2900 divi·

151 2931 283 2986 daturin
306 2931 332 2995 8,
359 2924 387 2988 ‘lt
410 2930 465 2983 erit
485 2950 543 2998 ιρις
562 2931 611 2983 dic
629 2945 728 2986 nesus
749 2936 778 2983 et
805 2925 833 2990 l'.
856 2936 937 2984 erunt
958 2946 983 2994 a,
1006 2929 1133 2999 perlecta
1153 2929 1283 2982 secunda.
1315 2928 1359 2981 lta
1380 2944 1431 2998 per
1452 2943 1516 2996 pro·

151 3012 306 3083 portionem
341 3003 384 3070 ¹ae'..
420 3008 604 3064 constituetur
633 3017 715 3064 tonus
745 3010 790 3064 vel
820 3011 941 3063 secunde
970 3010 1065 3063 minor.
1117 3008 1188 3062 Nam
1216 3000 1260 3069 ¹40
1290 3010 1323 3061 de
1352 3007 1377 3061 G
1405 3006 1518 3061 sonabit

134 3110 278 3167 ,τετρακις
296 3091 344 3146 δια
361 3105 461 3147 necas
481 3105 566 3159 supra
587 3091 627 3154 G,
649 3097 679 3145 et
704 3083 759 3152 ¹⁶4.
783 3090 895 3144 sonabit
916 3089 974 3143 Gis.
1017 3088 1095 3143 Sicut
1116 3105 1184 3160 ergo
1206 3104 1224 3140 a
1244 3089 1280 3141 ad
1301 3089 1335 3150 b,
1357 3086 1396 3141 sic
1417 3088 1471 3141 erit
1492 3087 1517 3140 G

152 3174 187 3227 ad
209 3171 267 3225 Gis.
308 3171 379 3225 Nam
399 3177 429 3225 et
449 3171 466 3223 b
487 3175 532 3223 est
556 3163 612 3231 “lis
635 3172 669 3224 de
691 3187 717 3225 a.
760 3172 813 3225 Est
833 3177 927 3225 autem
955 3168 1159 3239 sedecengulus
1185 3175 1324 3239 cognatus
1351 3167 1517 3239 cctangulo,

152 3260 183 3306 et
202 3267 268 3322 pars
290 3252 350 3304 fldis
370 3258 481 3305 resecta
500 3250 590 3303 adhuc
611 3258 744 3304 consonat
765 3252 825 3305 toti.
868 3250 939 3304 Hinc
960 3249 1085 3303 oriuntur
1105 3250 1178 3303 tales
1200 3248 1273 3311 toni,
1305 3265 1356 3318 per
1377 3265 1445 3320 ques
1468 3247 1517 3301 im·

153 3332 273 3387 mediate
287 3331 360 3385 inter
378 3331 529 3384 canendum
544 3329 576 3384 iri
598 3339 700 3400 potest.
734 3332 838 3385 Contra
856 3331 928 3384 inter
950 3332 976 3394 b,
999 3331 1016 3383 h
1038 3328 1210 3383 semitonium
1232 3336 1284 3391 εει
1305 3346 1357 3398 per
1371 3330 1441 3400 quod
1463 3345 1518 3382 non

153 3414 210 3467 itur
231 3413 364 3465 canendo.
395 3410 472 3464 Telis
494 3426 601 3481 quoque
623 3420 667 3466 est
687 3410 748 3481 ejus
770 3410 877 3465 divisio.
918 3412 988 3466 Nam
1010 3409 1033 3463 si
1052 3411 1071 3463 b
1092 3409 1234 3464 dividetur
1255 3410 1284 3464 in
1305 3408 1359 3474 25,
1382 3411 1400 3463 b
1421 3411 1518 3462 durum

153 3492 208 3547 erit
228 3508 322 3545 earum
342 3492 463 3562 partium
485 3490 535 3552 24,
565 3497 595 3544 ει
621 3483 661 3552 Ἰ..
692 3509 744 3545 uon
772 3489 936 3544 consonabit
961 3507 1021 3543 cum
1047 3495 1109 3543 tota
1128 3490 1181 3543 fide
1204 3490 1251 3544 25.
1292 3490 1350 3542 Nec
1372 3505 1439 3542 sane
1460 3505 1517 3542 me·

152 3572 233 3637 mini,
264 3572 338 3626 latus
366 3570 672 3643 vigintiquinquanguli
700 3570 890 3625 demonstrari.
933 3571 1038 3624 Contra
1056 3586 1123 3639 pars
1149 3572 1160 3623 l
1187 3568 1352 3623 consonabit
1372 3585 1432 3622 cum
1452 3583 1517 3638 par·

153 3653 228 3708 tibus
250 3652 302 3716 24,
324 3653 372 3707 dcc
395 3669 477 3707 nerse
502 3649 548 3704 lm
573 3652 765 3721 respexistis
783 3666 890 3706 πασων.
931 3650 1002 3704 Nam
1023 3649 1197 3720 24-angulus
1225 3655 1270 3702 est
1290 3646 1518 3703 demonstrationi

155 3731 280 3804 propior,
304 3732 412 3786 scilicet
432 3731 455 3784 si
477 3738 676 3799 componuntur
697 3732 824 3804 trigonus
846 3740 876 3785 et
896 3737 1050 3802 octogonus
1072 3729 1100 3783 in
1120 3730 1215 3782 eedem
1235 3728 1346 3782 circulo.
1388 3728 1518 3800 Sequitur

153 3812 323 3883 comparatio
344 3813 379 3875 h,
402 3829 431 3875 c,
455 3827 578 3880 quaese
600 3828 707 3866 rursum
728 3812 842 3874 hebent,
864 3816 897 3864 ut
921 3811 956 3864 16
978 3812 1012 3863 ad
1038 3809 1082 3873 15,
1104 3816 1202 3879 estque
1223 3814 1305 3871 tonus
1326 3808 1421 3863 minor.
1463 3809 1517 3863 Sed

154 3912 209 3947 non
230 3892 321 3947 omnia
341 3907 500 3962 persequar.
543 3890 625 3945 Vides
647 3899 740 3947 autem
767 3908 896 3962 quorsum
922 3891 1049 3953 tendam,
1076 3907 1174 3959 nempe
1200 3896 1232 3942 ut
1252 3888 1342 3943 omnia
1362 3888 1517 3951 semitonia,

155 3983 250 4034 tonos,
271 3973 377 4035 dieses,
407 3990 444 4025 ex
465 3971 597 4025 divisione
617 3972 676 4026 fidis
699 3972 751 4026 tali
772 3974 902 4035 educam,
930 3987 1002 4041 quae
1023 3971 1130 4024 habeat
1150 3970 1314 4024 altemtram
1335 3969 1517 4023 conditionum

154 4055 268 4108 duarum
290 4069 376 4123 supra
396 4052 557 4122 positarum,
580 4058 609 4104 et
630 4061 763 4123 sequatur
783 4071 820 4106 ex
843 4052 936 4122 aliquo
957 4051 1083 4123 regulari
1103 4050 1188 4120 plano
1210 4049 1426 4113 demonstrabili,
1451 4064 1517 4118 quo·

154 4151 213 4188 rum
234 4141 314 4196 sunt,
337 4149 399 4186 mea
419 4131 527 4202 quidem
548 4133 690 4187 sententia
717 4151 771 4188 non
797 4132 982 4204 pluraquam
1003 4131 1169 4203 quindecim:
1199 4146 1270 4201 quac
1291 4130 1446 4199 designabo
1468 4143 1517 4179 nu-

154 4214 235 4268 meris
257 4219 287 4269 et
308 4214 335 4267 in
356 4214 462 4266 classes
484 4212 662 4284 distinguam.
705 4214 811 4267 Primae
833 4219 912 4267 tenet
932 4213 1127 4283 sexangulum.
1169 4209 1293 4264 Secundo
1321 4209 1381 4261 loco
1403 4213 1468 4261 sunt
1489 4204 1516 4267 3,

156 4295 308 4366 ⁴tangaris,
335 4292 418 4347 tertio
443 4293 641 4363 10·angulum,
670 4302 769 4367 quarto
792 4294 828 4357 5,
855 4293 971 4363 8·ang.,
1000 4294 1093 4362 quinto
1118 4290 1167 4352 12,
1193 4289 1237 4351 15,
1260 4288 1307 4350 20,
1323 4287 1376 4380 Ι24,
1399 4286 1445 4350 30,
1468 4286 1516 4348 40,

156 4374 208 4439 60,
230 4374 283 4439 90,
316 4373 501 4443 lto-anguls.
544 4373 622 4435 Quae
643 4390 705 4427 cum
727 4374 767 4427 ita
787 4376 858 4435 sint,
885 4372 1033 4427 difficultas
1054 4371 1120 4425 mihi
1141 4368 1271 4439 objicitur
1291 4367 1318 4420 in
1343 4368 1378 4421 16
1400 4366 1514 4437 angulo.

157 4454 266 4517 Quaero
287 4455 375 4526 igitur
395 4471 432 4508 ex
453 4461 481 4506 ιε
502 4454 632 4524 primum,
656 4470 692 4507 an
713 4453 774 4521 ejus
796 4453 894 4508 lateris
917 4452 953 4506 sit
973 4453 1067 4521 aliqua
1089 4449 1147 4505 alia
1167 4447 1382 4510 demonstratio,
1403 4454 1518 4516 praeter

158 4552 324 4589 communem
345 4534 422 4588 illam
443 4534 560 4588 omnium
580 4535 740 4605 spirarum,
765 4550 880 4603 quarum
901 4533 1077 4602 duplicentur
1097 4531 1196 4584 latera.
1238 4529 1309 4582 Nam
1331 4527 1353 4581 si
1374 4527 1453 4581 nulla
1474 4532 1518 4579 est

157 4615 222 4679 alia,
242 4616 393 4686 poterimus
408 4615 469 4684 pari
481 4614 555 4682 jure,
576 4614 600 4667 si
620 4630 686 4668 usus
708 4613 790 4675 ierat,
813 4612 945 4666 adbibere
968 4611 1015 4676 48,
1038 4611 1084 4675 80,
1107 4610 1154 4675 96,
1181 4609 1244 4673 160,
1269 4608 1333 4672 180,
1359 4607 1423 4672 192,
1446 4605 1516 4661 240·

157 4696 271 4767 angula,
293 4694 382 4750 etsie
403 4686 631 4766 consequenter]

170 4895 176 4908 .
227 4823 256 4886 *l
275 4824 488 4949 {fflfisstionqqr
505 4823 607 4887 menni,
630 4838 682 4891 qna
698 4825 776 4876 utitur
793 4822 918 4887 Ksplerns
935 4826 1031 4873 veteres
1049 4825 1166 4882 secatus,
1190 4834 1235 4871 nos
1257 4818 1403 4872 bodiemsm
1421 4832 1516 4871 assam·

157 4909 242 4949 umes.
343 4909 427 4949 .snn.
483 4932 490 4946 .
