3609 5634
757 367 959 422 mntrcilmnns
1083 383 1088 388 ·
1472 365 1539 434 w

147 480 272 582 erran
296 519 385 600 oe,
410 525 474 590 sos
496 525 527 589 rs
550 527 716 606 ssgsmoe
739 527 797 590 sn
819 535 986 590 movemur.
1032 527 1074 591 nr
1097 528 1138 589 ss
1161 527 1190 589 u
1213 527 1304 592 seru
1331 527 1362 590 u
1386 545 1532 608 surges,

149 607 212 669 erit
235 609 358 691 itaque
378 617 487 694 iuncta
508 614 581 678 Soli.
630 616 843 680 Transferatur
865 635 1032 696 apogaeum
1057 617 1181 698 ejusque
1210 618 1290 681 linea
1310 617 1379 691 ΕΗ,
1406 625 1541 679 centrum

149 716 197 760 sc.
223 703 406 765 eccentrici
428 705 473 778 N,
507 723 544 766 ex
567 723 602 766 eo
627 705 693 767 loeo
717 706 746 770 in
768 705 812 780 Ε,
843 707 942 787 sitque
972 707 1055 769 locus
1078 707 1206 787 apogsei
1230 707 1260 768 in
1284 708 1314 769 A
1342 707 1450 768 iterum
1475 725 1541 768 cnm

150 784 183 848 G
208 787 264 849 vel
291 788 324 852 L
341 791 426 856 Sole.
473 792 573 856 Stella
595 812 666 856 vero
690 802 847 857 moveatur
871 815 890 856 e
915 797 995 857 linea
1018 796 1144 875 apogaei
1169 797 1198 857 in
1220 803 1337 875 partem
1358 794 1540 857 contrariam

150 883 243 938 metu
269 881 537 956 commutationis,
562 902 599 946 ex
622 884 651 945 A
676 903 718 945 ac.
744 884 773 945 in
796 884 833 945 Β.
883 885 992 958 Patet,
1018 884 1096 964 qnod
1120 884 1282 964 quotannis
1306 883 1369 945 lere
1393 885 1488 945 semel
1510 884 1541 947 in

150 964 351 1046 perigaenm
375 970 497 1044 incidat,
523 972 583 1033 etsi
606 991 664 1033 non
689 972 727 1033 ad
747 974 903 1062 oppositas
920 981 1025 1052 partes
1040 974 1154 1035 zodiaci
1170 975 1291 1035 evadat.
1339 971 1409 1043 Qua
1421 973 1540 1034 ratione

151 1054 199 1129 tr,
225 1064 266 1118 ut
294 1060 341 1121 ad
366 1078 521 1122 accessum
545 1060 627 1123 Solis
651 1062 689 1123 ad
713 1063 897 1124 retollatur
921 1063 950 1123 in
975 1063 1078 1134 altum,
1104 1082 1170 1125 cunr
1194 1063 1360 1124 decedente
1374 1059 1447 1123 Sole
1470 1079 1539 1123 sese

153 1143 250 1207 durni
278 1148 442 1211 demittat·
487 1150 605 1212 Eadem
629 1168 699 1213 vero
714 1151 863 1232 Tychnnis
885 1171 1002 1232 qnoque
1022 1152 1206 1232 hypotheses
1229 1151 1352 1216 habena
1397 1148 1450 1212 Sic
1473 1168 1539 1211 curn

153 1234 458 1313 Apollonins‘dicit
479 1238 508 1299 D
532 1240 580 1300 vel
602 1239 646 1313 K,
668 1238 698 1301 G
721 1241 811 1302 velL
833 1238 946 1314 Solem,
971 1249 1003 1301 et
1026 1241 1069 1314 N,
1089 1241 1116 1302 Ε
1136 1248 1271 1302 centrum
1295 1238 1456 1302 eccentrici
1472 1257 1541 1300 esse

153 1323 187 1384 in
218 1326 344 1389 eadem
371 1327 465 1399 linea,
500 1328 602 1409 chhe
626 1329 714 1400 dicit,
740 1330 783 1401 N,
806 1329 834 1390 E
858 1338 992 1390 centrum
1017 1329 1175 1391 eccentrici
1205 1350 1273 1391 esse
1305 1330 1403 1408 ipsum
1427 1326 1540 1390 Solem.
1567 1383 1570 1389 .

156 1410 213 1486 Sic
239 1432 318 1477 cum
346 1416 420 1477 haec
443 1416 600 1495 Apollonii
623 1417 776 1480 sententia
799 1418 897 1481 locum
920 1418 1010 1481 aliter
1032 1420 1143 1480 habere
1167 1437 1226 1480 non
1250 1418 1357 1498 possit,
1382 1417 1440 1479 nisi
1455 1417 1542 1496 justa

156 1502 202 1562 sit
226 1504 401 1586 proportio
424 1505 477 1568 ΕΕ
501 1505 739 1568 eccentricitatis
762 1507 800 1568 ad
824 1505 881 1568 ΕΑ
905 1506 1022 1568 radium
1046 1509 1177 1570 eccentri
1201 1509 1307 1580 (aliter
1330 1507 1416 1586 jnsts
1439 1513 1541 1569 retra*

91 1665 97 1674 ἱ
159 1591 392 1670 gradationem
416 1594 572 1674 quantitas
594 1614 651 1658 non
676 1596 881 1669 conficietur),
910 1597 964 1658 liat
987 1597 1089 1675 utique
1113 1597 1142 1658 in
1167 1597 1258 1658 stella
1280 1595 1408 1669 Martis,
1433 1605 1466 1657 nt
1488 1593 1543 1656 ΕΡ

160 1684 369 1744 eccentricus
399 1691 485 1746 secet
506 1681 563 1754 Fu
593 1684 734 1761 circulum
761 1705 781 1747 a
811 1695 916 1747 centro
945 1686 1104 1748 eccentrici
1130 1686 1333 1766 descriptum:
1368 1683 1542 1765 id'qnidem

162 1790 203 1832 ex
229 1773 417 1851 anteponite
439 1772 645 1852 suppositione
660 1772 813 1853 Apollonii
835 1774 962 1836 firmiter
985 1775 1149 1837 deducitur.
1196 1774 1272 1838 Cum
1292 1775 1371 1836 enim
1384 1774 1439 1835 ΒΤ
1457 1780 1542 1835 recte

162 1859 263 1923 ducta
290 1862 336 1923 sit
359 1871 448 1926 extre
471 1867 605 1924 centrum
628 1862 654 1922 Ε
687 1871 719 1926 et
742 1863 804 1925 alia
827 1864 882 1925 AP
909 1881 964 1943 per
992 1873 1127 1926 centrum
1150 1865 1193 1941 Ε,
1227 1882 1319 1944 qnare
1343 1863 1400 1925 ΛΡ
1423 1860 1543 1942 longior

164 1949 227 2012 erit
263 1970 362 2031 quarn
384 1952 448 2013 BT.
495 1950 555 2012 Est
578 1960 679 2014 antem
702 1951 758 2013 AP
782 1952 882 2014 divisa
910 1953 1049 2015 bifariam
1072 1955 1102 2016 in
1126 1954 1153 2014 Ε
1177 1962 1295 2027 centro,
1330 1962 1362 2015 et
1383 1951 1438 2013 BT
1460 1948 1542 2013 inO

166 2057 208 2100 ex
236 2040 422 2121 hypothesi,
446 2059 537 2120 qnare
561 2059 615 2120 per
637 2060 822 2104 communem
846 2042 1073 2122 conceptionem
1098 2043 1252 2105 dimidium
1273 2042 1327 2104 ΕΡ
1351 2040 1473 2103 dimidiu
1487 2037 1544 2100 OT

167 2147 300 2208 quoqne
330 2129 429 2208 mains
460 2137 518 2192 est.
565 2130 723 2209 Amplius,
756 2150 823 2193 cnm
856 2152 876 2192 a
903 2134 1064 2210 punctoF
1092 2141 1179 2194 extra
1206 2140 1340 2193 centrum
1363 2130 1467 2193 circuli
1491 2126 1544 2191 ΟΡ

163 2212 330 2281 ducantur
352 2219 458 2292 hines,
492 2237 550 2280 una
573 2239 610 2280 ex
633 2227 737 2282 centro
760 2220 885 2282 veniens
908 2222 972 2296 FP,
997 2222 1094 2283 altera
1117 2241 1206 2284 secus
1229 2221 1294 2295 ΕΤ,
1319 2220 1488 2282 incidentes
1511 2216 1541 2280 in

169 2305 457 2372 circumferentiam
470 2307 544 2393 ⁸P'F3
569 2307 628 2370 erit
650 2308 702 2369 FT
725 2310 823 2388 major
846 2328 936 2389 qnam
955 2310 1015 2373 ΕΡ.
1061 2311 1131 2373 Jam
1155 2328 1247 2388 snpra
1270 2308 1390 2371 dixerat
1411 2307 1542 2386 Apollo·

170 2395 243 2478 nius
269 2394 328 2458 OT
359 2396 404 2462 sie
427 2415 495 2458 esse
528 2398 566 2458 ad
590 2398 657 2470 ΤΕ,
691 2406 724 2459 nt
751 2398 899 2461 velocitas
928 2400 1023 2462 centri
1052 2398 1212 2461 eccentrici
1246 2396 1386 2469 (Martis)
1413 2395 1471 2460 NE
1504 2394 1542 2456 ad

56 2551 61 2566 N
171 2485 373 2548 velocitatem
405 2486 514 2548 stellae
529 2506 589 2548 sen
621 2494 735 2553 motum
753 2487 996 2550 commutationis
1020 2489 1076 2551 AB
1107 2488 1136 2550 h.
1161 2507 1188 2548 e.
1213 2494 1248 2548 ut
1270 2482 1313 2549 59
1337 2487 1377 2548 ad
1400 2482 1444 2548 28
1467 2486 1541 2547 tere.

174 2570 256 2636 Onrn
287 2575 379 2654 igitur
406 2574 542 2653 ejusdem
573 2575 666 2637 totins
691 2577 730 2637 ad
754 2578 899 2656 majorem
928 2596 966 2638 ex
989 2575 1009 2638 2
1032 2577 1169 2656 partibus
1199 2575 1296 2637 minor
1319 2575 1361 2636 sit
1388 2573 1541 2652 propertio

174 2680 273 2743 quam
300 2665 340 2726 ad
362 2664 519 2738 minorem,
554 2663 611 2725 erit
643 2665 738 2744 major
764 2666 919 2746 proportio
944 2663 999 2727 OT
1022 2666 1061 2728 ad
1083 2666 1136 2728 FP
1168 2684 1257 2746 quam
1280 2661 1324 2729 59
1354 2664 1392 2725 ad
1416 2659 1476 2736 283
1510 2671 1543 2722 et

175 2771 309 2827 rursum,
335 2772 401 2814 cnm
426 2772 464 2815 ex
488 2753 604 2818 duabus
634 2754 797 2833 majoribus
827 2773 903 2833 qnae
929 2754 1047 2834 longior
1075 2762 1124 2816 est
1151 2754 1298 2832 majorem
1321 2750 1541 2833 proportionem

177 2839 297 2904 habent
320 2843 359 2903 ad
378 2842 532 2916 minorem,
557 2862 647 2922 quam
670 2862 746 2923 qnae
771 2843 909 2916 brevi0r3
943 2844 1040 2922 major
1062 2844 1154 2922 igitur
1177 2844 1237 2903 erit
1253 2842 1408 2922 proportio
1426 2840 1480 2902 ΕΡ
1502 2839 1540 2899 sd

179 2928 233 2994 PF
258 2949 348 3011 quam
372 2929 428 2992 OT
450 2933 488 2992 ad
512 2931 572 2993 PF.
619 2931 707 2994 Prius
730 2951 802 2994 vero
826 2940 858 2992 et
881 2929 1081 3006 0T2PF>
1099 2928 1236 2999 59:28,
1260 2931 1352 2993 multo
1368 2927 1459 3008 igitur
1472 2947 1540 2989 rna-

175 3017 227 3097 jor
256 3027 306 3081 est
334 3020 489 3100 proportio
518 3020 572 3081 ΕΡ
588 3040 595 3081 :
611 3019 662 3082 ΡΕ
694 3039 783 3101 quarn
812 3015 854 3084 59
871 3041 878 3081 :
894 3016 948 3083 28.
996 3019 1130 3101 Cumque
1159 3015 1201 3084 59
1218 3041 1226 3080 :
1242 3015 1286 3081 28
1312 3017 1468 3099 proportio
1500 3016 1543 3076 sit

179 3109 279 3187 major
302 3108 403 3187 dupla,
427 3108 523 3171 tribus
546 3108 639 3187 igitur
661 3110 830 3173 nominibus
853 3108 907 3170 ΕΡ
922 3130 930 3170 :
946 3110 998 3171 PF
1021 3111 1118 3189 major
1140 3109 1332 3189 proportione
1356 3106 1457 3186 dupla.
1506 3103 1541 3167 Si

179 3194 234 3258 ΕΡ
259 3198 327 3276 plns
351 3206 400 3259 est
422 3216 513 3279 qnam
536 3198 656 3275 duplum
671 3199 730 3273 PF,
757 3218 827 3279 ergo
842 3199 893 3261 PF
917 3200 1014 3262 minor
1028 3207 1077 3261 est
1099 3218 1188 3279 qnam
1204 3197 1357 3260 dimidium
1370 3195 1424 3257 ΕΡ
1447 3194 1540 3256 semi-

181 3284 322 3349 diametri
354 3286 493 3350 eccentr'n
541 3285 658 3350 Ablata
686 3288 777 3367 igitur
799 3289 851 3351 PF
882 3288 978 3351 nrinor
1008 3285 1135 3352 dimidia'
1164 3287 1307 3367 relinquit
1327 3286 1382 3350 ΕΕ
1415 3284 1464 3346 vel
1486 3285 1511 3347 Ε
1513 3283 1543 3355 Q

182 3377 340 3456 aequalem
369 3375 515 3455 majorem
545 3377 668 3439 dimidia
699 3387 795 3457 parte.
842 3379 949 3459 ltaque
973 3379 1024 3440 FP
1056 3378 1203 3440 distantia
1234 3377 1378 3457 perigaea
1407 3373 1544 3438 aTerra

182 3465 282 3528 minor
313 3472 361 3527 est
390 3464 446 3536 FQ
479 3465 703 3529 semidiametro
735 3467 854 3540 circuli,
888 3467 938 3547 qui
971 3475 1105 3529 centrum
1128 3465 1289 3529 eccentrici
1318 3465 1411 3526 vehit.
1458 3463 1542 3526 Idem

183 3561 286 3618 antem
318 3555 429 3617 asserit
456 3554 558 3635 Tycho
591 3555 629 3617 de
648 3556 767 3636 circulo
792 3563 818 3625 (ς
846 3564 971 3618 secante
995 3556 1138 3618 circulum
1164 3553 1215 3632 Θ.
1261 3554 1309 3616 Ex
1337 3554 1421 3616 hisce
1451 3552 1544 3631 igitur

184 3651 315 3723 apparet
337 3663 383 3717 ea,
410 3661 498 3724 qnam
522 3642 595 3719 dixi,
619 3644 759 3724 cognatio
783 3643 991 3725 hypothesium
1007 3645 1156 3726 Tychonis
1178 3663 1245 3706 cnm
1269 3641 1451 3723 geometrico
1468 3659 1543 3721 pre-

183 3733 316 3795 blemate
338 3731 502 3813 Apollonii.

272 3822 318 3884 At
341 3842 378 3884 ex
400 3822 448 3883 his
471 3830 573 3883 tamen
592 3820 721 3882 nondum
745 3820 880 3900 seqnitur
901 3820 946 3894 id,
977 3821 1054 3899 qnod
1078 3821 1107 3882 in
1131 3840 1225 3884 cansa
1247 3829 1406 3882 versatur:
1439 3819 1540 3898 Apol-

185 3911 296 3974 lonium
315 3911 499 3994 hypotheses
524 3909 655 3972 edidisse
672 3910 889 3972 astronomicas
914 3910 1048 3989 legitime
1072 3918 1105 3973 et
1117 3910 1236 3991 proprie
1251 3910 1296 3973 sic
1311 3911 1421 3982 dictas,
1445 3908 1541 3971 multe

185 4001 282 4066 minus
306 4000 445 4074 veroid,
471 4000 548 4080 qnod
567 3999 632 4061 sine
656 3999 734 4061 omni
758 3999 961 4062 haesitatione
985 4000 1189 4064 affirmaverat
1211 4001 1321 4074 Ursus,
1347 3998 1541 4078 Apollonium

124 4085 128 4090 “
185 4091 319 4153 secunda
343 4089 552 4152 immutatione
567 4088 864 4151 Aristarchianarum
889 4090 981 4164 iacta,
1005 4090 1083 4152 hanc
1109 4091 1234 4153 formam
1257 4077 1435 4171 systematis
1454 4105 1542 4148 mnu-

134 4257 137 4262 ⁴
186 4179 266 4252 dani,
292 4198 367 4259 qnae
391 4178 479 4240 hodie
503 4176 636 4260 'Fyohoni
660 4178 771 4257 placet,
794 4179 1008 4260 expressisse„
1039 4180 1172 4242 Primum
1197 4178 1275 4241 enirn
1292 4178 1378 4241 initio
1402 4194 1461 4238 nun
1485 4173 1543 4237 fuit

68 4333 80 4342 ,
185 4267 366 4348 Apollonius
388 4275 578 4331 astronomus
599 4267 804 4345 professione,
829 4269 884 4330 sed
902 4276 1075 4347 geometra,
1101 4270 1238 4349 quodque
1261 4264 1482 4329 demonstrarit
1505 4281 1544 4323 ex

186 4358 372 4420 astronomia
395 4364 612 4420 transsnmtnm
634 4356 803 4436 problema,
833 4356 864 4418 id
886 4377 945 4419 non
969 4358 1049 4436 ipse,
1078 4366 1112 4420 nt
1136 4356 1301 4419 astronomi
1324 4354 1449 4434 requirit
1471 4353 1541 4416 οὔ·
1640 4427 1646 4436 ⁸

186 4446 273 4521 dnm,
299 4447 337 4509 ad
362 4466 446 4508 nsum
471 4444 623 4518 adhibuit,
657 4451 691 4507 ut
719 4446 775 4507 hac
799 4455 937 4508 assumta
970 4447 1129 4528 hypothesi
1158 4447 1301 4526 planetae
1323 4444 1415 4506 ullius
1442 4451 1543 4504 motas

186 4554 224 4597 err
253 4535 514 4600 observationibus
547 4534 709 4596 deduceret
736 4543 767 4594 et
791 4535 1026 4610 demonstraret,
1056 4536 1110 4596 sed
1142 4534 1429 4597 demonstrationem
1461 4549 1542 4592 mere

185 4625 400 4702 geometricam
418 4626 457 4686 ad
481 4630 679 4698 astronomos,
705 4631 849 4702 tanquam
870 4625 998 4702 propola
1019 4624 1124 4684 claves
1148 4632 1201 4685 ant
1224 4622 1352 4685 securim
1376 4622 1416 4684 sd
1440 4619 1541 4683 arehi-

187 4720 285 4775 tectos
309 4713 421 4788 attulit,
447 4713 473 4776 si
498 4712 564 4792 quis
589 4721 680 4784 esset,
704 4712 788 4792 cujus
803 4710 907 4774 usibus
932 4713 992 4774 ista
1005 4712 1165 4775 servirent.
1211 4712 1338 4786 Deinde,
1363 4731 1429 4773 cnm
1443 4711 1541 4792 hypo-

186 4802 291 4864 theses
315 4801 532 4865 astronomicas
555 4820 647 4879 supra
670 4821 736 4865 cnm
760 4801 839 4863 Urso
864 4801 1054 4863 definiremus
1083 4811 1197 4864 certam
1225 4802 1357 4882 aliquam
1380 4802 1417 4863 de
1440 4798 1543 4862 mnndi

187 4893 283 4955 torma
314 4907 527 4976 cerpommqne
559 4892 734 4958 coelestium
767 4890 967 4977 dispositione
999 4891 1246 4976 conceptionem:
1281 4890 1434 4976 Apollonii
1466 4889 1543 4953 haec
