3609 5634
293 339 356 403 tto
805 339 918 404 remu
936 338 1138 407 unumque

289 506 519 602 optemperare,
554 502 694 562 11111111
726 499 815 560 medo
848 497 1010 571 distantia,
1042 499 1216 563 existiment
1248 501 1414 563 astronomi
1444 500 1502 563 ribi
1532 500 1657 563 abunde

292 588 495 653 satisfactum.

379 680 413 740 Iu
429 677 507 739 Jove
530 677 604 738 nibil
623 675 692 755 jure
716 676 882 738 desiderari
907 686 1018 756 potest.
1066 678 1144 739 Nam
1169 677 1309 757 exiguam
1324 678 1417 739 habet
1439 678 1653 751 111616111111,

293 776 384 849 atque
406 766 550 829 minorem
574 772 715 827 sextante
739 766 862 844 gradm.

378 855 467 928 Quod
499 862 599 916 autem
632 853 724 916 etiam
752 853 781 915 in
806 854 921 927 1111116Ι
941 852 1076 915 semissis
1104 855 1215 935 gradus
1248 854 1398 928 abundet,
1430 854 1502 917 nihil
1534 854 1651 931 mirum,

289 966 343 1009 nec
367 965 413 1007 me
439 952 559 1006 movet:
584 951 688 1004 movet
710 943 740 1005 id
764 943 874 1023 potius,
899 944 1043 1023 majorem
1067 961 1125 1005 non
1150 962 1217 1005 esse
1239 944 1459 1007 diversitatem.
1505 944 1653 1009 Testatur

290 1034 368 1096 euim
392 1034 420 1095 in
443 1033 632 1113 praefatione
655 1031 864 1111 Ephemeridis
887 1033 927 1094 ad
951 1051 1061 1094 annum
1087 1029 1170 1096 1577
1194 1033 1393 1095 Maestlinus:
1429 1032 1537 1095 sideris
1561 1033 1651 1112 hujus

289 1143 407 1187 errores
429 1144 449 1184 a
471 1122 587 1185 calculo
611 1121 692 1183 intra
715 1121 838 1183 duorum
862 1121 1010 1201 graduum
1032 1121 1191 1201 angustias
1214 1121 1281 1201 cogi
1306 1141 1364 1183 uon
1387 1140 1490 1201 posse.

375 1209 445 1273 Jam
474 1212 512 1272 ad
542 1208 747 1282 1116111119
777 1214 853 1287 etp
886 1210 965 1291 quod
995 1210 1122 1282 attinet,
1155 1209 1215 1272 etsi
1247 1229 1319 1289 prae
1342 1209 1546 1290 superioribus
1568 1229 1649 1273 uon-

288 1301 362 1362 nihil
386 1298 609 1363 commoditatis
633 1298 745 1359 habere
768 1299 924 1372 videntur,
953 1309 1116 1378 propterea
1139 1299 1218 1379 qnod
1241 1317 1280 1360 ex
1303 1299 1495 1378 ebngauoue
1515 1299 1651 1361 maxima

289 1389 408 1451 11111111
432 1397 496 1462 611,
525 1407 615 1467 quam
640 1406 677 1447 ex
699 1385 858 1469 ἀκροσηιᾳ
881 1387 1107 1462 observatione,
1135 1387 1268 1467 ipsorum
1291 1388 1380 1448 orbes
1403 1387 1548 1463 dimetiri,
1581 1389 1651 1467 lpaa

289 1488 391 1540 tamen
416 1475 596 1540 observandi
620 1475 671 1537 via
698 1475 770 1538 mibi
802 1485 945 1556 suspecta
968 1485 1026 1537 est.
1073 1474 1220 1546 Quamvis
1248 1476 1359 1538 rectius
1388 1477 1569 1538 astronomis
1592 1477 1649 1538 hoe

289 1566 510 1629 aestimandum
533 1564 683 1644 relinquo:
714 1584 820 1645 nempe
844 1574 943 1627 utrum
967 1584 1024 1627 non
1048 1564 1079 1627 in
1102 1565 1149 1627 bis
1171 1565 1304 1646 planetis
1328 1583 1472 1644 vaporum
1496 1565 1647 1627 densitate

227 1659 236 1688 ⁸
289 1664 321 1718 et
342 1656 469 1738 physica
491 1653 653 1734 parallaxi,
679 1672 767 1734 quam
791 1672 845 1715 nec
869 1652 923 1715 Sol
947 1673 1002 1714 nec
1026 1654 1114 1715 Luna
1137 1653 1257 1731 effugit,
1281 1653 1429 1715 interdum
1454 1653 1644 1726 lallantur⁸).

289 1742 382 1809 Certe
414 1742 596 1806 Maestlinus
625 1741 653 1803 in
684 1741 897 1822 Disputatione
931 1743 967 1803 de
999 1740 1189 1822 Eclipsibus,
1206 1736 1249 1815 ⁸²)
1272 1741 1350 1804 thesi
1379 1738 1433 1806 58.
1465 1742 1501 1804 16
1526 1743 1645 1805 Venere

289 1834 433 1906 affirmat,
459 1832 537 1912 quod
560 1850 618 1893 non
642 1850 710 1893 raro
734 1832 802 1892 visa
825 1831 917 1892 fuerit
939 1830 1005 1911 ejus
1029 1852 1048 1892 a
1070 1831 1142 1893 Sole
1173 1850 1265 1911 prope
1289 1831 1476 1894 horizontem
1499 1830 1646 1895 1111111111

289 1922 464 1984 notabiliter
487 1919 584 1982 minor
606 1939 689 1982 vera
737 1918 860 1990 Quanto
875 1920 973 1998 magis
996 1920 1027 1981 id
1051 1920 1088 1982 de
1106 1920 1257 1983 Mercurio
1281 1920 1340 1982 dici
1362 1920 1484 2000 poterit,
1510 1921 1560 2001 qui
1583 1921 1645 1983 1616

289 2028 409 2090 εοωπ
431 2009 487 2072 sub
503 2007 584 2073 Solis
607 2009 702 2071 radiis
726 2017 788 2081 est,
813 2019 844 2069 et
868 2008 1005 2089 quamvis
1028 2009 1177 2072 interdum
1198 2016 1345 2088 emergat,
1369 2016 1521 2089 nunquam
1546 2017 1646 2071 tamen

288 2100 345 2162 uisi
369 2118 462 2180 prope
485 2099 671 2160 horizontem
698 2117 753 2178 per
777 2098 969 2177 interjectam
991 2098 1216 2160 exhalationnm
1239 2097 1357 2177 copiam
1386 2107 1491 2160 111111
1513 2117 1547 2159 16
1569 2098 1646 2160 veut

287 2195 473 2269 praesentat
519 2187 561 2249 Et
583 2188 721 2267 quamvis
746 2186 862 2248 Veneri
885 2185 1069 2266 opitulentur
1093 2187 1169 2248 fixae
1197 2186 1283 2249 simul
1312 2195 1345 2248 et
1375 2202 1470 2265 prope
1492 2205 1644 2266 apparen-

288 2286 357 2353 tes,
380 2277 548 2339 Mercurins
576 2285 679 2337 tamen
708 2274 892 2355 frequentius
923 2275 954 2336 in
978 2275 1067 2354 culpa
1090 2284 1205 2350 manet,
1241 2275 1289 2356 qni
1315 2276 1381 2354 ipse
1414 2294 1483 2337 rare
1506 2274 1644 2351 cemitnr,

289 2373 321 2427 et
351 2366 448 2427 rarius
478 2366 555 2428 linae
584 2382 677 2444 prope
705 2364 812 2444 ipsum.
860 2362 995 2443 Cumque
1028 2364 1104 2426 haec
1127 2364 1216 2426 hodie
1240 2364 1398 2438 accidant,
1433 2363 1575 2426 credibile
1599 2371 1646 2425 est

291 2463 323 2517 et
345 2454 499 2515 veteribus
523 2454 758 2535 quantiscunque
787 2451 952 2514 artificibus
977 2452 1114 2514 accidere
1147 2453 1291 2532 potuisse.
1338 2454 1417 2515 Nam
1440 2454 1519 2534 quod
1549 2453 1645 2514 lecto-

290 2563 354 2607 rem
378 2542 415 2605 de
440 2562 475 2605 61
499 2562 557 2605 111
581 2550 712 2617 mouent,
736 2541 767 2604 id
789 2542 886 2621 ipsum
910 2541 1110 2621 suspicionem
1134 2542 1171 2603 de
1195 2541 1298 2604 horum
1316 2542 1506 2621 planetarum
1529 2542 1644 2604 dimen-

290 2632 423 2695 sionibus
446 2632 566 2694 vitiosis
590 2639 691 2711 auget
736 2631 802 2693 Hoc
826 2630 905 2691 euim
928 2629 1037 2693 indicio
1061 2639 1123 2705 est,
1155 2649 1209 2691 uec
1233 2632 1473 2693 animadversum
1497 2631 1569 2710 ipsis
1594 2650 1646 2692 uec

291 2728 459 2785 correctum
488 2740 571 2795 esse,
605 2720 632 2781 ei
661 2719 731 2800 qnid
764 2740 802 2781 ex
825 2738 860 2781 61
884 2718 949 2781 vitii
982 2719 1110 2781 exstitit.
1162 2716 1265 2791 Quare
1297 2722 1326 2783 in
1355 2719 1484 2782 lectione
1512 2727 1645 2783 veterum

290 2809 437 2890 imprimis
460 2809 658 2889 spectandum
681 2828 749 2871 esse
773 2816 856 2888 puto,
880 2815 980 2870 utrum
1003 2808 1187 2887 singularum
1201 2808 1454 2882 observationum,
1479 2827 1555 2888 qnae
1569 2809 1645 2871 alle-

288 2907 409 2978 111111,
432 2899 633 2960 instrumenta
656 2905 688 2958 et
712 2897 792 2958 modi
816 2896 883 2959 huic
907 2898 1003 2958 errori
1026 2896 1145 2958 obnoxii
1169 2916 1238 2959 esre
1262 2898 1425 2977 potuerint

377 2986 494 3049 Deinde
518 3005 576 3048 non
599 2986 708 3064 injuria
731 2996 848 3059 metuo,
881 2996 915 3047 ut
937 2988 1032 3048 multa
1055 2986 1152 3047 adhuc
1176 2986 1205 3047 in
1229 2987 1345 3048 ratione
1369 2985 1577 3068 hypothesium
1600 2984 1646 3047 his

289 3074 405 3137 duobus
438 3075 569 3154 planetis
601 3074 709 3135 relicta
740 3074 857 3135 incerta
887 3074 959 3137 sint.
1006 3073 1193 3154 Copernicus
1224 3076 1275 3149 (nt
1306 3074 1458 3154 colligitur
1490 3093 1528 3135 61
1558 3075 1646 3135 modo

176 3162 177 3165 ’
289 3163 392 3245 posita
414 3162 546 3234 Rhetici,
569 3171 601 3223 et
623 3162 702 3224 inira
725 3181 762 3223 ex
781 3162 936 3224 Maestliui
961 3163 1105 3242 epistola)
1127 3165 1195 3243 plns
1218 3164 1386 3225 Ptolemaei
1409 3164 1532 3243 placlta‚
1559 3180 1646 3243 quam

290 3252 532 3313 observationum
561 3251 775 3312 necessitatem
803 3260 925 3312 secutus
955 3262 1003 3314 cst
1033 3253 1062 3314 11
1087 3253 1280 3315 emendandis
1311 3253 1482 3314 inferiorum
1510 3251 1646 3313 11611111.

292 3338 360 3414 Qua
383 3339 412 3400 in
436 3359 468 3401 re
492 3358 549 3419 quo
573 3339 670 3400 minus
693 3338 871 3417 reprehendi
894 3348 1009 3419 posset,
1033 3340 1180 3404 Rhetious
1204 3342 1233 3403 in
1259 3361 1314 3402 sna
1336 3341 1508 3402 narratione
1532 3341 1645 3401 effecit:

274 3429 341 3493 ubi
373 3436 487 3502 monet,
522 3428 750 3507 religiosissime
781 3437 916 3489 veterum
950 3429 1088 3508 vestigiis
1123 3429 1335 3493 inhaerendum
1367 3449 1421 3491 uec
1456 3429 1543 3491 111116
1577 3429 1646 3509 1111

217 3596 220 3603 ⁴
290 3518 477 3591 mutandum,
512 3516 606 3578 donec
636 3517 880 3579 observationum
914 3518 1049 3579 extrema
1074 3519 1244 3581 necessitas
1270 3528 1389 3599 urgeat
1437 3515 1526 3589 Quod
1554 3517 1647 3597 igitur

251 3647 253 3651 -
290 3607 366 3667 adeo
390 3606 558 3687 exquisitae
582 3605 809 3668 observationes
834 3606 937 3668 heberi
961 3625 1017 3667 non
1041 3616 1181 3686 possent,
1212 3629 1249 3669 ea
1273 3608 1403 3669 fortasse
1436 3606 1511 3669 satis
1536 3624 1647 3685 magua

290 3714 384 3756 causa
411 3693 468 3756 1111
490 3693 597 3775 artifici
620 3694 869 3773 prudentissimo,
901 3705 1024 3774 praeter
1051 3697 1359 3759 accommodationem
1388 3692 1505 3757 ad'sua
1534 3695 1648 3775 placita

290 3782 365 3844 nihil
386 3783 511 3845 ulterius
535 3783 565 3843 in
588 3784 728 3862 planetae
751 3783 842 3845 hosce
866 3784 1012 3846 tentandi.
1093 3842 1098 3846 .

378 3869 467 3942 Quod
496 3872 587 3951 igitur
617 3871 647 3933 in
675 3872 795 3934 Venere
828 3890 969 3951 magnam
990 3873 1078 3934 11161
1100 3892 1222 3935 arcuum
1250 3873 1468 3946 diversitatem,
1504 3872 1569 3951 ejas
1602 3872 1647 3933 rei

289 3960 409 4038 culpam
434 3961 514 4021 inter
542 3967 658 4036 cetera,
691 3979 767 4040 quae
790 3960 819 4021 in
843 3979 953 4040 genere
975 3962 1137 4040 praemisi,
1165 3964 1259 4041 (quae
1291 3974 1322 4024 te
1350 3963 1443 4042 probe
1476 3962 1646 4025 meminisse

289 4048 413 4123 velim),
443 4049 534 4111 etiam
557 4049 587 4110 in
615 4048 689 4110 haec
716 4050 805 4110 modo
833 4050 968 4129 allegata
995 4050 1175 4113 offendicula
1202 4053 1319 4126 corlon
1353 4060 1385 4114 et
1412 4050 1647 4130 magnitudinem

248 4135 253 4143 '
291 4136 458 4200 discordiae
483 4136 718 4218 aequiahmitate
741 4145 810 4210 tua,
842 4138 869 4199 si
892 4140 967 4200 bene
992 4138 1112 4218 singula
1134 4141 1335 4220 perpendisti,
1365 4140 1455 4203 111116
1479 4138 1644 4217 superabis

290 4223 360 4297 Qua
382 4227 412 4288 in
435 4247 468 4289 re
491 4245 600 4307 magno
624 4226 680 4288 tihi
704 4224 813 4288 solatio
838 4227 910 4302 erit,
944 4228 1024 4308 quod
1047 4247 1188 4291 numerus
1213 4227 1438 4309 Gopernieanus
1462 4229 1577 4291 medius
1600 4236 1648 4293 eet

289 4315 479 4379 interserens
503 4314 745 4394 exinterposita
773 4323 804 4378 61
832 4334 870 4378 ex
892 4316 1005 4379 omissa
1029 4316 1116 4379 Luna
1142 4318 1337 4397 prodeuntes.
1383 4318 1462 4382 Nam
1492 4318 1519 4378 si
1547 4318 1647 4381 orbem

290 4422 431 4483 magnum
453 4412 619 4487 systemate
643 4405 748 4467 Lunae
772 4404 901 4468 sarcias:
929 4404 1105 4469 icosaedron
1123 4406 1274 4469 Venerem
1297 4408 1415 4485 lougius
1438 4428 1457 4468 a
1481 4407 1576 4468 Terra
1599 4406 1646 4468 di-

288 4500 390 4555 movet
412 4501 502 4574 atque
526 4491 711 4573 (lopernicns
735 4494 884 4573 prodidit:
910 4494 957 4558 sin
981 4504 1103 4557 exemto
1118 4496 1204 4558 Luna
1227 4496 1393 4561 tenuiorem
1412 4495 1529 4559 allicias
1548 4495 1647 4557 orbem

290 4599 445 4659 magnum,
469 4583 566 4661 ligura
588 4583 741 4645 Venerem
764 4583 882 4647 nimium
906 4602 998 4664 prope
1022 4584 1171 4658 admittit,
1194 4585 1407 4665 majoremque,
1436 4578 1523 4665 quain
1548 4583 1645 4647 11111

290 4666 467 4747 Copemioo,
492 4688 559 4731 esse
582 4671 706 4750 patitur.
753 4670 856 4743 Quare
884 4674 997 4753 aliquid
1021 4673 1120 4736 minus
1142 4674 1231 4736 Luna
1252 4693 1315 4736 rem
1334 4675 1444 4753 jurare
1466 4674 1593 4753 poterit,
1623 4672 1646 4735 si

290 4757 437 4820 tenendus
461 4754 647 4835 Copemicas
670 4769 728 4823 est.

378 4844 425 4906 De
447 4846 596 4909 Mercurio
618 4866 690 4909 vero
713 4856 830 4911 tautum
849 4848 917 4929 jam
941 4849 1053 4913 dictum
1077 4857 1139 4923 est,
1171 4850 1288 4931 dicique
1312 4850 1442 4931 amplius
1464 4858 1582 4929 potest,
1616 4858 1648 4911 ut
