3609 5634
1152 246 1162 279 Ι

767 349 932 403 ltroomrau.
1480 346 1523 414 55

127 501 169 602 de
194 500 267 565 hac
294 524 364 569 ra:
386 516 421 571 at
443 509 514 591 quic
534 508 715 589 perturbate
734 510 797 573 s'mt
818 510 955 586 consilia,
978 514 1102 590 propter
1124 510 1266 591 expirans
1287 509 1433 572 salomom
1446 507 1523 593 Sty·

128 608 261 653 uacum
291 596 494 669 (renuntiavi
522 598 620 672 enim,
653 599 750 662 iturus
776 599 808 661 in
833 599 964 680 petriam
992 606 1025 660 et
1048 598 1139 661 alium
1161 598 1312 662 dominnm
1336 599 1524 678 quaesiturus

130 681 256 756 libere)
286 686 412 749 suadet
433 688 634 758 vehementer,
660 698 693 750 ut
715 688 827 755 omissa
841 687 1076 767 Wirtembergia
1098 686 1323 751 inBobemiam
1345 706 1434 768 quarn
1456 688 1523 770 pri-

129 786 221 832 mum
249 777 413 841 venirem.
459 778 596 841 Incertus
619 778 736 840 haereo.
782 776 835 841 Sic
859 785 959 841 tamen
982 777 1127 853 meditor,
1155 778 1292 841 Linciurn
1315 776 1359 838 ire
1383 796 1449 839 cum
1474 778 1523 841 ia-

129 860 235 933 milia,
265 864 380 947 esque
404 866 445 931 ibi
468 868 576 932 relicta
595 868 726 948 Pragem
750 876 854 948 petere
876 868 970 940 solus,
993 875 1025 929 et
1043 886 1099 949 quo
1123 868 1189 930 loco
1213 868 1268 930 sim
1293 867 1419 942 foturus,
1445 868 1526 949 quod

130 948 319 1016 habiturus
347 957 501 1037 salarium,
525 976 614 1038 quam
635 976 719 1039 spem
737 958 801 1038 ejus
820 956 1025 1039 extorquendi,
1049 957 1233 1036 provisurus,
1257 963 1400 1037 qnantum
1423 955 1525 1019 divina

130 1040 249 1117 gratia
277 1045 364 1109 mibi
386 1045 554 1110 indulserit.
592 1047 646 1109 'At
668 1047 693 1108 si
717 1065 828 1128 magna
851 1047 912 1109 sint
934 1047 1121 1108 incommoda
1144 1047 1257 1122 fotura,
1285 1062 1424 1107 reversus
1446 1046 1524 1108 Iin-

129 1131 221 1193 cium
250 1152 336 1199 cum
360 1137 477 1201 familia
498 1154 551 1216 per
573 1135 744 1199 Danubium
766 1136 805 1198 ad
827 1154 882 1197 vos
906 1136 1100 1211 contendam,
1124 1136 1190 1198 Deo
1213 1135 1307 1198 vitam
1329 1144 1522 1215 prorogante.

130 1221 339 1287 Medicinae
353 1245 472 1289 cursum
486 1225 674 1304 auspicabor,
699 1225 811 1288 dabitis
828 1225 900 1287 mihi
915 1226 1046 1288 sortasse
1059 1224 1347 1305 professionculam:
1372 1224 1443 1304 quia
1457 1244 1524 1287 me·

133 1310 279 1374 hercule
310 1334 352 1377 ex
374 1316 467 1378 divite
490 1314 520 1376 in
543 1332 597 1395 spe
620 1315 720 1377 sactus
743 1334 808 1378 snm
830 1315 1036 1395 pauperrimus
1054 1333 1087 1377 re
1106 1314 1181 1396 ipsa
1213 1315 1346 1378 Uxorem
1360 1313 1439 1376 enim
1453 1314 1525 1376 duxi

134 1419 178 1461 ex
193 1400 371 1484 locuplete
386 1405 492 1480 domo;
515 1404 600 1484 cujus
620 1397 687 1465 tote
705 1405 845 1485 cognatio
868 1404 898 1467 in
922 1405 1028 1467 eadem
1051 1411 1100 1467 est
1121 1404 1200 1467 navi.
1233 1405 1279 1467 At
1301 1411 1369 1465 tota
1391 1403 1524 1483 ipsorum

132 1490 342 1554 substantia
364 1502 413 1556 est
433 1494 463 1557 in
487 1492 695 1568 immobilibus,
720 1513 796 1575 qnae
818 1502 888 1556 sont
911 1492 1075 1569 vilissima,
1099 1493 1188 1556 immo
1212 1512 1248 1555 ne
1273 1492 1523 1583 quidem'vendi-

132 1578 232 1643 bilia.
296 1580 412 1665 Omnes
434 1582 495 1646 illis
517 1581 634 1644 inhiant
656 1582 722 1644 sine
739 1583 853 1664 pretio.
897 1582 1030 1661 Centum,
1050 1582 1128 1645 enim
1152 1591 1202 1647 est
1224 1583 1345 1645 decreto
1368 1581 1522 1662 principis,

134 1688 178 1729 ue
208 1670 291 1750 quis
319 1692 357 1733 ea
379 1672 466 1748 bone,
491 1691 567 1754 qnae
589 1689 648 1733 uon
671 1671 840 1736 vendiderit
863 1673 945 1735 intra
966 1668 1009 1734 45
1033 1671 1108 1745 dies,
1132 1671 1222 1735 alicui
1244 1670 1396 1752 pontificio
1420 1671 1521 1734 locare

134 1758 265 1837 possit.
308 1759 387 1824 Sunt
400 1762 475 1823 hacc
491 1761 609 1843 quidem
633 1760 748 1840 gravia.
787 1760 831 1824 At
848 1780 906 1823 non
926 1761 1131 1837 credidissem,
1156 1762 1231 1823 adeo
1256 1761 1342 1822 dulce
1366 1779 1444 1836 esse,
1468 1779 1522 1841 pro

137 1847 322 1926 religione,
345 1869 399 1931 pro
419 1849 535 1915 Christi
557 1851 685 1926 honore,
709 1870 776 1913 oum
799 1850 983 1931 aliquantulo
1007 1860 1095 1914 coetu
1119 1852 1244 1915 fratrum
1268 1850 1387 1925 damna,
1413 1857 1522 1912 contn-

138 1938 267 2001 nelias
295 1940 372 2019 pati,
396 1941 509 2014 domos,
534 1957 634 2017 agros,
659 1939 785 2015 amicos,
812 1940 943 2021 patriam
966 1940 1115 2003 deserere.
1162 1939 1198 2003 Si
1221 1954 1324 2002 verum
1347 1940 1523 2021 martyrium

141 2036 177 2088 et
203 2027 303 2091 vitae
321 2029 444 2109 jactura
466 2028 660 2109 proportione
684 2030 812 2110 quadam
835 2029 1014 2110 respondet,
1044 2038 1078 2091 ut
1100 2049 1157 2111 quo
1181 2030 1278 2111 majus
1302 2030 1442 2092 damnum
1464 2029 1522 2092 hoc

142 2116 254 2197 major
281 2118 403 2181 laetitia
424 2120 485 2182 sit:
519 2117 606 2181 facile
635 2126 682 2180 est
705 2130 737 2181 et
758 2118 833 2182 mori
855 2137 910 2200 pro
934 2118 1088 2198 religione.
1135 2118 1198 2183 Sed
1225 2120 1300 2181 baec
1329 2118 1439 2193 fusius,
1471 2117 1523 2181 ubi

144 2207 402 2271 convenerimus.
448 2207 517 2271 Non
544 2226 631 2270 cesso
660 2216 759 2271 tamen
788 2207 896 2271 luctari
925 2216 956 2270 et
983 2226 1049 2270 cunr
1078 2208 1273 2272 incommodis
1296 2208 1522 2289 temporalibus,

145 2303 182 2357 ut
208 2295 320 2357 banno
345 2297 455 2371 solvar,
479 2316 516 2359 ne
540 2296 724 2359 decimentur
746 2298 825 2360 bona
847 2297 949 2361 uxoris
974 2316 1078 2360 meae:
1103 2305 1279 2379 argumento
1300 2318 1318 2358 a
1338 2316 1406 2360 mea
1428 2296 1522 2359 resti-

146 2383 281 2446 tutione
305 2395 404 2466 capto,
429 2405 465 2459 ne
489 2387 531 2448 sit
554 2405 591 2448 ea
613 2386 684 2448 mihi
708 2388 805 2449 fraudi
828 2385 937 2467 potius,
963 2405 1053 2467 quam
1075 2388 1163 2451 bono.
1201 2388 1280 2450 Nam
1300 2387 1327 2448 si
1343 2392 1413 2448 ante
1433 2386 1521 2448 bien-

148 2472 240 2535 nium
267 2493 326 2535 non
350 2475 518 2549 rediissem,
543 2474 771 2538 decimationem
786 2474 958 2556 effugissem
972 2482 1003 2537 et
1018 2477 1114 2538 multa
1132 2477 1201 2539 alia.
1239 2475 1291 2537 Sic
1311 2483 1382 2536 sont
1404 2474 1523 2558 &pepon

150 2560 270 2643 ἄδωρα
294 2569 387 2642 dopo,
412 2564 516 2645 etqui
540 2573 623 2626 amat
644 2566 773 2647 patriam
797 2566 943 2638 ebbone,
969 2564 1089 2627 amittet
1111 2566 1183 2628 illa:
1209 2565 1289 2647 qnod
1312 2563 1384 2626 mibi
1408 2564 1455 2626 fas
1480 2562 1521 2625 sit

151 2652 185 2712 in
211 2653 296 2714 hunc
319 2671 440 2715 sensum
464 2655 651 2734 detorquere.
689 2656 735 2717 To
757 2654 783 2716 si
807 2672 853 2716 me
877 2655 914 2717 de
938 2653 1027 2716 rebus
1051 2653 1200 2736 aliquibus
1219 2654 1377 2717 certiorem
1395 2653 1521 2716 reddere

153 2739 218 2816 vis,
244 2741 382 2803 Lincinm
405 2743 491 2805 mitte
512 2743 617 2805 literas
637 2743 677 2805 ad
695 2743 850 2807 emeritum
864 2751 1012 2805 rectorem
1027 2743 1245 2807 Memhardum.
1279 2743 1352 2806 Inde
1371 2742 1402 2803 in
1416 2743 1520 2805 Bobe-

157 2829 257 2892 miam
274 2831 361 2893 «mitti
383 2840 532 2912 poterunt,
557 2838 611 2894 ent
632 2834 717 2895 uxori
741 2852 827 2895 meae
852 2833 944 2895 tradi.
991 2833 1069 2895 Vale
1093 2842 1126 2896 et
1147 2853 1202 2914 pro
1226 2832 1312 2894 nobis
1336 2850 1398 2894 ora.
1445 2850 1448 2857 ·

253 2915 285 2983 9.
313 2915 362 2983 19.
387 2920 474 3002 Sept.
499 2917 596 2987 1600.
810 2921 849 2985 H.
874 2922 910 2984 T.
958 2920 1044 2985 Gret
1070 2921 1233 3004 discipulus
1338 2944 1341 2951 ’

1220 3011 1266 3074 Μ.
1289 3010 1323 3075 J.
1345 3004 1475 3091 Kepler.
1534 3048 1539 3055 ·

755 3148 939 3163 m

765 3258 799 3322 S.
823 3260 858 3324 P.
883 3260 922 3322 D.

254 3363 376 3428 Literas
394 3373 473 3439 tuas,
499 3361 672 3426 Clarissime
691 3365 746 3439 vir,
769 3366 954 3447 Praeceptor
972 3366 1154 3440 honorande,
1179 3362 1213 3428 eo
1234 3366 1292 3442 die,
1316 3384 1373 3447 qoo
1388 3365 1520 3446 Pragam

163 3454 244 3529 veni,
269 3472 312 3515 sc.
337 3451 367 3519 9.
395 3450 446 3518 19.
471 3450 540 3516 Oct.
565 3453 695 3534 scriptas
719 3456 788 3527 (eae
812 3455 967 3518 Maestlini
990 3456 1097 3518 literae
1121 3455 1254 3530 desunt),
1280 3454 1382 3536 accepi
1400 3453 1520 3534 Pragee

163 3539 196 3604 9.
222 3542 406 3605 Decembris.
451 3542 532 3605 Nam
558 3543 602 3605 ita
629 3552 810 3606 convenerat
837 3563 903 3609 cum
931 3543 1116 3624 Schillingo‚
1150 3555 1183 3607 ut
1210 3544 1308 3607 Lincii
1338 3542 1521 3623 relinqueret

164 3632 288 3706 literas,
312 3633 336 3694 si
362 3652 408 3695 me
433 3629 541 3694 Gratio
566 3631 742 3694 discessisse
766 3633 865 3696 Lincii
888 3633 1095 3713 comperisset.
1143 3632 1277 3715 Cumque
1300 3652 1347 3695 me
1371 3640 1520 3714 quartana

91 3780 103 3795 ,
165 3722 312 3784 invaserit
333 3722 363 3783 io
386 3721 502 3796 itinere,
528 3720 585 3784 dici
610 3741 668 3799 non
691 3730 809 3804 potest,
834 3741 923 3803 quarn
944 3722 1188 3785 melancholioum
1212 3722 1283 3786 mihi
1306 3739 1520 3808 parqusmum

83 3842 87 3851 ·
166 3811 321 3877 effecerint
341 3818 412 3873 tuae
435 3810 556 3887 literae,
584 3812 662 3891 qnod
690 3830 807 3874 omnem
835 3812 911 3873 adeo
940 3810 1078 3891 spemin
1105 3812 1262 3875 academia
1289 3818 1393 3873 vestra
1415 3810 1517 3891 proci-

167 3900 284 3962 derunt.
315 3898 396 3963 Nam
410 3901 457 3962 bic
472 3900 590 3980 Pragae
612 3901 712 3963 inveni
735 3901 836 3963 omnia
857 3900 1056 3963 incertissima
1079 3910 1111 3963 et
1134 3902 1170 3963 de
1189 3920 1254 3963 meo
1277 3903 1366 3964 vivo:
1391 3919 1517 3962 manen-

168 3990 236 4051 dum
254 4008 325 4051 vero
345 3990 414 4053 dum
432 3990 642 4051 convalescam
658 3997 711 4051 aut
724 3990 842 4053 moriar.
876 3988 987 4053 Omnia
1011 3990 1175 4075 quadruplo
1200 3999 1271 4053 sunt
1291 3989 1399 4071 pretio.
1434 3989 1518 4050 Tan-

168 4088 230 4141 torn
248 4080 354 4142 uxoris
377 4099 424 4142 me
448 4079 579 4153 miseret,
605 4097 693 4160 quem
717 4098 832 4143 mecum
854 4079 962 4143 habeo.
995 4080 1126 4161 Pragam
1140 4099 1210 4143 vero
1226 4081 1274 4156 ivi,
1299 4088 1352 4141 aut
1369 4086 1404 4141 ut
1425 4096 1518 4158 prac-

169 4177 281 4231 sterem
295 4168 428 4252 Tycboni
442 4169 521 4251 qnod
542 4168 675 4249 promisi,
699 4169 727 4232 si
749 4170 846 4232 victus
870 4170 967 4244 detur,
992 4176 1045 4232 ant
1067 4179 1101 4232 ut
1121 4169 1348 4251 praecipuarum
1371 4168 1518 4230 observa·

170 4258 282 4320 tionum
304 4276 426 4338 compos
449 4261 559 4321 fierem.
607 4258 643 4321 Id
672 4258 713 4320 ad
738 4259 889 4322 minimum
918 4278 1017 4340 spero.
1064 4257 1099 4322 Si
1123 4279 1253 4341 unquam
1275 4259 1314 4320 ad
1342 4265 1373 4318 tc
1397 4256 1434 4318 de
1458 4255 1518 4317 tuis

170 4347 305 4428 epistolis
327 4346 515 4428 publicandis
538 4347 656 4430 scripsi,
680 4367 727 4411 me
751 4349 846 4429 ipsum
869 4349 1061 4411 vehementer
1083 4350 1183 4425 miror,
1207 4350 1294 4409 unius
1316 4347 1407 4408 horae
1430 4344 1518 4424 Kep-

170 4437 261 4498 lerum
284 4437 360 4499 adeo
387 4435 538 4500 diversum
565 4457 633 4501 esse
661 4436 699 4500 ab
727 4438 855 4500 omniurn
882 4438 1022 4500 horarum
1044 4437 1188 4517 Keplero.
1234 4437 1409 4516 Nunquam,
1440 4434 1520 4512 quod

170 4526 271 4598 sciam,
297 4527 427 4589 animum
449 4526 566 4600 induxi,
594 4535 628 4589 nt
650 4526 682 4589 id
705 4526 849 4602 iacerem,
874 4546 1024 4608 nonquam
1047 4525 1118 4588 mibi
1142 4545 1206 4589 mos
1228 4526 1287 4588 iste
1310 4523 1436 4605 placuit,
1462 4542 1518 4585 nec

171 4616 324 4677 verborum
347 4614 474 4678 memini.
521 4617 567 4678 Ac
591 4634 702 4697 quaeso
724 4615 831 4691 verba,
859 4624 991 4695 tempus,
1020 4617 1134 4691 locum,
1163 4615 1211 4677 vel
1233 4614 1335 4696 potins
1357 4613 1519 4695 epistolam

170 4711 264 4765 totam
287 4706 326 4766 sd
347 4724 395 4768 me
418 4704 513 4768 mitte.

258 4793 303 4855 De
326 4794 385 4856 filio
409 4794 463 4858 tibi
488 4792 632 4859 condoleo
656 4811 693 4854 ex
716 4790 823 4865 animo,
849 4792 903 4853 sed
927 4811 985 4853 non
1009 4792 1124 4854 infirma
1146 4810 1200 4879 spe
1223 4811 1298 4866 sum,
1323 4791 1374 4853 obi
1396 4790 1517 4868 viderit,

172 4892 284 4963 quanta
297 4882 541 4951 incommoditate
554 4882 673 4947 vivetur
687 4881 766 4967 apud
781 4888 911 4961 exteros,
936 4881 1109 4956 rediturum,
1133 4889 1186 4944 aut
1203 4880 1230 4944 si
1247 4880 1375 4949 maxime
1388 4880 1520 4945 servitia
