3609 5634
737 375 821 432 mos·
839 376 954 428 suom
1459 370 1527 440 28³

164 540 231 611 lege
244 537 427 608 Gopernicnsr
450 539 609 602 cecidetis,
634 544 765 609 quantum
785 538 862 594 absit
875 536 1043 607 Copernicus
1064 536 1102 590 ab
1117 535 1179 590 Ursi
1198 535 1349 592 mnmntia
1390 537 1472 592 Alter
1492 537 1526 592 ds

164 619 258 689 caepis
272 617 404 689 loquitur,
420 619 494 672 alter
508 621 541 672 de
556 618 628 673 aliis.

241 697 304 753 Lib.
323 699 357 752 V.
379 714 441 767 cap.
467 697 514 752 35.
565 698 732 769 Cepernicus
755 715 789 751 eo
813 698 873 751 loco
895 694 1018 750 meminit
1038 695 1179 764 Apollonii
1203 701 1234 749 et
1255 698 1351 749 eadem
1373 696 1407 748 de
1431 694 1527 754 eodeni

161 778 241 839 dixit,
257 794 330 848 quae
344 779 520 832 Ptolemaeus
534 778 594 832 Lib.
610 779 672 833 XII.
687 794 749 847 cap.
768 780 799 842 l,
821 779 855 831 de
869 793 923 847 quo
938 776 998 829 loco
1013 774 1052 828 sic
1071 776 1136 830 mihi
1155 775 1280 829 videtur:
1310 775 1441 830 monitum
1463 789 1526 828 esse

162 859 262 914 Ursum
286 860 435 929 aquodam
458 858 677 930 intelligentiori,
699 874 780 930 quem
800 864 844 912 ast
867 856 927 925 ipse
941 855 1036 917 Ursus,
1062 863 1176 910 exstare
1198 854 1303 925 aliquid
1318 853 1527 924 Tyohoniaannr

161 939 190 993 ia
203 938 367 1010 Ptolemaeo
382 940 433 991 sub
448 938 555 992 nomine
568 939 719 1008 Apollonii.
763 938 860 992 Ursum
874 952 948 997 roro,
973 935 1052 989 nimis
1067 935 1094 989 in
1109 935 1152 989 his
1166 935 1249 989 rebus
1271 934 1389 996 facilem,
1414 941 1526 988 conten·

161 1025 220 1072 tnm
235 1017 278 1081 iis,
302 1034 374 1087 quae
388 1036 424 1072 ex
435 1020 530 1072 eodem
544 1018 704 1073 Ptolemaeo
719 1017 885 1087 Copernicus
900 1016 996 1077 hahet,
1020 1032 1054 1067 eo
1069 1017 1140 1084 quod
1161 1014 1214 1084 ipsi
1237 1014 1358 1068 maxime
1372 1015 1407 1068 ad
1421 1014 1526 1067 calum·

161 1098 235 1152 niam
251 1099 401 1152 texendam
424 1106 606 1168 opportunum
622 1108 685 1153 erat
705 1097 866 1168 praeterito,
889 1094 956 1165 quia
970 1094 1162 1148 Ptolomaeum
1177 1093 1254 1147 adire
1269 1111 1325 1147 non
1338 1093 1450 1148 vacavit
1463 1093 1525 1162 ipsi,

162 1178 313 1246 arripuisse
327 1178 363 1240 id,
386 1180 456 1249 quod
471 1180 555 1248 plane
569 1180 691 1232 alienum
705 1185 749 1232 est
764 1179 800 1231 ab
814 1176 950 1231 hocloco.
998 1175 1077 1228 Duae
1091 1182 1156 1230 sunt
1174 1174 1279 1228 formae
1293 1172 1425 1227 lemmatii
1439 1172 1526 1242 Apol-

161 1256 277 1322 loniani,
300 1258 427 1322 alterum,
452 1260 485 1311 de
507 1276 560 1329 quo
575 1259 740 1329 Copernicus
755 1265 785 1311 et
798 1275 834 1311 ex
850 1273 883 1308 eo
900 1255 984 1308 Ursus
1007 1255 1170 1325 loquuntur,
1195 1253 1387 1326 nihilomagis
1409 1252 1478 1306 facit
1490 1253 1526 1305 ad

161 1345 281 1392 mentem
296 1337 357 1391 Ursi
381 1344 432 1392 aut
444 1338 614 1408 hypothesin
629 1338 775 1410 Tychonis,
802 1352 883 1408 qnam
905 1350 992 1403 supra
1010 1333 1069 1404 ipse
1085 1333 1265 1403 Copernicus.
1306 1334 1409 1389 Senem
1432 1331 1460 1386 in
1473 1331 1527 1384 hoc

161 1419 303 1471 schemate
339 1417 511 1486 exprimitur.
549 1423 574 1473 A
603 1420 690 1473 Terra
726 1418 773 1472 im·

161 1497 284 1562 mobilis,
326 1498 377 1551 BD
412 1499 599 1552 conceptricus
632 1500 772 1568 planetae,

160 1577 207 1647 qui
221 1577 250 1629 in
263 1581 280 1640 t
295 1576 333 1631 30
355 1577 434 1631 annis
451 1578 609 1632 restituitur
622 1577 670 1632 duc.
702 1578 774 1631 Nam

158 1656 325 1725 Apollonius
343 1657 463 1726 putarit,
484 1660 589 1713 nullam
611 1659 695 1712 aliem
709 1659 773 1712 suh·

158 1751 220 1788 csse
255 1736 485 1807 inaequalitatem
520 1739 654 1808 planetis,
693 1754 775 1809 qnam

103 1809 119 1829 “
158 1815 244 1877 illam,
270 1832 341 1886 quae
363 1834 392 1870 se
415 1819 449 1870 ad
472 1817 563 1873 Solem
587 1820 774 1872 accommodat

158 1901 188 1948 et
205 1896 464 1966 retrogradationes
479 1899 572 1963 efficit,
593 1899 708 1970 ideoque
723 1899 773 1952 BD

157 1981 315 2029 eccentrum
345 1977 436 2030 iacere
461 1979 598 2049 neglexit.
642 1980 690 2032 FG
717 1976 774 2048 epi·

157 2055 254 2124 cyclus
289 2056 377 2109 habet
416 2065 518 2113 motum
546 2059 773 2115 commui—ationis.

157 2139 368 2193 Demonstravit
381 2139 443 2209 jam
456 2144 629 2213 Apollonius,
654 2144 677 2197 si
691 2146 772 2199 duca·

157 2224 205 2272 tur
226 2236 264 2273 ex
282 2220 385 2274 Terrae
405 2230 499 2278 centro
513 2228 539 2278 A
557 2224 634 2279 linea
646 2225 707 2287 AG,
730 2242 773 2278 se·

158 2313 226 2352 cans
241 2300 397 2371 epicyolum
414 2303 443 2356 in
456 2305 492 2366 Η,
513 2305 546 2366 G,
571 2306 611 2358 sio
627 2311 659 2359 ut
672 2304 723 2359 EG
737 2304 774 2359 sit

160 2379 196 2432 ad
210 2379 265 2432 ΔΗ
286 2387 319 2433 nt
331 2391 422 2436 motus
437 2384 483 2437 GE
497 2385 661 2439 concentrici
677 2386 712 2438 ad
726 2384 775 2438 TG

121 2471 126 2480 ’
159 2457 326 2530 epicyclnm,
349 2469 414 2515 tuno
437 2463 464 2516 io
483 2464 640 2533 punctisH‚
666 2465 690 2518 G
714 2465 774 2534 pla·

161 2543 255 2592 netarn
282 2540 449 2598 existentem
475 2543 668 2598 stationarium
706 2543 774 2598 heri.

160 2619 240 2672 Haec
259 2621 348 2689 prima
363 2621 450 2677 forma
471 2624 614 2686 lemmatii,
631 2624 708 2694 cujus
724 2626 774 2678 Co·

159 2697 300 2769 pernicns,
324 2701 500 2757 Ptolemaeus
524 2712 553 2759 et
575 2705 661 2764 Ursas
684 2705 775 2759 memi-

159 2796 234 2841 nere,
257 2781 340 2849 plane
360 2781 429 2836 nihil
449 2801 588 2838 commune
609 2785 697 2842 habet
716 2803 776 2841 curn

158 2860 310 2930 hypothesi
330 2861 467 2932 Typhonis
486 2871 516 2917 et
535 2865 641 2935 quidem
659 2882 774 2919 versans

159 2939 189 2993 in
207 2938 329 2994 terminis
352 2942 436 3013 longe
451 2943 521 2997 aliis.
560 2945 659 2998 Altera
677 2944 772 3008 forma,

160 3035 243 3089 qnam
257 3020 341 3074 Ursus
363 3021 386 3074 si
409 3022 531 3086 vidisset,
555 3025 659 3078 coelum
679 3032 773 3079 terrae

160 3097 374 3155 commiscuisset
387 3118 455 3171 prae
470 3101 565 3157 insano
575 3105 686 3174 gaudio,
702 3105 774 3158 haec

159 3185 217 3231 est:
233 3181 256 3231 A
273 3177 332 3249 (fig.
349 3178 396 3247 10)
412 3188 534 3236 centrum
548 3185 660 3246 Terrae,
679 3184 771 3238 mundi

159 3266 190 3311 et
203 3259 308 3313 orbium
322 3260 546 3330 planetariorum,
569 3264 592 3316 B
606 3264 654 3318 Sol
674 3265 700 3318 in
719 3280 768 3318 suo

160 3339 235 3402 orbe,
260 3339 308 3393 CD
323 3341 509 3395 conceniricus
529 3344 662 3413 planetae
677 3344 769 3414 cuijus-

160 3435 267 3488 cunque
290 3418 348 3474 und
370 3423 469 3476 cumB
491 3423 556 3477 orbe
578 3422 668 3478 Solari
690 3432 719 3478 et
742 3424 769 3478 in

160 3499 275 3554 eandem
283 3509 391 3569 partem
398 3500 566 3557 circumiens.
590 3504 641 3557 ΕΙ)
652 3521 769 3575 magnus

160 3579 657 3651 planetaeepioyolus,sicutTerram
665 3584 770 3638 ambiat

161 3658 222 3727 ejus
245 3667 368 3715 centrum
383 3661 417 3724 0;
441 3670 531 3717 motus
554 3663 670 3734 epicycli
694 3664 769 3717 illius

161 3746 257 3794 contra
279 3739 419 3811 signorum
442 3743 540 3797 seriem
559 3749 635 3798 motu
652 3745 768 3797 commir-
802 3751 807 3758 '

162 3824 284 3880 tationis.
313 3825 376 3887 Qua
388 3824 417 3879 in
431 3822 769 3892 assumtioneApollonius
832 3821 839 3829 ”

161 3905 260 3959 iterum
283 3906 394 3976 quaerit
420 3906 520 3959 lineam
544 3904 770 3959 determinantem

144 3986 303 4060 stationes,
319 3993 351 4039 ut
374 3992 448 4040 ante.
477 3986 554 4039 Haec
568 3985 656 4039 forma
673 3983 712 4037 sic
726 3990 771 4039 est

161 4073 330 4135 comparata,
358 4073 391 4120 ut
408 4065 568 4137 ingeniosus
592 4064 691 4136 aliquis
714 4065 768 4135 Ty·

161 4146 323 4200 chonienam
337 4146 505 4218 hypothesin
528 4164 564 4199 ex
585 4162 621 4198 ea
634 4148 767 4200 deducere

161 4225 257 4295 possit,
280 4228 328 4280 sed
342 4245 396 4280 non
411 4226 481 4281 citra
493 4242 622 4295 magnum
636 4227 767 4289 laborem,

161 4306 311 4376 etquidem
324 4306 454 4361 infinities
467 4305 612 4370 difficilius,
636 4322 718 4376 quam
731 4324 769 4360 ex

161 4386 350 4455 Cepernicana
363 4386 480 4441 ratione.
506 4386 577 4440 Nam
591 4386 676 4455 primo
691 4385 770 4439 nulla

161 4465 286 4535 suspicio,
302 4467 407 4520 nullum
415 4466 564 4535 vestigium
571 4464 768 4536 Tychonianae
986 4526 988 4530 ,

160 4547 187 4599 in
197 4545 248 4598 illa
257 4546 284 4598 in
295 4552 393 4615 aperto
402 4554 433 4600 et
442 4547 591 4616 propatulo
602 4551 653 4604 est,
670 4562 729 4598 cnm
739 4561 838 4614 scopus
849 4547 971 4602 auctoris
983 4557 1111 4602 versetur
1120 4548 1148 4604 in
1158 4549 1393 4604 demonstratione
1402 4564 1476 4620 pnno
1484 4555 1527 4604 to·

160 4642 220 4680 rum
237 4625 469 4688 stationariorum‚
486 4625 594 4680 minime
609 4625 637 4679 in
651 4624 865 4680 conformatione
880 4628 1002 4697 partium
1015 4627 1144 4685 universi.
1186 4628 1311 4683 Secundo
1335 4646 1389 4684 non
1406 4628 1520 4700 ponitur

161 4710 283 4758 centrum
293 4706 468 4774 planetarum
481 4706 507 4759 in
518 4705 589 4768 Sole,
607 4706 654 4759 sed
666 4705 691 4759 in
703 4705 797 4758 Terra.
826 4706 921 4761 Tertio
932 4725 985 4762 non
996 4715 1040 4760 est
1049 4709 1082 4760 de
1094 4708 1218 4763 omnibns
1230 4707 1352 4780 planetis
1363 4709 1442 4763 simul
1453 4727 1516 4763 con·

161 4785 297 4848 sideratis,
313 4787 362 4839 sed
376 4787 409 4838 de
423 4785 542 4856 singulis
557 4785 679 4840 seorsim.
715 4785 819 4847 Quarto
835 4785 953 4857 quilibet
967 4787 1082 4857 planeta
1095 4789 1183 4843 habet
1197 4805 1275 4844 suum
1291 4789 1385 4843 orbem
1397 4806 1504 4859 geooen
1514 4819 1525 4831 ·

160 4865 267 4920 eison
299 4861 409 4930 Quinto,
425 4881 504 4938 quem
515 4867 608 4937 Tycha
624 4867 717 4921 orbem
731 4866 862 4938 planetae
873 4866 947 4932 dicit,
964 4869 986 4922 is
1001 4867 1027 4921 in
1038 4867 1185 4940 Apollonio
1201 4867 1320 4936 (etiamsi
1330 4867 1527 4924 intercesserit
