3609 5634
704 371 1012 452 “mm
1419 383 1533 454 '36¹

100 551 103 558 “
168 561 249 606 narn
264 540 395 621 trigono.
443 539 534 613 Quod
546 542 611 605 fiori
634 544 719 608 nulla
730 543 848 606 ratione
862 545 985 624 poterit,
1010 545 1037 608 si
1049 544 1081 608 in
1094 545 1219 610 zodiaco
1238 546 1294 610 hos
1307 551 1451 627 aspectus
1465 563 1540 608 con-

168 630 309 705 siderea,
335 649 395 692 uon
417 630 448 692 in
472 640 650 712 aequatura,
682 632 842 713 praecipue
865 633 892 695 ai
916 634 959 696 Μ.
985 632 1021 698 (l.
1044 634 1074 698 iu
1099 635 1210 700 cuculo
1236 634 1402 698 meridiano
1425 634 1540 698 consti·

170 719 280 782 tnaa“
328 719 474 784 Pruducit
496 739 571 784 saue
594 721 644 784 hic
666 722 765 786 locum
787 720 929 797 Stadios,
962 724 1014 804 qui
1036 724 1074 786 de
1097 745 1201 795 sonore
1227 744 1281 787 seu
1305 722 1440 788 domibus
1463 722 1537 803 agit,

176 808 237 871 sed
260 816 391 876 tautum
404 809 508 883 abest,
541 817 577 874 ut
604 809 776 874 institutum
804 810 956 887 obtineat,
990 812 1200 876 Ptolemaeum
1227 813 1402 893 inaequales
1434 812 1539 874 domos

122 905 127 912 '
174 898 290 971 faeere,
313 905 348 960 ut
370 916 427 977 ego
449 897 552 979 potius
575 898 644 961 hinc
667 899 789 962 inverso
812 908 990 979 argumento
1014 902 1232 982 aequalitatem
1253 901 1417 976 obtineam,
1442 909 1475 963 et
1489 920 1541 964 se-

177 986 254 1050 riem
278 995 523 1065 argumentomm
547 1005 638 1067 supra
661 995 802 1066 coeptam
825 988 873 1050 hic
897 989 1079 1054 continuem.
1125 990 1206 1054 Illud
1227 989 1489 1071 praemittendum,
1515 988 1542 1050 si

175 1075 222 1137 Μ.
248 1072 296 1148 C„
320 1083 354 1137 ut
378 1074 431 1148 ait,
455 1076 485 1138 in
509 1076 619 1139 circulo
641 1076 807 1138 meridiano
831 1079 1012 1153 constituas,
1035 1098 1094 1142 nou
1117 1079 1288 1142 habituram
1312 1079 1410 1144 locum
1424 1098 1542 1159 aequa-

179 1165 303 1226 litatem
326 1164 474 1239 domuum,
499 1173 533 1227 at
556 1165 583 1227 si
606 1165 789 1228 contrarium
814 1166 878 1244 ejus
903 1167 1009 1241 facias,
1035 1169 1114 1248 qnod
1129 1177 1234 1231 auctor
1248 1167 1442 1230 Ptolemaeus
1458 1168 1540 1240 fecit,

177 1252 284 1332 utique
308 1259 405 1314 totam
428 1253 495 1333 ejus
518 1253 667 1317 rationem
691 1254 746 1317 tibi
768 1255 912 1335 perverti,
937 1256 1011 1318 nihil
1034 1256 1139 1320 mirum
1163 1265 1220 1319 eet.
1267 1255 1462 1320 Ptolemaeus
1485 1256 1543 1317 hoc

180 1342 248 1404 loco
273 1341 318 1402 Μ.
343 1339 380 1403 G.
410 1359 470 1403 nou
501 1342 531 1404 iu
554 1343 721 1405 meridiano
752 1343 940 1417 constituit,
966 1345 1020 1406 sed
1049 1344 1077 1406 iu
1105 1356 1216 1423 puncto
1243 1344 1360 1407 zodiaci
1393 1344 1542 1406 altissimo

176 1445 274 1509 ‘super
297 1429 438 1503 Terram,
471 1431 608 1511 quodque
640 1432 813 1511 plerumque
846 1433 938 1494 altius
971 1441 1021 1494 est
1046 1451 1083 1494 eo
1113 1434 1229 1496 zodiaci
1252 1442 1378 1514 puncto,
1407 1433 1488 1514 quod
1511 1432 1539 1494 iu

181 1519 350 1582 meridiano
374 1519 494 1593 haeret,
525 1520 635 1582 circulo
659 1520 798 1582 verticuli
822 1539 875 1599 per
897 1522 1000 1602 polum
1021 1521 1139 1584 zodiaci
1162 1523 1313 1585 traducto.
1359 1521 1461 1584 Probo
1484 1521 1542 1582 hoc

178 1627 220 1669 ex
247 1606 322 1687 ipsis
350 1607 462 1669 verbis.
509 1607 559 1670 Sit
589 1609 683 1689 igitur
707 1609 903 1688 aequalitatis
928 1611 1065 1673 domuum
1090 1618 1297 1691 argumentum
1330 1611 1542 1682 secuudum,

178 1696 260 1776 qnod
282 1696 476 1758 Ptolemaeus
498 1697 563 1768 hic,
592 1698 642 1760 ubi
670 1697 735 1777 agit
763 1698 800 1759 de
823 1699 979 1774 domibus,
1008 1718 1082 1762 voce
1116 1699 1412 1763 dodecatemorii
1440 1706 1544 1761 utatur
1636 1760 1642 1764 ,

178 1803 234 1865 pro
257 1803 331 1846 voce
356 1784 496 1846 domus.
542 1785 656 1848 Notum
682 1794 784 1848 autern
807 1794 869 1861 est,
901 1806 960 1849 nou
985 1788 1082 1851 solere
1106 1798 1301 1869 aequatorem
1325 1787 1419 1849 dividi
1443 1787 1542 1861 aliter,

179 1873 238 1935 nisi
261 1873 290 1934 iu
314 1869 561 1953 temperatos,
585 1874 683 1937 solum
705 1893 778 1935 vero
802 1874 959 1938 zodiacum
981 1877 1011 1939 in
1035 1877 1297 1952 dodecatemoria‚
1322 1884 1355 1938 et
1377 1875 1544 1938 dodecate-

179 1962 308 2025 morinm
331 1961 360 2023 iu
384 1984 492 2041 μοιρας
517 1958 569 2037 30,
594 1982 653 2024 uon
676 1984 812 2044 χρονους,
837 1972 870 2025 et
892 1965 940 2026 hic
956 1984 1071 2046 quoqne
1095 1986 1154 2028 vox
1178 1988 1270 2045 rrarpa
1289 1965 1428 2030 occurrit.
1467 1962 1545 2026 Cum

181 2069 254 2130 ergo
278 2051 471 2113 Ptolemaeus
495 2072 707 2130 aauoapuaqpc
731 2052 779 2113 hic
804 2053 939 2132 appellet
963 2054 1254 2127 dodecatemorinm‚
1283 2055 1421 2135 appellat
1449 2052 1542 2133 igitur

180 2146 299 2221 partem
321 2139 437 2204 zodiaci
459 2162 684 2221 peooopoenraa,
709 2149 742 2202 et
765 2139 806 2215 id,
831 2141 884 2212 ait.
909 2142 1045 2223 aspicere
1070 2145 1217 2224 quadrato
1241 2144 1371 2215 unciam,
1397 2160 1473 2222 quae
1497 2147 1546 2214 est

182 2229 264 2292 circa
287 2229 495 2307 horoscopum.
532 2230 627 2309 Atqui
651 2230 751 2301 uncia,
774 2248 853 2310 quae
875 2231 958 2292 cirea
980 2231 1177 2294 meridianum
1196 2239 1253 2306 est,
1279 2223 1453 2310 5'partibue
1472 2237 1543 2292 aute

184 2326 216 2380 et
237 2315 279 2382 25
304 2324 387 2397 poet,
420 2336 479 2379 non
503 2319 674 2398 frequenter
703 2319 813 2397 aspicit
840 2318 1091 2399 horoscopautem
1116 2321 1273 2399 quadrato.
1320 2318 1403 2398 Ergo
1426 2317 1545 2380 zodiaci

183 2412 266 2486 pars,
291 2425 368 2488 quae
391 2405 440 2468 hic
453 2405 629 2468 Ptolemaeo
653 2407 764 2468 dicitur
777 2429 980 2486 psooapoaaa,
1004 2408 1125 2487 saepius
1149 2409 1207 2471 erit
1231 2417 1321 2469 extra
1334 2406 1541 2468 meridianum.

183 2495 348 2559 Tertium
371 2502 598 2575 argumentum:
633 2495 769 2574 aspicere
793 2515 826 2558 se
851 2497 990 2559 dicuutur
1012 2497 1085 2559 illae
1108 2496 1210 2560 circuli
1234 2504 1354 2576 partes,
1385 2512 1462 2574 quae
1486 2494 1544 2554 ha-

184 2586 258 2648 bent
280 2584 337 2646 sub
360 2604 393 2645 se
417 2592 574 2646 currentes
598 2583 739 2664 planetas
763 2585 962 2663 aspicientes:
998 2579 1141 2665 aspectus
1163 2586 1242 2648 enim
1264 2603 1324 2648 non
1348 2591 1397 2646 est
1419 2589 1545 2664 propter

184 2675 280 2737 locum
300 2673 354 2735 sed
368 2680 493 2753 propter
507 2673 670 2752 planetam.
710 2672 756 2735 At
774 2673 803 2734 iu
824 2681 988 2754 aequatore
1007 2674 1081 2737 nulli
1095 2675 1246 2755 planetae,
1270 2674 1299 2736 iu
1314 2673 1438 2735 zodiaco
1453 2670 1544 2751 igitur

183 2762 384 2843 quaerendum
407 2762 463 2824 hoc
486 2783 708 2841 prooopcsqaa,
733 2762 881 2841 quadrato
906 2763 1057 2843 aspiciens
1080 2764 1286 2843 horoscopum,
1311 2772 1343 2824 et
1359 2762 1402 2823 sic
1421 2768 1455 2822 ut
1472 2761 1542 2840 plu·

182 2852 287 2914 rimam
317 2859 405 2912 entra
433 2850 639 2914 meridianum.
688 2849 869 2921 Quartum
901 2851 1063 2914 coincidit:
1101 2852 1166 2931 agit
1194 2852 1235 2913 ibi
1262 2850 1321 2913 loci
1347 2850 1542 2912 Ptolemaeus

183 2941 220 3004 de
243 2939 318 3000 locis
342 2939 500 3018 apheticis.
537 2938 689 3020 rAphetae
715 2958 786 3001 vero
810 2958 868 3001 non
892 2949 963 3003 aunt
994 2941 1023 3002 in
1048 2948 1225 3019 aequamus,
1255 2957 1330 3018 ergo
1354 2938 1382 3000 in
1406 2936 1543 2999 zodiaco.

183 3028 263 3100 Quid
287 3029 365 3090 enim
384 3028 475 3106 juvat
497 3028 640 3106 aphetam
664 3036 694 3089 et
719 3027 921 3107 horoscopum
943 3028 973 3091 in
997 3029 1123 3091 zodiaco
1145 3029 1344 3101 constitutos,
1376 3025 1403 3086 si
1427 3045 1544 3107 aequa-

183 3117 259 3180 toris
281 3116 381 3196 portio
405 3116 642 3194 correspondens
671 3117 919 3197 correspondenti
943 3118 1068 3180 orientis
1091 3116 1221 3197 portioni
1250 3114 1445 3196 aequolesiae
1469 3133 1545 3176 con-

184 3205 348 3286 figuratur?
393 3204 462 3267 Nou
487 3224 561 3266 saue
585 3205 696 3284 magis,
732 3223 821 3284 quam
845 3205 873 3267 si
897 3205 1025 3285 alicujus
1049 3208 1231 3285 tropicorum
1255 3212 1308 3268 aut
1329 3203 1544 3282 parallelorum

184 3285 454 3374 correspondentes
477 3293 860 3372 portioueecouflgnratas
885 3294 1053 3357 exhiberes.
1101 3293 1257 3365 Quinto:
1291 3292 1384 3354 verbo
1407 3292 1462 3354 illa
1490 3293 1548 3368 („a

185 3383 313 3464 quinque
336 3381 474 3462 partibus
497 3383 863 3461 praeascendentibns“)‚
897 3404 973 3465 quae
997 3383 1093 3464 rigide
1118 3381 1244 3447 Stadios
1269 3389 1301 3444 et
1325 3380 1484 3444 Uardanus·
1509 3378 1548 3440 ad

185 3478 379 3552 aequatorern
402 3470 539 3543 trahunt,
573 3472 641 3534 sola
663 3491 723 3533 vox
746 3470 979 3551 ἀναφιρομηων
1000 3471 1124 3534 zodiaco
1147 3472 1293 3533 vindicat.
1339 3468 1421 3531 Nam
1444 3477 1547 3530 astro·

186 3560 264 3626 nomi
290 3558 401 3622 Graeci
434 3559 471 3620 de
495 3558 612 3621 zodiaci
634 3560 772 3640 partibus
803 3570 952 3640 usurpant
981 3561 1188 3622 ascensionem
1222 3559 1346 3637 ejusque
1378 3574 1549 3619 mensuram

184 3650 215 3711 in
238 3656 402 3728 aequatura
426 3646 631 3723 constituunt,
657 3648 686 3709 id
710 3650 804 3710 multo
828 3650 941 3729 magis,
966 3649 1006 3723 si,
1031 3657 1066 3710 ut
1087 3648 1146 3720 hic,
1168 3649 1335 3727 jungantur
1358 3667 1449 3723 corpu
1472 3643 1547 3706 aa·

186 3756 351 3816 peponem
377 3744 447 3798 tunc
470 3735 555 3797 nulla
578 3735 695 3798 ratione
720 3744 856 3816 tempora
879 3737 1199 3816 aequaturiapossunt
1221 3733 1360 3814 intelligi.
1408 3733 1543 3796 Sexto:

186 3824 413 3889 distinctissime
447 3823 579 3904 loquitur
611 3826 648 3886 de
682 3821 725 3888 30
748 3825 796 3886 his
819 3825 958 3903 partibus
982 3826 1147 3904 (purpura),
1181 3820 1376 3903 configuratis
1400 3821 1547 3902 quadrato

187 3918 276 3997 (puta
298 3914 403 3975 itidem
427 3908 470 3975 30
492 3915 641 3992 μοιραις),
672 3933 750 3994 qnae
773 3921 845 3975 aunt
868 3913 949 3976 illius
973 3914 1092 3988 domus,
1128 3933 1205 3994 quae
1229 3912 1363 3973 Medium
1389 3909 1475 3972 Coeli
1499 3908 1547 3971 di·

187 4003 273 4067 citur.
320 4002 391 4065 Jaru
409 4019 480 4064 vero
503 4002 642 4081 partibus
666 4001 783 4064 zodiaci
808 4002 973 4065 orientibus
997 4010 1136 4082 tempora
1159 4003 1332 4083 sequuturis
1352 3998 1550 4064 culminantia

186 4111 244 4155 uon
268 4093 434 4171 ligurantur
457 4091 625 4171 quadratis.
673 4090 753 4153 Sunt
775 4091 867 4171 igitur
897 4091 990 4154 etiarn
1020 4093 1100 4154 circa
1132 4113 1168 4154 eo
1195 4111 1409 4167 procopiusque
1433 4086 1548 4149 intelli-

86 4236 88 4239 .
187 4181 306 4261 gandae
329 4189 434 4258 partes
457 4179 590 4253 zodiaci,
623 4188 655 4241 et
678 4180 723 4242 sic
746 4189 836 4242 extra
858 4181 1068 4244 meridianum.
1116 4179 1309 4260 Septimo:
1343 4195 1411 4238 cum
1434 4184 1549 4238 certum

188 4272 237 4344 eit,
263 4270 332 4331 loca
355 4267 496 4348 aphetica
520 4286 587 4329 ease
611 4268 641 4329 io
664 4267 806 4342 zodiaco,
838 4270 907 4331 vide
932 4289 1009 4332 nuno
1032 4269 1094 4337 ista
1115 4268 1225 4339 verba:
1263 4264 1294 4328 la
1317 4286 1379 4335 soro
1401 4263 1551 4327 aneson·

149 4433 150 4436 Ἴ
185 4381 251 4422 acor
272 4380 326 4420 sou
348 4378 613 4436 paoooparqparoc
636 4378 748 4428 souma.
796 4358 871 4419 Tale
895 4366 945 4420 est
967 4358 1098 4421 medium
1121 4356 1206 4430 coeli,
1231 4353 1255 4416 a¹
1270 4374 1327 4434 qno
1342 4352 1460 4414 zodiaci
1473 4370 1547 4433 por-

186 4448 285 4511 tiones
307 4446 445 4527 utrinque
470 4445 632 4521 declinant,
658 4453 692 4507 at
714 4467 733 4508 a
756 4454 869 4526 puncto
893 4446 1018 4522 zodiaci,
1045 4448 1124 4526 quod
1148 4446 1176 4507 in
1201 4442 1369 4507 meridiano
1395 4440 1547 4515 carminat

185 4555 245 4598 non
268 4554 342 4615 pure
373 4536 508 4598 declinat
536 4535 683 4597 alteruter
711 4554 852 4609 arcuum,
888 4536 941 4598 sed
976 4543 1124 4614 exparte
1152 4552 1266 4613 magua
1289 4531 1382 4593 etiarn
1406 4529 1548 4604 acclinat,

186 4634 330 4705 quautam
354 4643 397 4688 se.
431 4632 480 4686 eat
510 4644 531 4685 a
561 4632 672 4704 puncto
704 4624 815 4702 gradus
845 4623 1035 4703 nonagesimi
1065 4624 1102 4685 ad
1127 4621 1334 4684 meridianum.
1382 4619 1548 4682 Octavo:

185 4712 308 4794 trigoni,
331 4713 482 4792 hexagoni
506 4721 537 4774 et
560 4712 712 4792 tetragoni
744 4712 792 4773 hic
816 4730 874 4775 non
898 4718 1028 4792 possunt
1050 4711 1179 4790 intelligi
1203 4710 1240 4771 de
1264 4716 1445 4788 aequatura,
1480 4707 1551 4788 quia

186 4822 289 4866 eorum
316 4802 370 4864 alii
398 4801 538 4864 dicuutur
566 4821 634 4863 esse
658 4803 833 4884 longamm‚
868 4801 921 4868 alii
943 4800 1078 4863 brevium
1111 4797 1331 4862 ascensionum.
1378 4798 1424 4859 At
1446 4814 1549 4858 omues

187 4891 362 4974 sequuturis
385 4889 495 4973 trigoni
517 4900 588 4952 sunt
611 4891 782 4975 aequalium
806 4890 1027 4958 ascensionum.
1073 4890 1195 4955 Nono:
1222 4887 1296 4952 alibi
1315 4885 1470 4951 consentit
1492 4882 1554 4945 sibi·
