3609 5634
684 324 717 376 de
734 325 807 376 rebus
825 324 987 392 utrologleis.
1446 320 1510 388 377

156 481 224 555 AB,
255 477 327 555 Bo,
360 477 428 545 ΟΒ.
472 479 531 544 Hic
563 482 590 545 ei
612 483 771 548 Platonem
798 502 901 566 roges,
936 501 1002 548 cum
1025 485 1056 548 A
1084 501 1142 546 non
1176 481 1324 548 consonat
1354 502 1450 565 nsque
1472 484 1511 561 B,

156 588 253 652 neque
277 568 314 645 G,
338 587 435 650 neque
454 570 492 632 D.
538 570 584 634 At
606 572 632 633 si
656 571 712 634 01)
735 582 825 636 tonus
847 592 901 654 per
924 573 952 638 Ε
975 571 1231 643 secernimus,
1254 572 1374 649 lemma,
1399 578 1432 634 et
1444 573 1511 649 ΕΙ),

156 659 265 734 diesin,
290 659 335 723 sic
358 668 392 721 ut
414 658 442 720 Ε
465 678 532 721 cum
557 660 586 722 A
608 661 722 725 babeat
743 663 967 743 proportionem
991 662 1147 744 epitriton,
1181 671 1256 752 tunc}
1281 662 1359 725 inter
1381 661 1440 724 An
1464 671 1513 725 est

155 747 324 811 harmonia.
372 748 487 828 ltaque,
512 748 593 811 sicut
616 758 705 812 tonus
729 750 785 815 CD
807 770 863 832 per
884 751 1072 814 harmoniam
1095 750 1122 812 Ε
1146 750 1261 813 divisus
1286 757 1333 814 est
1360 751 1391 813 iu
1414 752 1513 814 miuus

156 836 211 901 OE
235 843 268 899 et
285 837 384 916 majus
407 836 478 909 El),
509 838 555 899 sic
585 848 695 901 natura
722 841 869 903 hominem
892 860 983 903 unum
1011 859 1066 920 per
1093 839 1295 920 generationis
1319 847 1509 919 apparatum,

157 926 268 1009 quavis
292 925 448 989 harmonia
471 927 649 1004 suaviorem,
675 929 780 992 divisit
801 931 830 994 in
855 930 997 992 feminam
1020 936 1053 991 et
1075 947 1203 1004 marem,
1228 947 1352 1008 quorum
1376 927 1428 989 alii
1452 929 1511 991 ali-

157 1016 229 1098 quid
252 1015 353 1090 deest,
378 1014 445 1077 buic
468 1014 613 1078 abundat.
659 1018 770 1080 Patere
793 1020 887 1092 enim,
919 1025 953 1081 ut
976 1019 1052 1079 hanc
1076 1016 1206 1097 gratiam
1230 1025 1353 1097 tangam
1377 1024 1512 1079 extremo

155 1105 265 1185 digito,
290 1112 325 1166 ut
346 1111 432 1166 tactu
456 1104 693 1184 experimentum
717 1107 833 1187 capiam
857 1108 1009 1187 corporis,
1035 1108 1120 1187 cujus
1144 1107 1242 1168 forma
1264 1106 1380 1168 eminus
1404 1112 1510 1168 tanto-

91 1243 99 1256 .
156 1211 230 1274 pere
254 1193 360 1255 arrisit
382 1193 487 1255 oculis.
533 1194 614 1256 Nam
642 1215 694 1258 cur
717 1215 776 1257 non
805 1197 909 1276 juvem
932 1195 1151 1270 Reinhardum,
1182 1194 1400 1275 jucundissime
1430 1195 1514 1257 aliu-¹

158 1283 282 1345 dentem
307 1301 344 1343 ex
367 1281 584 1361 llismegieto,
609 1293 642 1346 et
664 1285 805 1347 feminam
829 1286 949 1366 quidem
971 1285 1051 1346 iufra
1073 1284 1288 1360 collocantem,
1312 1292 1347 1346 ut
1368 1302 1425 1364 par
1447 1290 1511 1344 est:

158 1391 216 1434 non
240 1377 313 1432 sunt
335 1371 414 1431 enim
437 1371 552 1432 ferendi
575 1371 641 1449 viri,
666 1374 716 1454 qui
739 1373 840 1437 ferunt
862 1394 934 1437 suas
958 1374 1086 1436 feminas
1110 1379 1143 1435 et
1164 1380 1271 1435 contra
1290 1374 1399 1434 flumen
1423 1372 1512 1434 nari-

157 1467 242 1540 gant.
291 1458 367 1534 „Dis
390 1478 508 1521 sursum
541 1461 651 1537 fumat,
683 1462 781 1525 stillat
803 1463 889 1526 Joris
919 1464 1000 1525 unda
1023 1461 1193 1525 deorsum.“
1240 1462 1305 1524 Nec
1327 1460 1514 1524 invenustior

158 1555 208 1610 est
230 1547 284 1609 illa
306 1546 372 1609 duri
395 1547 552 1628 mollisque
576 1552 827 1615 accommodatio.
870 1552 1005 1615 Rursum
1028 1551 1105 1614 enirn
1130 1549 1233 1612 suavis
1257 1551 1307 1612 ille
1330 1557 1432 1612 tactus
1454 1568 1513 1611 no-

159 1644 241 1699 stros
265 1635 386 1715 judices
416 1636 548 1700 advocat
574 1639 618 1701 rei
647 1639 864 1720 lepidissimus,
909 1660 976 1702 cum
1005 1660 1042 1701 ex
1070 1638 1269 1719 Trismegisto
1299 1640 1381 1702 solos
1410 1640 1513 1701 oculos

158 1724 333 1796 erudiisset,
357 1744 396 1787 ex
419 1725 547 1788 Platone
571 1746 671 1790 aures.
718 1730 840 1792 Etenim
863 1731 968 1792 durum
992 1734 1113 1809 oportet
1136 1747 1221 1804 esse,
1247 1729 1325 1808 quod
1349 1726 1511 1795 infoditur,

158 1814 249 1878 molle
273 1831 345 1876 varo
369 1831 481 1892 corpus
505 1816 590 1878 etin
613 1834 646 1878 se
670 1819 794 1894 cedens,
825 1819 903 1899 quod
928 1819 1031 1880 durum
1059 1819 1133 1881 illud
1162 1816 1275 1897 excipit
1301 1815 1514 1896 locumqua.ei

160 1903 224 1967 dat.
271 1900 340 1973 Qua
361 1902 537 1965 titillatione
561 1905 751 1970 Reinbardus
775 1906 921 1970 excitavit
934 1926 1031 1970 meum
1047 1905 1207 1987 ingenium,
1233 1914 1267 1968 ut
1284 1895 1414 1968 inbuerit
1431 1923 1514 1987 sym-

160 1992 239 2055 bolis
263 2011 330 2054 cum
353 1991 406 2054 illo
430 1999 557 2069 certare,
583 1995 690 2073 quibus
713 1997 792 2059 oculi
815 1996 959 2059 simulet
982 1996 1081 2076 digiti,
1107 1995 1197 2059 simul
1220 2004 1252 2058 et
1275 1995 1402 2057 hominis
1427 1994 1516 2073 inge-

160 2081 241 2143 nium
275 2081 465 2164 facultasque
488 2084 663 2146 numerandi
687 2085 727 2147 ad
755 2086 953 2166 judicandum
976 2093 1067 2165 atque
1091 2085 1322 2147 discernendum
1345 2084 1424 2145 inter
1447 2102 1515 2144 ma-

160 2188 225 2232 rem
247 2178 280 2232 et
303 2169 445 2232 feminam
467 2170 660 2237 advocentur.

250 2257 313 2321 Sed
337 2256 529 2322 ratiocinatio
551 2260 669 2339 prolixa
692 2269 751 2325 est.
798 2262 832 2323 ln
855 2260 1023 2341 geometria
1046 2259 1123 2322 ratio
1147 2266 1196 2322 est
1219 2258 1299 2320 inter
1317 2259 1392 2321 duos
1407 2257 1515 2320 termi-

160 2366 226 2422 nos,
250 2347 405 2427 proportio
428 2348 576 2411 rationum
600 2350 764 2414 similitudo
788 2357 846 2412 est.
892 2351 943 2412 Ad
958 2349 1183 2429 proportionem
1200 2346 1294 2426 igitur
1308 2353 1437 2426 quatuor
1451 2355 1515 2408 ter-

160 2436 235 2498 mini
258 2435 455 2518 requiruntur.
503 2435 592 2508 Quod
621 2439 647 2500 si
676 2439 767 2502 medii
794 2440 852 2502 duo
884 2440 914 2502 in
937 2455 1028 2500 unum
1050 2444 1174 2509 coeant,
1207 2436 1361 2516 proportio
1387 2434 1516 2496 eflicitur

161 2526 321 2597 continua,
353 2531 417 2586 tres
446 2525 562 2588 habens
591 2536 662 2590 actu
689 2527 848 2601 terminos,
880 2532 1036 2608 potestate
1068 2533 1205 2606 quatuor.
1251 2525 1336 2586 Inter
1359 2523 1516 2585 continuas

161 2614 373 2696 proportiones
396 2632 486 2676 unum
504 2614 656 2695 singulare
680 2635 775 2697 genus
799 2624 848 2679 est
870 2615 1073 2698 proportionis
1097 2614 1233 2688 divinae,
1268 2631 1335 2674 cnm
1359 2612 1517 2674 extribus

161 2703 300 2767 terminis
323 2702 381 2763 duo
404 2702 534 2787 minores
558 2713 690 2785 aequant
712 2707 869 2787 majorem,
894 2725 948 2768 seu
971 2723 1038 2767 oum
1061 2710 1159 2767 toturn
1181 2702 1226 2764 ita
1249 2709 1372 2764 secetur
1394 2701 1424 2762 in
1448 2701 1517 2773 duo,

162 2800 197 2855 ut
223 2792 303 2854 inter
328 2797 433 2869 partes
464 2799 496 2854 et
519 2800 616 2857 totum
650 2795 691 2858 sit
714 2794 856 2858 continua
886 2793 1049 2876 proportio.
1095 2791 1195 2871 Hujus
1217 2790 1419 2871 proportionis
1442 2791 1518 2852 haec

163 2879 420 2962 appropriare,
452 2888 486 2942 ut
509 2900 547 2942 ex
576 2884 690 2963 majore
723 2882 852 2945 termino
883 2891 915 2945 et
939 2889 1004 2944 toto
1036 2900 1152 2944 rursum
1181 2887 1379 2958 componatur
1411 2879 1518 2940 similis

163 2968 328 3050 proportio.
375 2966 435 3039 Qui
459 2969 538 3030 enirn
565 2972 648 3052 prius
673 2980 740 3043 erat
762 2971 879 3051 major,
908 2972 971 3051 jam
997 2970 1033 3031 lit
1055 2969 1167 3044 minor,
1201 2968 1280 3048 quod
1302 2967 1386 3047 prius
1410 2974 1517 3040 totum,

159 3059 226 3139 jam
248 3059 284 3119 fit
305 3057 402 3136 major
425 3059 584 3135 terminus,
611 3069 643 3121 et
665 3061 863 3141 compositum
886 3079 925 3122 ex
947 3065 1073 3139 utroque
1089 3058 1155 3137 jam
1178 3057 1273 3119 babet
1296 3056 1444 3119 rationem
1465 3062 1518 3116 to-

163 3148 235 3211 tius.
281 3147 346 3208 Hoc
374 3147 404 3207 in
437 3146 601 3225 infinitum,
634 3168 753 3230 semper
784 3157 925 3211 manente
957 3148 1151 3227 proportione
1184 3145 1294 3209 divina.
1341 3145 1429 3206 Hanc
1461 3162 1518 3223 ego

164 3234 379 3316 geometricam
402 3237 641 3315 proportionem,
672 3247 760 3319 puto,
793 3238 893 3300 ideam
917 3237 1011 3299 fuisse
1035 3236 1179 3311 creatori,
1210 3235 1249 3297 ad
1271 3234 1520 3296 introducendam

163 3323 388 3404 generationem
412 3325 521 3387 similis
544 3345 582 3388 ex
605 3327 704 3401 simili,
731 3347 807 3409 quae
832 3335 880 3389 est
904 3326 997 3389 etiam
1020 3325 1170 3406 perennis.
1217 3324 1317 3386 Video
1347 3323 1427 3385 enim
1450 3321 1519 3403 qui·

164 3414 281 3476 nerium
301 3413 330 3474 in
354 3412 477 3475 floribus
500 3431 576 3492 pene
601 3418 745 3491 omnibns,
771 3417 820 3498 qui
844 3417 983 3490 fructum
1007 3415 1065 3477 hoc
1088 3421 1138 3476 est
1151 3412 1377 3493 generationem
1391 3429 1520 3491 praece-

165 3503 249 3571 dunt.
273 3521 368 3583 neque
392 3509 462 3564 sunt
484 3504 522 3565 ob
546 3522 580 3567 se
603 3504 695 3586 ipsos,
720 3507 774 3567 sed
790 3506 827 3567 ob
843 3506 973 3567 fructum
988 3509 1171 3583 sequentem.
1218 3499 1333 3562 Omnes
1352 3500 1415 3560 fere
1430 3501 1520 3561 flores

166 3590 285 3653 arborei
308 3591 431 3652 suntin
454 3590 511 3653 boc
535 3612 641 3668 cenen;
671 3594 764 3656 citros
787 3600 819 3656 et
841 3612 947 3673 pomos
971 3591 1125 3654 aurantius
1149 3591 1227 3652 forte
1251 3587 1389 3667 excipere
1414 3588 1519 3662 debeo,

166 3679 225 3742 etsi
247 3681 351 3742 florem
375 3698 434 3741 non
458 3681 528 3756 vidi,
552 3700 591 3743 ex
614 3684 713 3745 fructu
736 3683 834 3745 solum
857 3700 912 3742 seu
935 3699 1022 3762 pomo
1041 3679 1152 3758 judico,
1179 3678 1228 3758 qui
1253 3695 1312 3739 non
1327 3674 1419 3739 estin
1434 3677 1519 3738 locu-

167 3770 213 3831 los
237 3768 360 3849 quinos,
394 3769 448 3830 sed
472 3778 629 3850 septenos,
652 3770 801 3844 undenos,
833 3787 967 3831 novenos
992 3769 1114 3831 divisus.
1162 3765 1326 3837 Quinarius
1349 3783 1434 3842 vero,
1467 3783 1521 3826 eeu

167 3857 380 3939 quinquanguli
402 3857 500 3937 figura
522 3860 705 3922 constmitur
728 3861 757 3923 in
781 3857 949 3939 geometria
972 3877 1027 3938 ope
1050 3856 1252 3938 proportionis
1278 3853 1408 3928 divinae,
1431 3873 1520 3934 quern

167 3949 236 4011 volo
260 3946 455 4030 archetypum
479 3949 695 4027 generationis.
742 3948 882 4028 Amplius
897 3948 977 4009 inter
989 3954 1104 4009 motum
1124 3945 1206 4008 Solis
1222 3946 1301 4021 (seu,
1325 3951 1360 4006 ut
1375 3961 1431 4022 ego
1447 3962 1519 4004 sen-

168 4036 221 4107 tio,
245 4034 389 4110 Telluris)
415 4041 447 4096 et
471 4037 616 4112 Veneris,
643 4057 719 4118 quae
741 4044 865 4118 praeest
888 4035 1027 4099 facultati
1050 4034 1202 4104 seminali,
1227 4032 1381 4113 proportio
1404 4028 1450 4093 8:
1470 4028 1520 4104 13,

169 4143 245 4205 quae
268 4124 402 4207 proxime
426 4130 475 4186 est
497 4125 608 4202 divina,
642 4134 677 4190 ut
700 4128 864 4189 audiemus.
912 4125 1049 4204 Denique
1072 4123 1183 4186 Terrae
1207 4122 1322 4183 coelum
1349 4120 1380 4181 in
1404 4116 1521 4198 Cuper-

170 4213 236 4276 nico
266 4212 397 4278 medium
430 4219 480 4275 est
509 4215 589 4277 inter
621 4216 721 4277 coeloe
753 4215 864 4277 Martis
894 4222 926 4274 et
953 4213 1098 4285 Veneris,
1132 4209 1412 4291 proportionemque
1444 4206 1523 4268 inter

170 4301 239 4364 illos
261 4310 384 4366 nactum
407 4311 517 4365 estex
541 4304 729 4367 dodeeaedro
753 4311 786 4366 et
808 4302 984 4377 ieoaaodro,
1009 4317 1085 4381 quae
1109 4308 1181 4361 sunt
1202 4298 1232 4359 in
1256 4295 1423 4377 geometria
1446 4296 1522 4358 duae

171 4389 291 4455 soboles
317 4392 520 4475 proportionis
553 4391 690 4466 divina03
722 4392 753 4453 in
776 4393 871 4454 Terra
892 4408 965 4453 vero
997 4396 1104 4450 nostra
1131 4393 1288 4449 exercetur
1318 4384 1522 4465 generationis

171 4496 257 4558 opus.
303 4478 384 4543 Vide
404 4479 478 4559 jam,
503 4481 649 4560 quomodo
673 4499 712 4541 ex
734 4479 927 4560 proportione
951 4476 1054 4539 divina
1080 4475 1209 4539 resultet
1236 4474 1353 4554 effigies
1375 4471 1468 4535 maris
1492 4478 1524 4533 et

173 4566 310 4633 feminae.
355 4567 415 4628 Est
442 4586 508 4630 meo
538 4569 648 4649 judicio
681 4569 787 4630 eadem
811 4565 900 4649 quasi
932 4564 1085 4646 proportio
1109 4562 1316 4627 seminationis
1349 4561 1522 4642 plantarum

173 4656 212 4716 ad
236 4664 337 4720 actum
360 4656 563 4733 generationis
593 4656 780 4729 animalium,
813 4674 890 4736 quae
925 4659 973 4715 est
999 4653 1200 4733 proportionis
1232 4650 1436 4732 geometricae
1469 4667 1523 4713 seu

172 4743 260 4806 lineis
292 4762 471 4826 expressae,
509 4745 549 4806 ad
580 4745 804 4828 proportionem
836 4741 1058 4806 arithmeticam
1089 4761 1142 4803 seu
1174 4739 1305 4804 numeria
1337 4757 1521 4820 expressam.

173 4831 245 4923 ,lam
267 4851 341 4897 vero
364 4831 467 4896 divina
487 4834 643 4922 proportio
665 4833 797 4898 numeris
820 4831 946 4919 exprimi
969 4830 1103 4915 perfecte
1126 4828 1243 4910 nequit,
1273 4825 1400 4909 exprimi
1422 4833 1522 4906 tanam
