3609 5634
796 337 1128 409 Uffifflmffl

653 550 697 615 IN
722 547 861 615 CAPUT
883 549 1083 615 DECIMUM
1106 550 1281 615 SEXTUM

808 674 924 726 uorsa
943 673 1121 726 suoroms.

364 780 397 853 a)
417 789 458 839 At
481 783 542 853 jam
572 783 600 837 iu
622 783 710 841 lucem
735 783 854 854 prolatis
875 783 1155 855 contemplationibus
1180 783 1362 859 permisis,
1393 783 1487 840 decim
1511 788 1559 837 est
1583 781 1682 835 haec

284 865 480 929 commoremis,
510 863 560 919 lib.
583 863 616 918 V.
638 864 733 918 Herm
774 864 895 919 Pmmum
924 865 997 918 enim
1018 864 1177 934 corporibus
1199 864 1266 935 ipsis
1292 865 1413 936 quinque
1433 866 1564 919 adsmtse
1591 864 1681 914 sam

283 943 475 1018 proportiones
496 942 604 998 orbium
623 960 662 997 ex
681 950 781 1014 parte:
809 944 909 998 ultima
929 961 967 999 sc
988 952 1020 999 st
1040 944 1248 1003 absolutissima
1273 943 1380 1000 orbium
1411 943 1557 1016 proportio
1577 955 1678 995 oom-

283 1026 371 1080 muuis
392 1032 437 1079 est
457 1024 534 1078 facta
554 1031 584 1077 et
604 1023 764 1093 corporibus
785 1032 816 1078 et
836 1024 1087 1094 barmonilsprop.
1109 1024 1147 1080 48
1168 1032 1199 1078 et
1220 1024 1266 1080 49.
1288 1041 1351 1095 cap.
1368 1024 1416 1079 tx.
1459 1025 1519 1088 Quo
1541 1020 1678 1077 nomine

284 1105 357 1161 nihil
382 1123 420 1159 ex
451 1103 516 1158 solis
538 1104 699 1173 corporibus
730 1104 758 1158 iu
788 1103 861 1158 hanc
891 1104 936 1158 rel
966 1105 1043 1159 illurn
1071 1112 1179 1175 partem
1209 1106 1243 1158 de
1270 1104 1351 1159 Luna
1379 1104 1520 1177 disputari
1545 1105 1675 1174 petest

283 1185 391 1241 Deinde
420 1184 443 1238 si
474 1184 593 1238 maxime
615 1201 651 1238 ex
672 1183 739 1239 solis
770 1184 889 1256 quinque
910 1184 1071 1254 corporibus
1101 1185 1286 1239 formarentur
1312 1184 1505 1256 proportiones
1533 1182 1674 1243 ortium,

283 1266 367 1336 hujus
388 1271 482 1320 tamen
502 1263 675 1319 formationis
697 1267 791 1320 modus
813 1265 901 1328 alius,
932 1271 964 1320 ut
984 1265 1012 1319 in
1033 1281 1086 1336 quo
1106 1264 1249 1336 inscriptio
1277 1266 1382 1320 orbium
1402 1264 1521 1338 physica
1543 1263 1672 1334 gratim

282 1344 461 1417 perfeetionis
482 1344 691 1415 proportionum
711 1345 943 1417 geometricamm
964 1345 1168 1409 aemularetur,
1199 1344 1341 1400 stabilitus
1363 1354 1408 1400 est
1427 1361 1508 1417 prop.
1530 1345 1579 1398 ld.
1604 1341 1669 1397 47.

283 1424 377 1481 Tertio
398 1431 510 1481 constat
530 1441 568 1479 ex
589 1424 713 1479 omnibus
734 1424 809 1479 illius
832 1425 898 1480 libri
920 1424 1108 1480 axiomatibus
1128 1431 1159 1480 et
1178 1424 1421 1496 propositionibus,
1441 1425 1567 1480 ultimum
1581 1421 1672 1477 lini·

284 1506 418 1563 tationem
437 1504 623 1576 proportionis
645 1504 840 1560 diastematum
865 1505 925 1560 teri
951 1506 1136 1560 necessumst
1161 1512 1277 1576 proptor
1296 1514 1387 1560 motus
1405 1507 1599 1576 planetarum
1627 1506 1672 1555 ut

285 1604 323 1642 sc.
355 1586 428 1641 inter
454 1592 594 1641 extremos
624 1592 715 1639 motus
745 1602 808 1640 esse
838 1593 953 1656 poesent
981 1584 1143 1640 barmoniae
1163 1592 1267 1641 oertae.
1308 1586 1337 1641 Si
1366 1586 1432 1651 boc,
1463 1584 1543 1641 nulla
1563 1583 1668 1655 igitur

286 1673 384 1739 potest
402 1663 503 1721 baberi
522 1664 596 1719 ratio
615 1665 714 1721 Lunae
734 1666 847 1720 Terram
869 1665 1143 1731 drcummrsitantis,
1173 1672 1207 1720 ut
1226 1681 1298 1737 quae
1326 1666 1396 1721 nibil
1416 1666 1524 1722 confert
1553 1665 1588 1718 sd
1611 1663 1664 1717 in·

287 1747 429 1804 citandum
448 1745 494 1799 vel
514 1746 714 1800 retardandum
734 1745 818 1801 ullius
838 1747 972 1816 planetae
992 1752 1103 1811 motum,
1125 1764 1176 1802 nec
1194 1746 1358 1801 curriculum
1371 1763 1451 1802 suum
1471 1747 1545 1801 circa
1558 1743 1664 1799 Solen

288 1834 413 1891 exercet,
434 1843 486 1880 nec
506 1843 542 1879 ex
557 1824 623 1879 Sole
644 1826 782 1897 regularis
803 1833 923 1897 apparet
943 1826 1004 1896 ejus
1024 1832 1125 1882 motus.
1166 1827 1238 1881 Nam
1258 1844 1295 1881 ex
1312 1826 1378 1883 Sole
1398 1827 1540 1898 inspectus
1553 1825 1662 1879 Lunae

287 1915 377 1963 motus
399 1906 539 1961 rideretur
559 1906 703 1967 saltuatim
725 1905 861 1963 incedere.
902 1906 949 1963 Sic
975 1906 1063 1978 igitur
1078 1908 1117 1961 de
1137 1909 1204 1961 orbe
1224 1907 1346 1962 Telluris
1375 1914 1419 1962 est
1446 1906 1659 1977 disputandum,

289 2006 323 2044 sc
343 1986 366 2042 si
386 1987 484 2042 Lunae
506 1986 612 2040 coelum
633 1987 738 2041 nullam
757 1986 783 2041 ei
805 1985 959 2041 crassitiem
976 1987 1099 2041 edderet.

368 2064 398 2133 b)
420 2068 499 2122 Haec
518 2067 628 2137 gemino
650 2083 732 2121 sensu
753 2073 871 2137 possunt
891 2066 997 2137 eccipi;
1018 2067 1135 2136 primus,
1157 2067 1248 2122 textui
1269 2067 1447 2129 convenient,
1469 2072 1514 2120 est
1533 2065 1592 2121 bic:
1622 2070 1661 2118 ut

291 2149 329 2204 sit
349 2147 456 2218 quidem
478 2146 552 2201 orbis
573 2163 633 2201 cum
654 2148 737 2212 nodo,
759 2149 807 2201 sed
828 2147 986 2202 includatur
1006 2148 1099 2202 orbita
1118 2146 1267 2218 planetae,
1287 2152 1385 2203 tantae
1405 2145 1599 2216 spissitudinis,
1622 2150 1659 2198 ut

290 2229 377 2284 nodus
398 2227 444 2281 bic
464 2242 514 2281 seu
533 2226 630 2281 Lunae
651 2226 771 2291 coelum,
793 2227 886 2282 latest
905 2233 995 2282 totum
1015 2227 1098 2291 intus,
1119 2226 1189 2281 nihil
1209 2228 1359 2298 impediens
1381 2225 1505 2280 extimae
1525 2225 1656 2281 intimae·

291 2324 346 2381 que
366 2307 521 2378 superficiei
541 2307 739 2362 rotunditatem
759 2308 927 2362 absolutam.
968 2307 1051 2362 Alter
1063 2324 1161 2362 senem
1174 2308 1271 2363 bcnrm
1284 2308 1430 2362 verborum
1448 2312 1547 2377 posset
1564 2304 1655 2375 arripi

294 2389 364 2444 iste:
395 2389 468 2459 quod
488 2388 517 2442 in
536 2404 641 2459 genere
662 2388 811 2443 absurdum
831 2387 880 2451 sit,
910 2387 1019 2442 Lunum
1040 2387 1182 2443 euenire
1202 2389 1329 2454 Terram,
1360 2388 1424 2441 dnm
1452 2387 1524 2442 baec
1543 2386 1655 2442 iuterim

291 2469 368 2524 circs
388 2467 481 2523 Solem
506 2467 616 2523 incedit
659 2468 697 2522 Ut
724 2467 813 2539 igitur
838 2468 912 2523 banc
930 2467 1015 2523 etiam
1045 2467 1228 2538 objectionem
1254 2469 1372 2524 diluam:
1404 2467 1477 2531 dico,
1507 2468 1580 2539 quod
1598 2467 1655 2522 tos

293 2558 360 2605 tunc
380 2548 542 2605 condumum
563 2547 648 2603 videri
667 2548 807 2618 potuerit,
838 2565 899 2603 cum
920 2550 1039 2605 noudum
1063 2548 1166 2603 detecti
1191 2557 1288 2604 essent
1305 2547 1430 2604 levisles
1460 2547 1594 2617 planetae
1624 2554 1655 2600 et

291 2636 387 2685 cetera
408 2628 436 2683 in
457 2629 536 2682 coelo
556 2643 638 2683 nora.
680 2633 720 2683 at
740 2645 777 2683 ex
798 2645 852 2700 quc
873 2629 926 2683 illa
937 2628 1046 2695 seimus,
1067 2629 1229 2684 concinnum
1242 2644 1415 2701 nequaqnam
1432 2627 1552 2699 amplius
1564 2626 1654 2682 rideri

290 2711 383 2773 debet,
404 2725 459 2763 non
479 2725 551 2773 esse,
573 2710 644 2780 quod
666 2708 848 2771 omniuoest,
871 2710 957 2763 nodus
978 2726 1016 2765 sc.
1037 2710 1212 2781 quadruplex
1234 2710 1309 2765 circa
1328 2710 1441 2772 Jnrem,
1464 2709 1487 2763 si
1508 2724 1559 2778 pro
1580 2707 1653 2763 nodo

292 2804 423 2860 corporeo
444 2789 539 2859 spatia
558 2788 754 2843 curriculorum
773 2787 927 2860 intelligas,
949 2788 989 2843 sic
1008 2788 1082 2844 circa
1101 2790 1198 2845 dorem
1219 2791 1414 2852 ordinatorum,
1439 2796 1472 2843 ut
1491 2787 1565 2843 circo
1585 2788 1653 2842 Ter·

292 2885 350 2924 ram
370 2868 467 2923 Lunae
493 2869 657 2923 curriculum
685 2868 841 2923 ordinatum
864 2876 917 2923 est
959 2869 1030 2924 Nem
1057 2870 1090 2923 de
1112 2886 1246 2941 corporea
1265 2871 1370 2925 orbium
1399 2868 1540 2923 soliditate
1566 2882 1652 2938 supra

291 2949 361 3005 satis
384 2955 502 3012 cautum,
525 2955 556 3002 et
575 2955 691 3021 cavetur
710 2949 794 3003 etiam
815 2949 843 3003 in
864 2956 947 3004 textu
968 2950 1103 3021 sequenti.
1119 2941 1158 3018 ⁸⁸)

206 3088 211 3097 ,
305 3036 306 3039 ’
372 3026 398 3095 c)
420 3029 574 3084 consensus
601 3029 629 3083 in
655 3028 709 3083 hcc
736 3029 882 3083 multorum
909 3046 961 3099 per
981 3026 1073 3084 omnes
1094 3036 1204 3084 aetates
1228 3030 1467 3100 pbilosophorum,
1498 3027 1544 3099 qui
1565 3043 1651 3097 supra

292 3111 394 3182 vulgus
420 3125 522 3179 sapere
546 3116 612 3163 sunt
636 3107 710 3171 ausi;
740 3109 883 3180 Diogenes
903 3109 1034 3164 Laertius
1053 3111 1245 3183 Anaxagorae
1272 3109 1386 3173 tribuit;
1414 3109 1486 3164 libro
1511 3124 1584 3171 meo,
1606 3107 1650 3161 cui

292 3190 406 3245 titulus:
428 3189 463 3243 ad
487 3188 661 3244 Vitellionem
680 3187 903 3259 Paralipomena,
926 3190 1018 3260 capite
1037 3191 1072 3243 de
1092 3191 1154 3245 lnce
1175 3192 1301 3255 siderum,
1326 3189 1450 3262 allegari
1470 3188 1651 3243 Plutarchum

293 3273 327 3325 de
347 3270 419 3324 facie
438 3270 545 3324 Lunae.
587 3269 697 3324 citatim
716 3274 747 3322 et
766 3269 934 3324 Aristoteles
953 3270 991 3324 eb
1004 3273 1136 3325 eremos»
1177 3272 1280 3326 Verum
1300 3270 1353 3325 boc
1373 3272 1476 3342 dogma
1494 3276 1650 3339 postremus

293 3350 438 3406 Galilaeus
459 3348 611 3419 telescopio
632 3348 749 3419 Belgico
769 3348 1034 3405 confirmatissimam
1059 3350 1187 3407 reddidit.
1227 3351 1298 3406 Vide
1322 3350 1408 3406 etiam
1428 3348 1651 3405 dissertationem

291 3446 379 3486 mecm
399 3445 460 3483 cum
480 3428 579 3483 nuncio
599 3428 707 3484 sidereo
729 3428 860 3483 Galilaei.
1130 3462 1134 3467 ·

370 3506 399 3576 d)
421 3510 507 3564 Certa
526 3508 634 3581 quidem
654 3514 700 3563 est
718 3509 862 3581 proportio
882 3510 954 3573 ista,
984 3526 1022 3565 sc.
1043 3526 1115 3581 quae
1139 3512 1151 3564 l
1175 3510 1210 3564 ad
1233 3510 1271 3566 59
1300 3510 1421 3566 circiter:
1450 3516 1481 3565 at
1507 3507 1650 3581 proportio

290 3588 411 3662 corporis
432 3589 505 3644 Solis
531 3592 566 3644 ad
595 3589 689 3643 orbem
708 3588 837 3645 Mercurii
865 3597 910 3645 est
936 3590 1023 3660 paulo
1043 3590 1117 3655 alia,
1148 3608 1185 3646 sc.
1215 3609 1270 3647 non
1291 3592 1395 3646 medius
1417 3590 1491 3645 orbis
1512 3588 1649 3653 Mercurii,

290 3673 338 3727 sed
359 3669 469 3724 intimus
490 3676 521 3722 et
540 3669 752 3740 angustissimus
773 3676 818 3741 est
838 3672 1032 3733 assumendum
1061 3671 1104 3725 cui
1124 3670 1153 3725 in
1173 3672 1283 3727 tabells
1305 3671 1403 3742 capitis
1428 3670 1463 3725 15
1491 3671 1651 3725 tribuuntur

294 3753 359 3815 14⁰.
390 3765 451 3804 cum
470 3748 543 3804 Solis
568 3749 771 3825 semidiameter
799 3768 836 3805 ex
856 3754 954 3805 eadem
978 3750 1090 3806 Tellure
1116 3750 1271 3822 inspectus,
1303 3751 1445 3806 contiueat
1472 3751 1578 3806 minuta
1600 3749 1649 3813 to;

290 3847 375 3903 quare
396 3830 454 3884 t'ere
474 3837 520 3883 est
538 3829 681 3899 proportio
705 3846 777 3901 quae
801 3831 813 3885 1
838 3833 874 3886 ad
896 3832 944 3886 56.

370 3906 398 3975 s)
420 3910 466 3964 Ita
485 3909 593 3981 quidem
613 3917 680 3965 tunc
699 3912 862 3976 censebam3
891 3919 924 3966 at
943 3917 1044 3981 postea
1068 3910 1097 3966 in
1118 3912 1266 3966 Commeut.
1297 3912 1331 3965 de
1352 3912 1443 3966 Marte
1464 3927 1499 3964 ue
1519 3910 1572 3965 boc
1591 3908 1650 3981 qui·

292 3994 354 4047 dem
373 3989 518 4044 intellectu
538 3989 568 4045 in
587 3997 692 4045 metere
713 4007 782 4061 opus
803 4009 865 4047 esse
885 3991 1080 4046 demonstrari.
1121 3992 1191 4046 Nam
1204 3991 1257 4046 etsi
1273 3992 1463 4062 proportiones
1478 3997 1573 4045 certae
1587 3996 1652 4044 sunt

291 4069 483 4144 praescriptae
503 4070 622 4125 metibus
644 4071 785 4137 omnibus,
817 4073 898 4143 idque
918 4073 957 4127 ab
976 4071 1167 4145 intelligentia
1186 4071 1250 4142 ipsa
1269 4088 1399 4143 suprema
1421 4077 1452 4125 et
1470 4070 1568 4135 unica,
1598 4071 1652 4125 hoc

291 4159 343 4219 est,
366 4152 465 4208 aDeo
485 4158 625 4205 creatore:
651 4151 719 4207 illue
740 4159 833 4206 tamen
858 4151 1052 4223 proportiones
1071 4158 1194 4207 motuum
1215 4152 1277 4207 inde
1305 4168 1325 4207 a
1344 4151 1485 4208 creatione
1508 4151 1651 4222 bucusque

290 4238 489 4288 conservantur
509 4230 704 4294 invariabiles,
726 4249 781 4287 non
801 4248 853 4303 per
873 4233 1045 4287 intellectum
1066 4232 1186 4304 aliquem
1206 4233 1305 4288 meteri
1326 4242 1510 4296 concreatum,
1531 4232 1580 4285 ssd
1600 4247 1652 4302 per

291 4315 360 4368 dues
379 4328 425 4367 res
446 4312 531 4374 alias;
553 4312 642 4381 prima
662 4317 714 4376 est,
737 4313 963 4383 aequabilissims
983 4319 1013 4366 et
1032 4312 1161 4383 perennis
1180 4314 1286 4368 rotatio
1307 4313 1428 4384 corporis
1449 4312 1569 4376 Solaris,
1591 4326 1651 4366 cum

291 4392 383 4464 specie
404 4390 446 4447 sui
474 4391 676 4456 immateriata,
702 4390 732 4447 iu
751 4399 841 4447 totum
866 4396 993 4448 mundum
1013 4398 1177 4457 emanante,
1204 4409 1276 4464 quse
1304 4393 1411 4465 species
1431 4393 1518 4448 ricem
1539 4390 1651 4447 motoris

290 4479 434 4543 praestat;
457 4472 550 4526 altera
569 4487 656 4527 causa
675 4479 741 4527 sunt
761 4473 929 4528 libramenta
948 4479 979 4527 et
998 4473 1173 4544 magneticae
1187 4473 1351 4530 directiones
1366 4490 1510 4545 corporum
1529 4472 1652 4542 ipsorum

291 4552 430 4607 mobilium
450 4551 634 4607 immutabilia
653 4558 684 4606 et
703 4553 845 4623 perennia.
887 4554 925 4607 Ut
945 4553 985 4607 sic
1006 4569 1094 4624 aeque
1115 4570 1169 4608 uon
1189 4554 1279 4625 magis
1300 4554 1338 4609 sit
1357 4571 1426 4625 opus
1441 4553 1576 4609 creaturis
1590 4552 1651 4608 istis

291 4631 438 4688 intellectu
467 4632 502 4686 ad
527 4633 645 4688 tuendas
671 4639 793 4688 motuum
819 4633 1025 4705 proportiones,
1058 4640 1143 4704 atque
1173 4633 1262 4690 librae
1286 4634 1413 4689 lancibus
1433 4632 1651 4705 etponderibus

292 4719 383 4767 mente
404 4717 449 4767 est
469 4728 538 4783 opus
560 4715 596 4768 sd
615 4713 784 4783 prodendam
803 4714 1011 4785 proportionem
1030 4715 1191 4784 ponderum.
1233 4714 1296 4770 Etsi
1324 4722 1389 4771 sunt
1409 4714 1468 4770 alia
1486 4719 1653 4786 “minente

294 4792 392 4863 quibus
412 4793 557 4863 probatur,
578 4792 669 4849 inesse
684 4793 713 4848 in
727 4795 887 4865 corporibus
901 4795 1080 4866 plenetsrum
1094 4794 1195 4848 saltem
1208 4795 1329 4850 Telluris
1343 4801 1375 4849 et
1387 4794 1459 4850 Solis
1480 4794 1651 4848 intellectum

292 4871 421 4949 aliquem,
442 4889 497 4928 non
517 4873 624 4945 quidem
644 4872 876 4941 ratiocinativum,
900 4882 933 4930 ut
947 4874 974 4930 in
988 4866 1113 4939 homine,
1138 4881 1264 4930 attamen
1277 4876 1437 4932 insductum
1454 4873 1528 4929 utin
1542 4874 1650 4946 plaute,
