3609 5634
275 388 341 456 bffi
696 390 1089 457 Wfflfflss
1107 396 1211 441 nm·

275 565 384 613 sacam
408 549 594 612 horizontem
617 546 647 610 in
673 544 718 622 G,
742 547 900 610 zodiacum
922 547 951 609 in
975 550 1018 611 M.
1066 548 1125 611 nst
1147 547 1239 628 igitar
1260 547 1356 629 ipsius
1379 547 1488 610 stallae
1512 546 1540 609 L
1561 564 1641 608 sex-

276 640 339 702 tilis
363 648 427 700 tam
450 638 481 700 in
506 635 536 698 G
559 655 648 717 quam
671 636 701 698 in
725 636 773 721 bl,
806 637 875 716 quia
898 637 1007 701 stellae
1030 637 1153 699 radiant
1181 637 1210 699 in
1236 638 1338 700 orbem
1362 635 1571 706 circumcirca,
1603 643 1642 697 et

156 725 159 736 ¹
277 728 307 792 G
337 728 456 809 quidem
484 726 549 806 jam
582 726 683 805 tangit
715 725 917 798 horizontem,
950 726 985 788 Μ
1017 745 1087 788 vero
1122 734 1172 789 est
1197 726 1287 788 infra.
1333 724 1513 799 Quaeritur,
1547 724 1640 804 quale

276 825 419 899 puuctum
444 816 481 876 de
504 814 614 876 circulo
629 811 694 875 MG
717 813 883 901 tenendum⁸
903 815 946 875 sit
966 833 1021 894 pro
1045 815 1209 877 directione
1231 814 1320 894 hujus
1343 815 1462 877 sextilis
1485 814 1524 875 ad
1543 813 1641 875 boro-

159 963 164 968 .
276 903 421 985 scopum?
458 904 538 967 Nam
561 903 588 964 si
612 900 640 963 G
666 910 753 964 extra
767 902 933 978 zodiacum,
958 903 1083 966 directio
1098 903 1221 966 durabit
1234 901 1420 966 diutissime:
1444 901 1544 964 omnia
1558 902 1641 962 enim

276 1003 390 1076 puncta
412 992 515 1053 circuli
537 990 624 1071 parvi
652 1009 689 1052 ex
713 990 739 1052 L
767 991 912 1070 descripti
944 993 1115 1054 successivo
1148 998 1278 1072 tangunt
1312 992 1527 1071 horoscopum:
1564 1008 1640 1069 ergo
1720 1045 1725 1052 .

276 1085 374 1145 solum
397 1090 540 1160 punctum
554 1080 588 1141 M
607 1078 731 1141 valebit.
779 1077 943 1149 Quaeritur
966 1080 1057 1160 igitur
1082 1079 1237 1160 longitudo
1260 1080 1333 1143 ΜΗ.
1381 1080 1543 1142 Methodus
1568 1097 1642 1139 cor·
1693 1105 1699 1114 ·

277 1170 448 1235 rectissima
470 1170 526 1231 boc
549 1169 615 1231 loco
639 1175 696 1243 est,
720 1176 755 1229 nt
768 1176 922 1231 secantem
937 1169 994 1231 ΒΜ
1020 1163 1082 1231 60⁰
1103 1168 1222 1230 dividas
1244 1187 1299 1248 per
1320 1178 1476 1231 secantem
1491 1167 1549 1229 ΒΗ
1564 1167 1640 1229 lati·

278 1260 405 1331 tudinis,
436 1267 469 1319 ut
491 1258 620 1338 prodeat
642 1275 751 1318 secans
774 1257 846 1320 ΜΗ.
892 1257 963 1318 Jam
986 1257 1157 1338 Maginus
1190 1260 1231 1330 (ns
1251 1265 1427 1332 snpplamanto
1446 1263 1642 1330 ephemeridem

276 1374 301 1424 p.
324 1354 375 1407 ton
392 1355 418 1406 n.
449 1354 565 1405 mmkot.
586 1347 670 1419 tons)
695 1347 810 1408 mavult
833 1354 975 1425 punctum
998 1346 1085 1407 Min
1108 1354 1271 1426 aequatore
1295 1356 1441 1421 statuere,
1467 1355 1501 1407 ut
1524 1345 1566 1407 sit
1581 1344 1643 1406 LH

205 1445 207 1448 ’
279 1437 450 1510 declinatio,
475 1433 566 1497 HMF
585 1444 747 1514 aequator3
771 1434 829 1495 erit
852 1434 944 1514 igitur
966 1454 1126 1516 processus
1149 1435 1239 1511 idem,
1263 1437 1399 1511 etscias,
1424 1435 1480 1496 boc
1494 1452 1642 1513 pmcessu

279 1527 413 1589 tabulam
440 1542 509 1586 esse
537 1525 664 1595 iactam,
701 1541 739 1583 ex
768 1540 827 1602 qua
853 1523 996 1603 Maglona
1021 1524 1111 1603 jubet
1144 1541 1316 1603 excerpere.
1369 1524 1421 1586 Sic
1450 1521 1642 1602 Origauus

278 1613 464 1680 (Ephsmarldas
482 1610 719 1676 Braudaaburgiaaa
736 1611 770 1661 ab
782 1625 804 1660 a
820 1607 1004 1661 tots-tono.
1024 1611 1140 1662 ankol.
1155 1612 1188 1662 ad
1200 1610 1248 1662 0d.
1264 1609 1341 1663 lton.
1360 1611 1418 1661 Vol
1431 1611 1451 1661 1.
1470 1625 1495 1675 p.
1509 1606 1562 1659 386
1575 1605 1642 1674 seq.)

279 1706 344 1750 cum
368 1704 422 1747 sno
445 1684 533 1746 modo
557 1691 589 1744 et
612 1681 718 1744 tabula
743 1684 832 1761 plane
861 1682 917 1744 hoc
945 1693 1099 1763 praestat,
1134 1684 1212 1764 quod
1237 1701 1293 1762 ego
1316 1702 1408 1764 supra
1431 1682 1519 1745 docui
1542 1682 1641 1761 primo

279 1776 432 1838 schemate
464 1792 518 1853 par
549 1781 691 1833 secantes
728 1773 879 1842 (vicicolas
907 1780 1006 1830 scunt:
1036 1782 1136 1831 noum
1160 1786 1231 1830 tuum
1254 1780 1424 1831 comitandi
1449 1779 1488 1829 val
1515 1777 1645 1843 aunum

279 1870 408 1928 aspectus,
433 1859 562 1912 dividendo
581 1865 710 1910 secantem
727 1859 767 1909 rel
785 1857 951 1910 differentiam
968 1860 1108 1911 lantudiuis
1126 1859 1172 1911 bo.
1191 1876 1239 1911 nac
1257 1876 1306 1927 ago
1331 1875 1379 1912 nac
1399 1859 1524 1926 On'pauua
1542 1858 1644 1923 urenti

227 2010 237 2022 θ
279 1938 434 2008 muamus).
480 1931 602 1994 Invenit
623 1930 715 2001 enim,
751 1938 893 2011 quantum
917 1933 1059 2011 planetae
1083 1933 1216 1994 debeant
1238 1933 1353 1994 distare
1381 1932 1410 1994 in
1434 1931 1574 2004 zodiaco,
1608 1937 1645 1989 ut

277 2025 323 2087 vsit
351 2022 430 2083 iuter
456 2019 588 2100 ipsomm
617 2036 743 2098 corpora
769 2019 922 2098 perfectus
946 2031 1099 2099 aspectus.
1145 2020 1340 2093 Nesciebam‚
1373 2020 1493 2082 tabulas
1525 2018 1583 2081 has
1610 2018 1643 2079 in

279 2110 404 2190 Magino
427 2109 476 2188 vel
499 2105 634 2187 Origano
658 2107 793 2169 inveniri.
840 2106 957 2187 Magini
980 2117 1081 2170 tamen
1105 2111 1288 2171 sententiam
1317 2110 1354 2171 do
1382 2117 1547 2189 aequatore
1581 2124 1641 2166 non

280 2209 354 2282 puto
377 2205 503 2259 naturae
527 2203 770 2257 consentaneam
814 2195 1010 2259 Plauetarum
1034 2194 1171 2260 etSolis
1194 2199 1253 2260 iter
1276 2198 1376 2260 estin
1400 2197 1541 2260 zodiaco:
1571 2194 1643 2257 iude

280 2298 330 2351 est
353 2287 399 2349 vis
422 2287 560 2366 partibus
583 2283 699 2346 zodiaci
722 2282 806 2346 radio
831 2285 941 2347 stellae
955 2285 1047 2347 tactis
1062 2286 1200 2348 movendi
1223 2297 1375 2362 naturam,
1398 2304 1466 2348 cum
1488 2304 1544 2347 eae
1566 2303 1643 2365 par-

282 2388 329 2440 tes
352 2376 391 2439 ad
414 2375 611 2452 horoscopum
634 2372 767 2435 veniunt.
814 2371 931 2436 Sufficit
953 2372 1061 2454 igitur,
1086 2384 1119 2438 ut
1142 2384 1290 2458 aequatur
1311 2383 1448 2456 praestet
1470 2391 1643 2436 mensnram

282 2462 426 2546 temporis
449 2461 636 2526 directionis.

244 2601 249 2619 ’
369 2577 407 2654 4)
433 2577 626 2640 Ptolemaeus
655 2561 733 2637 forte
757 2570 928 2659 ὁλοσχερῶς
956 2585 988 2639 ot
1016 2577 1164 2659 pinguiori
1187 2579 1326 2642 Minerva
1348 2547 1482 2653 dixerat,
1516 2575 1644 2658 pradum

282 2666 455 2750 sequuturis
479 2667 508 2728 in
532 2665 697 2728 directione
724 2665 894 2745 significare
920 2686 1029 2728 aunum
1066 2669 1233 2740 (violemus
1252 2677 1369 2745 trapam
1386 2677 1519 2744 glanum,
1547 2673 1645 2725 Natho-

283 2758 341 2808 clam
358 2779 392 2790 -
410 2757 437 2805 iu
456 2753 593 2805 comment.
613 2753 646 2804 ad
658 2752 829 2803 Ptolemaeum
849 2781 881 2792 -
900 2756 983 2804 rarius
1000 2769 1076 2821 quam
1094 2762 1191 2806 cataros
1209 2761 1352 2810 macutum
1370 2757 1446 2808 lunae
1459 2762 1571 2807 mantem
1582 2754 1642 2804 Pto-

282 2829 373 2880 lamaai
391 2828 416 2877 in
435 2826 625 2887 directionibus,
651 2826 793 2875 atmodum
811 2825 889 2889 ipsius
908 2828 1039 2876 convenire
1063 2842 1119 2877 cnm
1138 2829 1210 2877 modu
1229 2843 1273 2877 auo
1292 2826 1337 2878 no.
1375 2827 1442 2878 Num
1460 2827 1502 2878 bic
1521 2841 1592 2876 varus
1611 2827 1645 2875 ait

282 2909 369 2960 modus
386 2907 561 2963 Ptolomeicus,
580 2911 606 2955 at
624 2905 697 2970 quala
714 2912 784 2956 tuum
802 2908 835 2956 sit
844 2906 973 2971 judicium,
992 2906 1088 2970 postulo
1102 2911 1128 2958 at
1141 2902 1268 2974 expecto).
1306 2900 1397 2975 Sane,
1422 2899 1493 2980 quia
1516 2907 1644 2960 eventus

283 2990 479 3066 directionum
503 3006 562 3048 non
586 2988 624 3048 ad
648 2985 864 3049 subtilissimas
887 2987 1029 3049 minutias
1052 2989 1246 3068 respondent,
1268 2989 1387 3070 putavit
1405 2987 1570 3050 mittendas
1583 2985 1643 3047 mi-

283 3080 399 3154 nutias,
431 3087 463 3139 et
485 3085 567 3139 recte
591 3074 721 3155 quidem.
768 3074 981 3151 Recentiores,
1006 3073 1179 3151 Cardenus,
1204 3078 1359 3157 Maginus,
1384 3075 1538 3149 Naiboda,
1562 3075 1644 3135 Bra·

283 3172 376 3243 bena,
413 3165 549 3227 minutim
580 3163 681 3224 omnia
712 3172 944 3238 consectantes,
982 3165 1095 3227 rectius
1123 3167 1325 3240 contendunt,
1364 3158 1452 3229 360⁰
1474 3163 1644 3245 significare

284 3251 392 3337 364'1,
419 3271 523 3314 annos.
570 3251 657 3313 Meus
689 3253 795 3314 modus
825 3254 977 3316 consentit
1004 3255 1133 3316 maxime
1157 3274 1223 3316 cnm
1246 3256 1386 3330 Brabeo,
1420 3254 1488 3335 qni,
1522 3263 1557 3313 nt
1587 3269 1644 3331 ego

283 3363 338 3428 per
364 3341 480 3405 zodiaci
509 3359 596 3403 arcus
620 3339 716 3422 dirigo
739 3340 857 3418 Solem,
880 3341 926 3404 ita
949 3342 1015 3423 ipse
1039 3362 1093 3424 per
1116 3343 1288 3425 aequaturis
1310 3363 1398 3407 arcus
1421 3342 1590 3404 coorientes
1614 3340 1645 3401 in

287 3442 372 3498 recta
394 3431 534 3512 sphaera.

373 3536 410 3614 5)
443 3534 532 3608 Quod
558 3535 747 3598 Peucerus
772 3536 812 3608 (in
824 3544 884 3596 libro
903 3545 935 3598 da
947 3546 1135 3599 Divinationum
1146 3549 1279 3613 penatibus
1291 3541 1446 3614 praacipuis)
1468 3544 1559 3620 putat
1581 3553 1648 3597 cum

285 3630 432 3704 Herlicio,
457 3645 512 3687 eas
531 3625 702 3688 censendas
725 3643 795 3688 esse
818 3627 1009 3707 planetarum
1032 3629 1154 3706 domus,
1184 3647 1261 3708 quaa
1285 3628 1566 3690 constellationibus
1589 3624 1647 3686 de·

285 3719 471 3788 scribuntur,
503 3733 559 3776 nec
586 3713 771 3794 incipiendas
801 3715 839 3777 ab
869 3717 1075 3797 aequinoctio,
1108 3717 1163 3779 scd
1193 3739 1212 3779 a
1238 3718 1337 3798 prima
1359 3717 1480 3780 arietis:
1514 3715 1647 3797 speciem

284 3808 378 3870 babet
400 3804 474 3878 veri
498 3805 541 3865 sic
565 3804 643 3865 enim
666 3811 699 3864 et
721 3823 789 3866 cum
810 3805 915 3867 Lunae
939 3805 1145 3868 mansionibus
1168 3807 1211 3868 lit
1256 3806 1394 3869 Atride
1417 3806 1494 3869 libro
1517 3823 1584 3868 meo
1608 3803 1646 3864 de

285 3895 408 3972 „Stella
431 3892 640 3975 Serpentarii“
670 3894 853 3955 sententiam
876 3913 988 3971 meam,
1022 3896 1114 3956 etiam
1142 3914 1179 3957 ex
1202 3905 1302 3957 mente
1331 3896 1552 3975 astrologorum
1580 3892 1645 3953 for-

286 3993 408 4060 matam,
431 3981 565 4044 Peucero
588 3981 787 4044 contrariam:
817 3981 876 4044 etsi
900 3991 1016 4045 totum
1038 3984 1206 4046 domuum
1229 3984 1418 4064 negotium
1441 3992 1645 4046 contemno.

373 4098 460 4160 Haec
483 4097 521 4158 ad
547 4097 651 4160 literas
675 4097 704 4158 d.
729 4098 758 4158 d.
783 4095 837 4161 25.
862 4097 978 4159 Martii.
1023 4099 1111 4162 Nunc
1135 4099 1175 4161 ad
1197 4107 1360 4180 sequentes
1386 4095 1437 4162 18.
1460 4096 1554 4178 Maji:

379 4187 410 4261 l)
442 4185 540 4260 Petis,
571 4193 605 4249 ut
628 4185 711 4248 brari
734 4194 897 4267 praecepto
921 4195 952 4248 te
972 4186 1086 4266 juvem,
1109 4197 1144 4250 nt
1167 4188 1263 4264 scias,
1294 4195 1437 4268 quantum
1465 4184 1645 4267 (inparui-

285 4277 392 4342 canis
415 4275 578 4337 motibus
602 4275 840 4354 planetarum
863 4275 906 4337 sit
920 4275 1099 4351 addendum,
1124 4275 1529 4358 quantumaubtrahendum.
1571 4275 1645 4337 nixi

282 4369 346 4449 jam
379 4382 471 4444 saepe
503 4372 536 4425 et
567 4363 694 4445 scripsi,
726 4382 789 4425 rem
816 4372 980 4444 praecepto
1003 4366 1216 4445 comprehendi
1243 4385 1303 4427 nou
1325 4384 1441 4447 posse.
1473 4364 1644 4426 Brabeus

285 4459 352 4538 ipsc
375 4455 420 4517 sic
443 4452 521 4532 egit:
554 4453 706 4527 ostendit,
741 4451 938 4532 quantumin
962 4456 1192 4518 excentricitate
1215 4456 1410 4529 mutandum,
1445 4460 1590 4535 quantum
1612 4452 1644 4514 in

287 4561 443 4625 apogaeo,
477 4548 622 4620 quantum
653 4541 684 4603 in
714 4540 909 4622 proportione
942 4542 1077 4618 orbium,
1110 4544 1138 4606 in
1170 4553 1253 4606 motu
1276 4544 1392 4619 medio,
1425 4543 1457 4604 iu
1480 4541 1641 4605 latitudine

288 4633 429 4695 maxima.
476 4627 593 4699 Quibus
624 4629 798 4695 constitutis
826 4630 921 4711 jussit
952 4641 1061 4712 postea
1092 4634 1241 4696 calculare
1279 4640 1379 4694 motus
1407 4630 1496 4693 modo
1526 4630 1642 4693 usitato

288 4721 319 4782 in
340 4718 510 4783 Prutenicis
534 4726 565 4781 et
587 4717 795 4800 Alpbonsinis,
818 4727 938 4782 tautum
961 4721 1105 4785 correctis
1128 4722 1291 4803 principiis.
1338 4711 1486 4801 Exemplo
1507 4719 1641 4800 iugentia

288 4809 458 4881 rauemtis,
480 4825 557 4886 qaae
580 4807 628 4870 bis
651 4825 690 4868 ex
712 4807 866 4887 principiis
890 4809 1001 4886 oritur,
1029 4811 1071 4873 sit
1094 4811 1148 4873 tibi
1171 4812 1284 4873 Mars.
1331 4805 1530 4873 nauarent.
1553 4808 1640 4888 prin·

289 4897 366 4979 cipio
389 4896 461 4958 anui
483 4905 524 4959 st.
546 4913 576 4958 n.
599 4896 695 4977 incipe
718 4896 830 4959 addara
858 4899 923 4979 aim
956 4900 1031 4984 locis
1052 4899 1242 4971 Protenicis,
1273 4896 1328 4963 nt.
1351 4898 1441 4962 Febr.
1470 4897 1549 4960 adde
1570 4897 1641 4977 plu·
