3609 5634
287 371 353 441 422
852 372 892 424 us
912 373 1092 425 rerumne·

288 533 513 618 perpendiculo,
538 551 597 595 nno
619 529 742 618 milliari
765 532 938 612 germanico
961 530 1068 606 (altior
1086 540 1187 596 antem
1210 549 1278 594 esse
1295 531 1472 614 vixpotest,
1493 545 1554 590 non
1574 523 1671 589 nnn

289 624 397 689 eadem
423 630 471 686 cst
494 621 623 685 altitudo
648 620 805 696 materiae,
830 639 907 702 qnae
931 621 1108 705 crepuscula
1131 621 1214 697 lacit,
1234 629 1266 682 et
1284 639 1361 702 quae
1379 614 1671 682 stellarnmradioe

290 713 457 794 refringit).
491 709 592 774 Solari
615 709 707 791 igitur
729 710 815 774 radio
839 717 960 772 aestate
984 709 1142 791 objicietur
1169 708 1325 773 erassities
1347 709 1435 772 unius
1457 703 1601 769 mr’lliaris
1630 709 1672 764 et

290 821 387 865 nouae
410 800 524 881 partis,
546 799 653 881 hyeme
682 800 771 861 trium
795 806 828 860 et
850 799 970 861 tertiae.
1015 799 1066 862 Ita
1087 799 1178 881 triplo
1202 798 1328 861 debilior
1350 806 1398 861 est
1417 797 1528 881 hyeme
1550 792 1671 857 radius

291 890 374 955 Solis
397 897 522 971 propter
543 888 622 951 hanc
646 908 790 951 causam:
815 896 847 949 et
870 887 1039 968 conjunctis
1062 888 1109 950 his
1133 888 1229 951 tribus
1252 887 1367 962 causis,
1394 887 1448 949 vix
1470 903 1544 966 pars
1567 884 1669 946 rice-

291 980 369 1043 eIma
392 987 502 1061 quarta
525 978 631 1060 hyeme
654 977 765 1041 caloris
789 976 899 1039 aestivi
923 985 1072 1057 superest.

849 1066 988 1128 Thasie
1011 1064 1083 1127 XII.

381 1156 451 1219 Etsi
474 1173 546 1217 vern
569 1154 628 1217 hae
651 1161 715 1217 tres
739 1173 850 1217 causae
872 1154 948 1233 ipsis
970 1154 1095 1217 brumae
1118 1162 1151 1218 et
1172 1151 1297 1217 solstiti
1315 1152 1422 1216 diebus
1442 1154 1514 1214 snut
1527 1147 1668 1210 eviden-

292 1244 438 1321 tissimae,
462 1263 520 1306 nou
544 1252 645 1310 tamen
670 1244 707 1305 de
731 1242 915 1306 necessitate
937 1241 1001 1305 illic
1024 1244 1129 1325 frigus,
1154 1243 1202 1305 hic
1225 1243 1308 1305 calor
1331 1242 1390 1306 crit
1408 1240 1540 1303 omnium
1554 1236 1668 1300 maxi-

292 1354 375 1398 mus:
410 1334 464 1397 sed
488 1332 607 1395 accedit
630 1332 691 1395 alia
714 1352 825 1408 cansa,
859 1350 936 1414 quae
970 1332 1164 1412 quantumin
1189 1351 1275 1406 sese,
1303 1331 1442 1415 hyemem
1466 1349 1484 1391 a
1507 1326 1669 1410 principie

291 1422 457 1495 Februarii,
482 1428 632 1484 aestatem
652 1442 671 1482 a
693 1421 838 1502 principio
862 1421 995 1501 Augusti
1023 1420 1072 1483 vel
1096 1421 1229 1490 circiter,
1250 1421 1343 1483 faciet
1361 1420 1518 1501 majorem.
1539 1415 1669 1478 ·'I'erra

293 1511 373 1575 eninr
398 1520 430 1573 et
453 1531 531 1592 aqna
555 1518 626 1572 sunt
648 1529 760 1572 crassa.
778 1529 918 1590 corpora,
953 1529 1008 1572 nec
1038 1519 1167 1591 possunt
1195 1529 1253 1573 nno
1283 1518 1434 1572 momento
1462 1505 1589 1581 calderi,
1627 1511 1669 1565 et

294 1601 428 1664 calfacta
451 1600 532 1662 circa
553 1618 687 1661 mensem
710 1598 842 1674 Iunium,
867 1597 940 1661 Sole
964 1598 1125 1674 altissimo,
1156 1598 1288 1662 retinent
1317 1596 1500 1679 aliquamdiu
1524 1594 1668 1656 calorem

293 1689 351 1752 sibi
374 1690 496 1772 penitus
519 1688 696 1767 impressum
721 1688 794 1761 (etsi
819 1687 1065 1768 superficietenus
1089 1687 1173 1751 illum
1199 1687 1330 1767 singulis
1358 1685 1497 1748 noctibus
1521 1682 1667 1746 nonnihil

293 1777 467 1856 remittant)
500 1781 624 1857 propter
656 1776 839 1839 densitatem
870 1775 1017 1837 materiae
1045 1784 1076 1838 et
1104 1777 1341 1858 magnitudinem
1363 1791 1535 1855 corporum,
1565 1779 1666 1853 atque

293 1867 339 1931 ita
360 1866 443 1929 Jnuii
465 1866 598 1928 calorem
621 1865 658 1927 de
681 1864 846 1945 praeterito
877 1883 943 1926 curn
968 1865 1068 1926 calore
1086 1863 1160 1927 Julii
1181 1873 1213 1928 et
1230 1865 1363 1947 Augusti
1383 1865 1548 1927 cumulant.
1571 1861 1666 1925 Idem

294 1955 325 2018 in
349 1954 532 2018 contrarium
555 1954 712 2016 dicendum
732 1954 768 2016 de
792 1952 902 2033 frigore
927 1953 1052 2036 hyemis.

855 2041 989 2104 Thesis
1011 2042 1099 2105 XIII.

385 2133 468 2196 Idem
488 2129 634 2213 judicium
657 2139 723 2194 esto
747 2130 839 2191 etde
863 2131 939 2192 hora
961 2131 1094 2193 secunda
1117 2131 1196 2205 diei,
1224 2149 1300 2213 quae
1328 2130 1454 2194 calidior
1477 2137 1540 2206 est,
1566 2147 1661 2210 quam

296 2222 482 2302 duodecima,
506 2220 564 2283 etsi
587 2217 641 2283 Sol
660 2221 725 2301 jam
750 2218 840 2281 cadit.
885 2220 970 2281 Idem
985 2221 1063 2282 enim
1078 2220 1126 2283 hic
1140 2227 1279 2302 praestat
1295 2227 1360 2296 aer,
1385 2218 1463 2303 quod
1491 2219 1555 2281 illic
1574 2228 1662 2281 terra

295 2311 461 2394 praestitit.
506 2309 586 2372 Nam
610 2316 681 2380 aer,
704 2316 739 2371 ut
761 2308 860 2370 tennis
884 2308 1058 2384 admodum,
1088 2310 1215 2372 celerius
1245 2310 1365 2390 quidem
1388 2327 1477 2391 quam
1499 2315 1583 2370 terra
1606 2307 1661 2369 al-

296 2408 423 2471 teratur,
447 2406 630 2462 nontamen
654 2398 774 2461 omnino
797 2397 909 2459 subito.
947 2397 1079 2461 Accedit
1103 2406 1203 2462 tamen
1228 2398 1295 2474 hnc,
1321 2399 1346 2461 si
1370 2417 1428 2460 nou
1453 2405 1520 2460 tota
1543 2397 1660 2460 Terrae

299 2490 495 2571 corpulentia,
520 2496 555 2550 at
576 2488 685 2550 saltem
708 2486 891 2567 superficies.

857 2573 993 2637 Thesis
1015 2574 1104 2638 XIV.

386 2665 434 2727 Ex
457 2663 562 2726 eodem
576 2663 770 2727 fundamento
785 2663 918 2744 praedici
936 2670 1049 2743 potest,
1070 2661 1279 2744 Septembrem
1294 2668 1326 2724 et
1340 2659 1514 2736 Octobrem,
1532 2667 1664 2741 propter

298 2757 376 2819 hauc
400 2753 518 2837 quidem
541 2772 674 2823 causam,
698 2752 858 2816 calidiores
882 2754 998 2814 futuros
1023 2771 1111 2834 quam
1134 2753 1278 2817 Martium
1302 2757 1335 2814 et
1357 2749 1574 2814 Februarium:
1597 2750 1662 2812 etsi

299 2844 436 2925 utrinqne
460 2842 561 2904 futura
584 2849 631 2904 est
654 2843 761 2925 eadem
785 2842 844 2905 diei
869 2841 1034 2921 longitudo.

857 2931 991 2992 Thesis
1013 2929 1087 2992 XV.

388 3020 499 3082 Altera
522 3038 615 3080 cansa
643 3017 773 3100 physica
793 3019 1031 3100 praedictionum
1055 3025 1104 3080 est
1126 3016 1237 3079 Luna
1278 3016 1358 3079 llam
1379 3016 1566 3096 experientia
1585 3033 1659 3095 pro-

299 3110 403 3174 batum
426 3116 483 3184 est,
508 3108 607 3169 omnia
629 3108 752 3170 humore
776 3108 950 3170 constantia
972 3114 1127 3171 crescente
1142 3104 1229 3169 Luna
1251 3113 1441 3185 turgescere3
1464 3106 1660 3168 decrescente

269 3207 272 3213 '
300 3197 467 3262 subsidere.
514 3194 600 3266 Quae
624 3215 684 3258 una
707 3215 755 3258 res
779 3197 972 3277 plurimarum
995 3196 1176 3259 electionum
1198 3202 1231 3256 et
1252 3194 1491 3275 praedictionum
1514 3194 1546 3256 in
1567 3211 1659 3256 neco-

301 3287 410 3361 nomia,
435 3304 467 3348 re
491 3284 615 3359 rustica,
640 3285 798 3355 medicina,
821 3287 953 3355 nautica,
978 3304 1072 3348 eausa
1094 3292 1151 3347 est.
1180 3283 1343 3347 Rationem
1364 3283 1454 3363 hujus
1467 3283 1660 3366 sympathiae

302 3375 431 3438 nundum
449 3374 584 3454 perfecte
607 3373 760 3453 cognitam
782 3374 896 3436 habeut
918 3373 1045 3456 physici.

860 3463 992 3525 Thesie
1013 3460 1102 3526 XVI.

392 3551 451 3614 Est
473 3557 573 3612 autem
597 3550 708 3630 duplex
730 3552 835 3615 Lunae
858 3552 972 3627 virtue,
996 3552 1095 3614 altera
1116 3554 1286 3624 menstrua,
1311 3550 1349 3613 de
1373 3567 1429 3630 qna
1449 3548 1515 3629 jam
1539 3547 1618 3624 dixi,
1643 3569 1662 3609 a

302 3641 439 3704 mutabili
464 3640 569 3702 Lunae
593 3638 670 3702 faeie
695 3642 884 3720 dependens;
911 3641 1009 3703 altera
1031 3639 1269 3713 semimenstrna,
1295 3647 1327 3700 et
1349 3640 1387 3701 ob
1409 3638 1440 3700 id
1457 3638 1551 3700 etiarn
1565 3638 1659 3700 semi-

302 3730 418 3804 dinrna‚
442 3748 517 3809 quac
541 3729 571 3789 iu
595 3728 778 3793 medicorum
801 3731 930 3794 crisibns
952 3729 1042 3812 inque
1065 3730 1158 3791 maris
1187 3736 1274 3790 aestu
1294 3728 1446 3809 reciproco
1469 3726 1661 3808 potissimam

302 3819 363 3880 vim
386 3818 488 3890 habet,
512 3818 549 3879 de
573 3836 632 3898 qua
655 3817 743 3881 inira.

209 3912 212 3916 ’
848 3904 986 3967 Thasie
1008 3904 1112 3968 XVII.

392 3992 624 4073 Quibuscunqne
647 3994 750 4076 itaque
773 3994 879 4058 diebus
902 3995 933 4056 in
957 3994 1130 4057 calendario
1153 3990 1336 4055 novilunium
1359 3992 1525 4069 invenitur,
1550 3993 1658 4055 humo·

268 4115 275 4126 .
303 4102 352 4147 res
380 4089 524 4165 quantum
557 4101 576 4141 a
602 4082 689 4144 Luna
717 4086 852 4165 pendent
888 4090 977 4145 erunt
1007 4082 1170 4157 imminuti,
1214 4080 1321 4163 quibus
1350 4101 1421 4144 vero
1452 4082 1658 4163 plenilunium,

303 4173 395 4235 annu.
441 4170 488 4234 At
510 4190 576 4233 cum
600 4171 628 4233 in
653 4171 699 4234 his
718 4174 783 4254 jarn
803 4172 909 4246 dictis,
943 4179 1008 4234 turn
1031 4172 1123 4234 etiam
1147 4172 1176 4233 in
1201 4170 1394 4251 quadraturis
1423 4171 1564 4234 humores
1592 4190 1658 4233 rno-

303 4261 451 4324 vcbnntur
475 4260 585 4322 valide.
632 4260 718 4324 Haec
742 4272 790 4324 est
805 4262 934 4342 simplex
959 4269 991 4323 et
1013 4280 1095 4323 mere
1120 4260 1305 4341 astrologica
1324 4260 1508 4340 praedictio,
1533 4261 1659 4340 quaesi

303 4368 358 4430 per
382 4351 519 4430 singulas
543 4358 626 4412 artes
650 4350 850 4426 diducerctur‚
876 4350 1050 4429 astrologus
1073 4350 1187 4412 limites
1211 4368 1284 4411 snae
1306 4349 1505 4431 professionis
1528 4350 1658 4411 excede-

304 4447 361 4514 ret,
385 4441 528 4520 fieretqnc
553 4438 697 4518 agricola,
722 4440 865 4513 medicus,
888 4439 1043 4521 chymicus
1066 4438 1119 4502 ire.
1163 4451 1177 4464 ·

843 4527 977 4590 Thesis
1000 4526 1119 4591 XVIII.

392 4615 547 4678 Interdum
579 4623 680 4680 tanuen
709 4617 792 4698 ipsos
820 4617 933 4680 moneri
964 4615 1096 4698 expedit.
1142 4615 1196 4681 Uti
1219 4611 1365 4698 chymicis
1394 4615 1471 4678 haee
1498 4633 1556 4698 ego
1585 4631 1657 4697 prn-

304 4720 398 4784 pono,
430 4703 526 4766 videri
555 4704 752 4786 plenilunium
781 4706 891 4769 fusioni
923 4704 1114 4768 metallorum
1143 4705 1319 4780 adversum,
1349 4712 1475 4786 propter
1506 4705 1659 4767 humidam

304 4791 392 4854 nimis
417 4799 526 4857 aerem.
572 4793 607 4856 Id
637 4795 663 4857 si
692 4802 755 4870 est,
789 4814 917 4878 maguus
946 4794 1061 4858 orietur
1092 4801 1269 4875 aspectuum
1298 4794 1501 4858 delectasset
1525 4794 1659 4876 ipsum

304 4897 390 4960 opus.
