3609 5634
400 1043 943 1153 rnnusun'rssrnro
983 1076 1249 1153 nomino

457 1255 508 1358 n.
540 1258 738 1360 sumo
769 1226 915 1361 nor
945 1258 1190 1362 unsnro

267 1445 381 1507 Domus
404 1445 657 1527 Rosembergicae
682 1447 884 1512 Gubernatori
903 1459 962 1513 etc.
986 1449 1115 1512 Domino
1138 1434 1204 1510 meo
1228 1450 1375 1512 clement:

134 1607 139 1616 '
234 1603 395 1667 Praeclare
419 1602 525 1668 Cicero
549 1607 625 1669 libro
647 1608 743 1687 primo
767 1605 941 1670 Officiorum
964 1615 1086 1671 monet:
1115 1628 1183 1671 esse
1206 1609 1308 1691 magui
1336 1608 1441 1684 animi,
1471 1617 1504 1672 et

144 1690 240 1755 luisse
263 1693 375 1756 multos
398 1693 492 1757 etlam
513 1695 543 1756 in
572 1697 636 1759 vita'
663 1696 780 1774 otiosa,
812 1698 861 1778 qui
889 1704 942 1759 aut
973 1697 1208 1776 investigarent,
1240 1706 1295 1761 aut
1326 1705 1504 1760 conarentur

143 1799 257 1861 magns
279 1782 437 1862 quaedam,
461 1802 587 1865 seseque
611 1805 732 1848 suarum
754 1805 853 1848 rerum
876 1786 984 1849 finibus
1006 1786 1204 1848 continerent,
1250 1787 1350 1858 Quam
1377 1794 1502 1849 seuten-

143 1869 221 1932 tiam
253 1869 440 1933 Reinholdus
472 1880 576 1937 noster
598 1874 791 1953 peculiariter
817 1875 857 1937 ad
880 1875 1085 1937 astronomiae
1108 1875 1240 1937 studium
1263 1876 1502 1952 accommodans,

144 1957 292 2033 hortatur,
316 1979 354 2022 ne
377 1960 523 2024 deterreri
545 1980 579 2024 se
602 1963 641 2025 ab
664 1963 711 2025 his
735 1963 843 2026 studiis
864 1971 952 2027 recta
972 1962 1093 2043 ingenis
1115 1962 1218 2026 sinant
1244 1965 1431 2027 indoctorum
1450 1966 1503 2044 ju-

145 2046 244 2120 diciis,
268 2048 317 2127 qui
339 2056 458 2111 tautum
479 2058 681 2129 quaestuosas
704 2060 787 2115 artes
806 2052 959 2116 mirentur.
1004 2053 1085 2115 Nam
1109 2072 1177 2116 curu
1199 2054 1275 2116 haec
1299 2053 1361 2115 siut
1379 2053 1502 2116 virtutis

144 2134 265 2211 studia,
299 2137 506 2200 fortitudinem
538 2139 630 2202 etiam
658 2142 688 2203 iu
721 2141 765 2203 eis
797 2141 931 2204 colendis
959 2141 1084 2222 requiri,
1108 2137 1194 2223 'quae
1217 2142 1335 2204 animos
1357 2143 1502 2205 adversm

146 2225 258 2287 stultas
281 2226 363 2306 vulgi
391 2227 547 2306 opiniones
576 2228 714 2291 obfirmet
749 2237 782 2291 et
810 2249 955 2310 perversa
982 2230 1098 2309 judicia
1132 2238 1320 2306 contemnat,
1353 2231 1432 2311 qood
1464 2231 1502 2293 de

145 2323 272 2394 unaque
294 2315 480 2395 astrologiae
503 2325 591 2397 parte
615 2318 692 2380 dixit
714 2319 844 2398 optimus
868 2320 927 2393 vir,
960 2318 991 2380 id
1021 2318 1078 2380 hoc
1100 2326 1235 2398 tempore
1256 2320 1448 2400 potissimum
1470 2320 1501 2381 iu

146 2401 246 2465 altera
264 2402 453 2482 judicatrice,
478 2423 555 2485 quae
578 2407 718 2489 physices
740 2424 812 2487 pars
836 2414 893 2483 ast,
917 2405 989 2468 mibi
1014 2407 1126 2469 dictum
1146 2407 1214 2470 es'se
1228 2407 1342 2488 putavi.
1379 2407 1501 2469 Etenim

145 2491 196 2571 qui
218 2492 413 2571 prognostica
434 2494 524 2556 officii
547 2497 664 2559 ratione
687 2496 801 2572 scribit,
830 2497 905 2558 duas
927 2496 1118 2576 potissimum
1140 2496 1223 2576 vulgi
1244 2495 1399 2576 opiniones
1422 2496 1501 2558 inter

144 2599 179 2654 se
202 2580 370 2643 contrarias
394 2582 457 2644 alto
480 2584 579 2646 auimo
600 2593 807 2660 coowmuere,
835 2602 928 2665 seque
957 2593 1065 2647 contra
1090 2585 1166 2647 duos
1189 2584 1310 2647 humilis
1333 2591 1366 2647 et
1388 2584 1500 2665 abjecti

145 2669 238 2732 animi
268 2671 394 2733 affectus
426 2671 540 2736 munim
573 2674 680 2747 debet,
712 2674 910 2754 cupiditatem
941 2674 1055 2753 gloriae
1087 2681 1119 2736 et
1149 2681 1270 2737 metum.
1317 2671 1394 2736 Cum
1421 2673 1498 2736 euim

146 2777 259 2839 magua
281 2758 324 2822 sit
345 2759 429 2838 vulgi
451 2761 630 2837 curiositas,
658 2765 758 2825 animo
790 2762 996 2826 contaminato
1020 2770 1087 2838 est,
1120 2762 1171 2842 qui
1197 2763 1227 2823 in
1260 2762 1342 2842 vulgi
1370 2762 1499 2841 gratiam

38 2886 41 2890 «
145 2858 178 2910 et
199 2855 323 2936 propter
345 2849 544 2913 naumaimam
563 2852 690 2930 gloriam
712 2853 760 2914 vel
784 2872 821 2915 ea
844 2852 1010 2932 profitetur,
1035 2870 1111 2931 quae
1135 2859 1244 2913 natura
1262 2869 1321 2912 noo
1339 2858 1499 2925 monstrat,

146 2937 196 2999 rel
219 2937 311 2999 etiam
334 2945 461 3001 naturae
485 2940 616 3019 genuina
637 2940 781 3003 miracula
802 2940 954 3021 propalat,
978 2939 1005 3001 si
1028 2939 1136 3001 causat
1155 2939 1308 3019 graviores
1327 2957 1386 3001 non
1399 2940 1500 3020 respi-

145 3026 197 3089 cit
243 3023 360 3090 Contra
390 3034 462 3089 suut
493 3028 543 3109 qui
572 3037 686 3108 negant
715 3048 838 3110 gravem
860 3029 956 3091 uirum
979 3036 1012 3090 et
1033 3027 1242 3108 philosophum
1264 3027 1390 3103 decere,
1413 3036 1449 3090 ut
1469 3029 1499 3090 in

22 3172 26 3178 ,
144 3115 276 3177 materia
298 3122 357 3177 tot·
367 3115 579 3195 nugacissimis
603 3127 636 3180 et
657 3118 830 3181 vanissimis
854 3115 1083 3180 ariolatiouibus
1107 3116 1268 3197 quotannis
1298 3125 1500 3197 conspurcata

146 3205 258 3268 famam
290 3202 401 3284 ingenii
432 3212 464 3268 et
495 3206 638 3270 bonorem
661 3206 837 3271 eruditionis
860 3206 1044 3287 prostituat,
1068 3205 1335 3286 curiositatemque
1358 3206 1440 3287 vulgi
1467 3215 1500 3269 et

146 3292 377 3373 superstitiones
400 3292 591 3358 imbecillium
622 3297 809 3377 ingeniorum
842 3294 1072 3358 subministrato
1101 3294 1157 3357 hoc
1186 3295 1271 3375 quasi
1295 3295 1400 3358 fomite
1424 3297 1500 3358 alat.

146 3384 260 3445 Fateor
292 3382 367 3445 baec
400 3401 512 3463 magua
542 3385 802 3449 verisimilitudine
825 3384 931 3465 objici,
955 3393 988 3448 et
1008 3385 1119 3448 idonea
1142 3403 1221 3459 esse,
1242 3402 1318 3466 quae
1341 3384 1501 3446 honestum

147 3472 252 3547 virum,
277 3470 304 3534 si
327 3471 482 3551 graviores
504 3491 613 3536 causas
637 3494 694 3537 non
710 3475 832 3550 babeat,
857 3475 896 3536 ab
920 3475 976 3537 hoc
999 3491 1109 3554 genere
1133 3471 1304 3553 scriptionis
1319 3471 1500 3536 deterreant.

146 3561 192 3625 Ar
214 3561 242 3623 si
265 3559 311 3622 cui
333 3560 467 3623 rationes
491 3561 621 3626 instituti
644 3565 691 3627 sui
714 3564 793 3626 tales
817 3570 989 3644 suppetant,
1015 3580 1091 3642 quae
1115 3578 1168 3642 per
1191 3580 1259 3622 sess
1277 3559 1410 3622 cordatis
1428 3560 1502 3622 viris
1549 3586 1554 3594 ·

147 3648 369 3730 approbentur:
402 3650 538 3729 proiecto
565 3671 625 3714 nou
654 3660 759 3733 potest
781 3651 840 3715 uisi
862 3652 985 3714 timidus
1008 3649 1129 3723 haberi,
1159 3649 1209 3711 ubi
1233 3668 1265 3710 se
1289 3648 1396 3710 alienis
1419 3649 1502 3710 hisce

148 3747 182 3801 et
204 3738 392 3801 extrinsecus
425 3738 652 3804 aduenientibus
684 3741 851 3804 obstaculis
875 3762 894 3802 a
916 3738 1069 3821 proposito
1093 3737 1238 3800 deterreri
1265 3755 1374 3817 passus
1402 3737 1502 3812 fuerit,

147 3845 282 3891 rumores
305 3846 413 3890 coraus
437 3836 469 3890 et
493 3830 600 3891 falsam
623 3838 761 3891 metuens
784 3828 949 3891 infamiam.
995 3827 1075 3891 Nam
1102 3826 1161 3889 etsi
1185 3845 1296 3906 magua
1318 3844 1390 3906 pars
1411 3844 1503 3906 prae-

147 3924 303 3997 ceptorum
334 3916 364 3978 in
396 3916 455 3980 hac
483 3926 549 3980 arte
571 3919 708 3982 Arabum
738 3918 827 3998 nugis
851 3916 1048 3980 consumitur:
1076 3923 1112 3978 at
1138 3935 1198 3979 nou
1220 3915 1289 3979 ideo
1312 3933 1390 3995 quae
1412 3915 1443 3977 in
1464 3934 1505 3977 ea

150 4013 222 4068 suut
253 4024 366 4069 meana
397 4013 544 4080 uatmae,
575 4009 625 4071 uel
656 4025 754 4088 nugae
784 4013 872 4082 sunt,
905 4007 954 4069 vel
981 4024 1047 4067 cum
1075 4004 1162 4084 nugis
1185 4004 1277 4085 abjici
1299 4004 1426 4080 debeut;
1448 4004 1504 4066 sed

150 4113 286 4176 gemmae
309 4114 326 4157 e
349 4095 413 4157 luto
436 4095 643 4176 colligendae,
672 4096 773 4159 ,honor
798 4094 875 4171 Dei,
906 4094 1062 4175 proposita
1084 4103 1210 4158 naturae
1239 4092 1502 4172 contemplatione,

150 4184 363 4258 illustrandus,
386 4184 534 4247 invitandi
557 4187 695 4265 exemplo
718 4185 788 4260 alii,
812 4192 846 4247 et
868 4203 962 4264 opera
983 4183 1085 4245 dauda
1106 4191 1174 4257 est,
1206 4189 1241 4244 ut
1266 4200 1344 4261 quas
1371 4181 1442 4243 olim
1464 4181 1504 4242 ad

151 4273 297 4354 insignem
321 4273 453 4355 aliquam
477 4273 597 4336 humani
620 4275 739 4355 generis
762 4273 928 4336 utilitatem
957 4271 1070 4335 sertim
1093 4278 1227 4352 possent,
1252 4269 1332 4332 omui
1354 4276 1505 4331 conatus

150 4363 285 4436 tenebris
307 4361 496 4443 ignorantias
518 4362 547 4426 iu
567 4371 703 4444 apertum
725 4362 927 4443 proferantur.
972 4360 1020 4423 Ac
1043 4361 1101 4421 etsi
1124 4379 1197 4422 saue
1220 4377 1279 4420 nou
1303 4356 1409 4420 statim
1435 4375 1504 4419 res-

150 4452 265 4533 pondet
288 4459 429 4527 eventus,
459 4470 627 4533 magnaque
653 4450 893 4533 praedictionum
919 4448 1101 4513 incertitudo
1134 4454 1183 4509 est
1213 4446 1245 4509 in
1275 4453 1323 4510 tot
1345 4463 1505 4508 causarum

150 4540 341 4604 coufusioue:
366 4540 561 4603 annitendum
583 4548 685 4603 tamen
709 4548 796 4603 tanto
819 4539 927 4619 magis,
951 4557 1018 4601 curu
1040 4537 1074 4600 iu
1095 4537 1159 4598 solo
1183 4535 1287 4597 labore
1302 4533 1398 4597 virtus
1412 4551 1504 4614 spec-

150 4637 242 4693 tetur.
290 4629 381 4701 Quod
402 4648 476 4692 vero
498 4629 585 4692 multi
607 4630 690 4692 hisce
713 4630 753 4692 ad
775 4628 985 4691 curiositatem
1008 4644 1094 4688 suam
1116 4626 1289 4700 abutuntur,
1308 4623 1506 4705 superstitio-
1604 4644 1609 4653 ¹

150 4738 263 4801 uesque
286 4738 358 4782 suas
380 4719 572 4784 confirmant:
603 4718 635 4781 id
657 4718 749 4781 nihilo
771 4717 870 4797 magis
893 4735 940 4779 me
964 4714 1133 4789 absterret,
1158 4732 1248 4795 quam
1275 4714 1384 4777 bouum
1406 4713 1504 4794 impe·

151 4815 284 4872 saturem
307 4810 357 4879 (ut
379 4807 608 4873 innumerabilia
630 4808 770 4888 exempla
792 4806 946 4888 umidam)
970 4804 1009 4867 ab
1032 4802 1256 4884 oppugnatione
1274 4802 1357 4866 urbis
1371 4801 1505 4865 deterret

150 4915 313 4979 paucmum
334 4897 463 4964 mditum
480 4899 624 4981 jactura,
647 4915 730 4979 quos,
754 4898 782 4961 si
803 4904 919 4979 posset,
943 4893 1086 4977 squidem
1104 4902 1137 4956 et
1157 4892 1402 5047 ipsoq7ssrvatos
1420 4892 1505 4955 uelit.

1275 4999 1292 5030 ,
1343 5003 1346 5008 .
