3609 5634
307 303 373 376 use
851 301 975 366 spuma
990 299 1115 365 ursum

307 465 389 532 Solia
408 466 447 529 ad
470 466 575 530 Lunae
597 463 831 544 proportionem,
855 480 932 542 quae
955 469 1005 523 est
1027 456 1073 525 9:
1092 458 1124 536 l,
1149 459 1363 528 Aristarchum
1376 480 1459 538 rero,
1482 461 1534 542 qni
1557 458 1674 524 eadem

307 575 374 619 omn
396 555 533 617 Philoleo
556 552 703 635 principia
724 553 924 633 sequebatur,
948 545 1056 619 aliam,
1079 567 1125 612 ec.
1150 549 1213 612 fere
1236 569 1313 631 qaae
1336 561 1386 613 est
1408 552 1487 614 inter
1509 548 1548 612 21
1582 557 1619 610 st
1645 545 1674 610 l.
1767 577 1769 656 y

308 644 443 717 Quorum
465 643 539 705 illud
562 644 650 722 longe
674 651 723 703 est
745 663 764 702 a
787 642 919 704 veritate
942 640 1087 713 alienum,
1110 638 1167 700 hoc
1190 640 1218 700 ei
1241 640 1418 718 proximum.
1464 640 1576 719 ltaque
1605 655 1676 702 eam
1768 659 1769 702 l

309 734 434 815 quisque
457 732 599 812 privatim
627 731 835 811 hypothesium
867 729 1017 794 rationem
1040 736 1090 791 est
1116 735 1252 802 secutus,
1287 745 1377 808 quam
1399 729 1447 790 vel
1477 725 1677 807 praeceptori
1768 733 1769 812 f

309 842 364 886 suo
388 829 545 902 acceptam
569 820 655 893 tulit,
688 820 737 881 vel
760 819 894 899 physicis
918 816 1086 880 rationibus
1110 825 1345 891 censentaneam
1369 818 1501 890 cenent,
1532 817 1586 877 rel
1617 816 1677 876 de·

309 910 579 976 monstrationibus
603 908 666 971 snis
688 908 878 987 aptissimam
902 915 1046 987 expertus
1069 914 1132 966 est:
1157 906 1343 982 uallarem,
1367 908 1413 970 ita
1431 916 1465 972 nt
1477 905 1578 970 Ursus
1595 903 1676 976 vult,

308 1000 426 1082 publice
449 998 577 1062 invaluit
600 1006 654 1059 ant
676 997 842 1059 solenniter
864 995 1038 1058 introducta
1060 994 1118 1056 fuit
1140 993 1350 1077 hypothesium
1373 997 1479 1060 foma
1547 1059 1551 1066 ,

227 1131 233 1139 ,
398 1088 529 1168 Jamque
565 1086 688 1150 tandem
711 1086 750 1148 ad
783 1085 933 1148 celebrem
962 1083 1047 1147 illum
1068 1083 1328 1151 Aristarchum
1357 1084 1516 1147 Samium
1546 1091 1677 1160 tempo-

309 1197 376 1242 rum
398 1177 471 1239 ordo
493 1195 549 1240 uos
573 1176 708 1250 deducit,
733 1175 818 1254 cujus
841 1193 917 1254 quas
940 1182 1079 1235 recenset
1102 1173 1301 1238 Archimedes
1324 1175 1525 1256 hypotheses,
1548 1171 1677 1253 syma-

127 1262 131 1270 ’
309 1285 486 1348 geracomm
510 1273 541 1327 et
563 1264 693 1326 Philolai
717 1281 832 1344 quoqne
856 1262 951 1324 fuisse
975 1269 1046 1324 unte
1071 1262 1243 1332 Platonem,
1262 1263 1328 1343 jam
1352 1271 1403 1325 sat
1424 1262 1513 1325 nobis
1535 1266 1677 1328 mosne

309 1354 562 1424 Accommodarit
582 1353 634 1414 ille
658 1353 775 1434 quidem
800 1369 969 1414 sermonem
1001 1370 1088 1413 suum
1112 1351 1437 1426 demonstrationibus,
1471 1359 1504 1413 et
1526 1348 1677 1412 circulum
1770 1359 1771 1366 ’

310 1464 368 1526 quo
391 1444 486 1507 Terra
513 1442 643 1504 volvitur
673 1442 749 1504 dixit
781 1460 848 1504 eam
881 1441 992 1502 habere
1026 1439 1249 1520 proportionem
1271 1441 1313 1504 ad
1336 1433 1429 1516 uxas',
1462 1459 1552 1520 qnam
1577 1437 1679 1500 habet

310 1543 445 1598 ceruum
476 1532 515 1593 ad
548 1530 827 1598 circumferentiam.
875 1527 964 1600 Quod
997 1528 1152 1608 explicans
1186 1530 1384 1592 Archimedes
1416 1530 1524 1594 iisdem
1555 1546 1676 1607 prope-

309 1623 428 1690 modum
449 1620 551 1683 verbis
576 1620 679 1696 utitur,
703 1620 809 1700 quibus
833 1638 926 1700 supra
940 1617 1145 1700 Pythagoraei
1168 1637 1254 1680 snam
1274 1620 1354 1700 apud
1368 1618 1569 1682 Aristotelem
1583 1635 1677 1678 men-

308 1722 369 1780 tem
397 1709 641 1790 explicaveraut:
675 1710 753 1790 quod
781 1709 1002 1789 deprehendet,
1036 1706 1085 1787 qni
1118 1709 1253 1770 conferre
1287 1717 1413 1788 utreque
1436 1708 1529 1770 volet.
1578 1706 1676 1785 quue

309 1799 459 1880 estquod
481 1807 568 1861 tanto
593 1799 689 1878 magis
713 1798 884 1871 confirmat,
918 1799 997 1878 quod
1020 1815 1111 1876 supra
1134 1796 1256 1876 saepius
1280 1797 1421 1862 iteratum
1445 1803 1511 1870 eet,
1545 1795 1676 1858 easdem

308 1890 443 1969 utrisque
466 1899 498 1950 et
520 1888 741 1976 Pythagoraeis
765 1894 797 1948 et
817 1887 1000 1950 Aristarcho
1024 1886 1118 1948 fuisse
1142 1885 1336 1967 hypotheses.
1385 1884 1532 1957 Quamvis
1555 1884 1674 1948 Archi-

308 1979 405 2043 medis
428 1978 466 2040 de
489 1977 661 2040 Aristarchi
693 1996 783 2038 sensu
806 1977 982 2056 conjectura
1012 1975 1147 2037 nonnihil
1175 1974 1323 2055 impingit.
1369 1975 1448 2038 Vult
1470 1974 1676 2038 Archimedes

310 2069 354 2133 sic
377 2067 604 2146 intelligendum
622 2065 842 2138 Aristarchum,
867 2085 945 2146 quae
967 2064 1009 2126 sit
1031 2065 1185 2145 proportio
1204 2066 1316 2126 Terrae
1339 2064 1379 2127 ad
1402 2063 1563 2144 sphaeram
1578 2062 1675 2135 Solis,

311 2157 438 2220 eandem
467 2174 535 2218 esse
558 2155 705 2236 sphaerae
729 2153 812 2218 Solis
835 2156 906 2227 (sen
928 2154 1056 2226 Terrae)
1088 2154 1129 2216 ad
1151 2154 1311 2234 sphaeram
1334 2155 1469 2216 fixarum
1516 2154 1562 2214 At
1595 2152 1675 2214 haec

310 2246 408 2310 adhuc
430 2244 585 2325 proportio
608 2263 667 2306 non
686 2244 799 2310 sufficit
812 2243 985 2310 Aristarchi
999 2242 1317 2305 demonstrationibus.
1363 2243 1443 2304 Nam
1466 2241 1510 2303 ite
1533 2249 1583 2303 est
1597 2259 1675 2302 sen-

311 2335 396 2397 sibus
420 2332 697 2413 compreheusibilis
712 2334 823 2396 Terrae
847 2333 885 2395 nd
909 2332 1069 2412 sphaeram
1084 2329 1167 2394 Solis
1185 2331 1349 2412 proportio,
1373 2340 1408 2394 ut
1423 2329 1594 2411 parallaxin
1611 2328 1675 2391 So-
1719 2383 1723 2388 .

310 2423 348 2486 lis
379 2423 559 2486 minutorum
587 2422 703 2502 aliquot
730 2422 853 2486 efficiat.
910 2421 1049 2483 Totidem
1077 2420 1169 2500 igitur
1197 2420 1376 2483 minutorum
1402 2420 1570 2500 pantheris
1592 2419 1676 2480 inter

310 2514 388 2575 fixas
412 2521 445 2574 et
467 2511 629 2589 sphaeram
652 2529 712 2590 qna
730 2502 988 2576 Tellus'voivitur
1011 2509 1222 2571 intercederet
1267 2511 1313 2571 At
1330 2508 1528 2574 Aristarchus
1555 2526 1674 2569 omnem

310 2601 403 2683 plane
425 2619 548 2663 sensum
581 2600 730 2676 excludit,
764 2601 834 2662 dum
861 2599 1009 2661 infinitam
1037 2599 1136 2678 quoad
1164 2617 1285 2660 sensnm
1316 2597 1541 2678 proportionem
1574 2598 1673 2657 iutro-

313 2689 405 2753 ducit.
454 2688 517 2758 Sed
549 2688 625 2750 haec
648 2689 757 2751 obiter.
803 2689 871 2752 Non
895 2699 946 2750 est
977 2695 1078 2750 antem
1101 2686 1231 2768 impunis
1259 2687 1399 2750 habenda
1422 2686 1493 2750 Ursi
1523 2684 1673 2748 dubitatio

312 2779 349 2844 de
373 2785 476 2839 aetate
509 2797 568 2859 qua
597 2777 706 2839 claruit
730 2777 944 2850 Aristarchus,
978 2796 1029 2852 ue,
1063 2776 1112 2856 qni
1146 2775 1246 2838 sciunt
1268 2777 1379 2840 Ursum
1411 2776 1504 2838 etiam
1537 2774 1673 2836 historiis

311 2886 435 2947 operam
459 2866 589 2940 dedisse,
614 2885 680 2928 cum
704 2869 769 2946 ipso
792 2867 871 2931 citra
893 2885 1015 2928 causam
1038 2865 1234 2932 dubitandum
1258 2865 1315 2928 sibi
1335 2865 1520 2928 existiment
1561 2863 1672 2937 Dubie,

312 2958 444 3037 inquam,
469 2955 565 3017 Ursus
589 2956 801 3019 Aristarchum
824 2956 919 3019 refert
942 2955 1006 3016 sive
1030 2954 1086 3017 sub
1109 2955 1316 3016 Ptolemaeum
1339 2954 1583 3032 Philadelphum,
1606 2952 1673 3014 sive

312 3045 368 3108 sub
391 3044 634 3106 Philometorem.
683 3044 888 3108 Intolerabilis
911 3044 1102 3117 incertitudo,
1127 3062 1193 3104 cum
1216 3043 1246 3106 hi
1269 3041 1290 3105 2
1310 3062 1399 3121 reges
1425 3040 1489 3106 100
1512 3042 1599 3104 aunis
1622 3041 1672 3102 in-

312 3134 410 3195 vicem
442 3133 564 3194 distent.
620 3133 664 3194 At
697 3133 796 3196 facilis
831 3134 917 3196 labor
949 3134 1026 3195 hanc
1058 3132 1275 3195 dubitationem
1314 3131 1449 3195 tollendi.
1502 3130 1672 3212 Syracusas

314 3221 502 3302 expugnavit
525 3222 697 3295 Marcellus,
724 3224 828 3285 consul
851 3223 1015 3296 Romanus,
1041 3240 1118 3283 auno
1142 3219 1173 3285 9.
1200 3222 1365 3284 Ptolemaei
1388 3220 1611 3300 Philopatoris:
1636 3238 1674 3281 ea

313 3311 344 3375 in
377 3310 598 3389 expugnatione
630 3311 829 3374 Archimedes
866 3311 1044 3374 interfectus
1077 3318 1133 3372 est
1189 3309 1320 3391 Scripsit
1351 3311 1442 3391 igitur
1475 3309 1607 3374 libellum
1634 3308 1672 3370 de

314 3418 424 3464 arenae
448 3418 585 3471 numero,
616 3398 646 3461 iu
671 3419 728 3481 quo
753 3401 790 3466 de
812 3400 985 3464 Aristarchi
1007 3399 1225 3482 hypothesibus
1257 3409 1377 3473 namet,
1410 3408 1482 3462 ante
1506 3394 1537 3461 9.
1561 3417 1672 3460 anunm

315 3487 519 3568 Philopatoris
526 3507 535 3561 ;
560 3496 591 3551 et
614 3488 693 3550 forte
714 3489 770 3551 sub
794 3490 880 3551 finem
904 3488 1020 3569 imperii
1042 3488 1219 3567 Euergetis,
1247 3507 1335 3569 quem
1356 3490 1492 3570 proxime
1514 3487 1671 3550 Philadel-

314 3577 392 3657 phus
416 3577 592 3640 antecessit.
639 3578 683 3638 At
696 3577 883 3657 Philopatori
898 3575 1082 3658 Epiphanes,
1107 3586 1139 3639 et
1161 3577 1229 3641 hnic
1252 3578 1371 3640 demum
1395 3571 1588 3644 Philometor*
1602 3595 1672 3637 snc-

313 3665 418 3728 cessit.
464 3666 514 3728 lta
528 3665 690 3741 conficitur,
713 3666 935 3740 Aristarchum,
959 3669 1043 3747 c'ujus
1058 3667 1151 3729 libros
1165 3666 1364 3732 Archimedes
1383 3667 1468 3747 legit,
1492 3667 1548 3727 snb
1564 3664 1670 3726 Phila-

316 3752 425 3833 delpho
439 3755 596 3827 clamisse,
615 3774 670 3816 uec
687 3756 750 3816 ulla
764 3775 859 3818 causa
880 3756 918 3817 de
931 3756 1134 3822 Philometore
1156 3757 1341 3836 suspicandi.
1378 3756 1482 3822 Habet
1495 3753 1672 3818 historicam

316 3842 570 3906 confirmationem
584 3843 759 3906 historicus:
784 3846 890 3907 audiat
908 3846 1142 3908 astronomicam
1156 3853 1357 3908 astronomus.
1398 3844 1584 3909 Observavit
1595 3842 1672 3905 Ari-

316 3930 455 3994 starchus
488 3932 636 3993 aestivale
670 3932 833 3996 solstitium
867 3941 990 3996 anctore
1022 3934 1211 4014 ffipparcbo,
1246 3943 1279 3996 nt
1311 3935 1390 3998 Ptol.
1424 3936 1476 3998 Ill.
1514 3933 1540 3996 l.
1568 3936 1672 4008 refert,

316 4037 393 4081 anno
418 4017 472 4083 50.
495 4019 609 4099 primae
631 4021 747 4101 periodi
771 4020 949 4104 Callipicae.
996 4024 1028 4086 Is
1051 4025 1108 4085 fuit
1130 4044 1225 4086 anons
1249 4020 1280 4087 6.
1304 4023 1506 4103 Philadelphi.

406 4109 466 4170 Tot
495 4109 662 4172 nominibus
695 4112 724 4173 in
752 4111 880 4174 historia
907 4131 963 4173 sua
995 4112 1161 4194 impingens
1189 4114 1285 4176 Ursus
1317 4113 1428 4176 melum
1458 4113 1578 4191 iosnper
1609 4111 1675 4191 agit

316 4195 511 4277 interpretem
533 4198 705 4262 Aristarchi
727 4208 760 4262 et
783 4198 961 4281 Copernici,
986 4210 1019 4264 et
1040 4203 1220 4284 imputatam
1242 4202 1310 4264 aliis
1333 4201 1362 4264 in
1387 4200 1554 4283 Copernioo
1577 4202 1671 4264 intel-

317 4284 437 4364 ligendo
456 4287 649 4350 tarditatem
676 4288 704 4349 iu
730 4308 762 4350 se
786 4290 948 4352 manifeste
976 4293 1136 4354 transfert:
1170 4292 1254 4367 dom,
1287 4311 1374 4372 quam
1399 4290 1584 4372 Copernicus
1607 4291 1674 4352 axis

317 4373 441 4436 Terreni
465 4376 530 4457 (qui
545 4376 595 4440 axi
614 4377 848 4457 aequinoctialis
858 4380 1036 4458 respondet)
1059 4380 1285 4444 inclinationem
1309 4383 1349 4443 ad
1370 4383 1493 4462 planum
1516 4379 1673 4460 eclipticas

319 4464 446 4538 statuit,
470 4465 549 4525 hauc
573 4466 623 4528 illc
647 4467 834 4530 nueuonem
857 4468 936 4530 inter
958 4469 1115 4548 planetas,
1144 4470 1184 4536 ad
1206 4470 1304 4534 instar
1325 4471 1413 4544 pavis
1436 4472 1467 4534 in
1490 4468 1579 4544 mari,
1611 4471 1673 4549 jam

318 4549 348 4611 in
373 4541 517 4629 proram?
531 4553 595 4632 jam
618 4556 648 4616 in
671 4555 794 4638 puppim
816 4556 1030 4633 incumbentis,
1064 4559 1292 4639 interpretatur.
1338 4559 1383 4624 At
1414 4569 1481 4623 toto
1503 4559 1587 4622 coelo
1611 4556 1675 4621 Co-

319 4639 480 4716 pernicsno
504 4641 633 4704 aberrat.
681 4645 761 4707 Nam
784 4646 842 4709 etsi
867 4647 934 4709 exis
949 4648 1061 4714 Terrae
1084 4649 1113 4710 iu
1133 4649 1275 4714 solstitiis
1298 4650 1417 4716 inclinis
1431 4659 1480 4712 est
1502 4650 1542 4710 ed
1565 4649 1673 4710 lineam

319 4746 336 4788 e
360 4726 433 4791 Sole
455 4730 487 4792 in
510 4741 644 4794 cerrtrum
660 4734 771 4796 Terrae
795 4737 927 4808 ductam,
951 4737 980 4798 in
1004 4738 1200 4820 aequinoctiis
1219 4759 1291 4810 vero
1313 4749 1413 4803 'rectos
1436 4758 1502 4801 cum
1525 4759 1562 4804 ea
1584 4737 1675 4802 efficit

321 4817 465 4897 angulos:
499 4838 557 4880 non
586 4829 689 4886 tamen
712 4823 742 4886 id
765 4824 799 4890 bt
822 4835 936 4890 annutn
960 4826 1007 4887 vel
1034 4825 1167 4906 abnutu,
1201 4829 1254 4889 sed
1283 4830 1317 4891 tit
1347 4828 1549 4894 translatione
1579 4828 1673 4898 centri
