3609 5634
711 343 914 398 0000000110οω
1422 345 1487 412 273
1556 382 1562 392 ,

103 496 161 558 000
184 505 328 577 propter
354 499 550 582 evagationes
574 500 704 565 Veneris
727 503 924 566 00100οο0011
950 502 1043 566 dividi
1072 504 1103 566 in
1131 511 1204 566 tres.
1251 503 1287 566 ld
1315 511 1417 568 autem
1443 508 1487 584 ht,

104 583 215 648 01801
246 590 609 664 000000000000010000,
643 591 749 654 Venus
781 601 815 655 et
836 592 1004 655 Mercurius
1035 591 1170 672 singulos
1198 593 1230 655 iu
1259 611 1295 654 eo
1327 594 1488 677 epicyclos.
1535 654 1549 666 ,

103 674 230 737 Deinde
258 678 340 740 vide
363 678 436 741 mihi
458 679 617 742 Platonem
640 680 727 761 quasi
750 700 788 744 en
806 681 953 744 Martiani
975 681 1130 744 schemate
1153 689 1360 744 recensentem
1383 685 1487 746 ordine

105 760 234 840 Solem,
273 767 478 841 Mercurium,
512 768 677 831 Venerem:
714 788 771 832 000
805 779 912 834 contra
935 768 1052 844 Solem,
1084 769 1247 839 Venerem,
1285 771 1487 847 0100000100ος

106 854 292 917 0100000100
325 857 405 919 euim
438 857 493 919 hec
521 858 637 920 ratione
663 858 784 938 propior
811 858 934 922 008011
958 878 1047 940 quam
1072 859 1187 921 Venus.
1235 858 1338 922 Tertio
1352 860 1487 940 ,phrasin

107 942 261 1023 loquendi
288 946 588 1025 „comprehendere“
618 965 673 1026 pro
701 947 880 1010 antecedere
907 948 1029 1010 videtur
1051 948 1141 1009 Plato
1166 944 1311 1027 Capellae
1341 950 1485 1028 suppedi-

106 1040 208 1096 tasse.
263 1030 392 1106 Quarto
416 1042 447 1096 et
460 1034 577 1097 Plinius
599 1054 684 1097 suam
708 1054 810 1099 vocem
834 1056 1018 1112 „conversas
1042 1036 1188 1116 apsides“
1211 1055 1249 1097 ex
1262 1036 1401 1099 Platonis
1415 1056 1488 1100 voce

107 1123 336 1195 „contrariam
369 1122 450 1185 vim“
478 1124 638 1186 deduxisse
668 1123 797 1187 videtur.
846 1126 951 1207 ltaque
980 1126 1039 1188 dno
1066 1125 1110 1199 hi,
1143 1124 1260 1186 Plinius
1290 1133 1322 1186 et
1350 1123 1487 1205 Capella,

109 1211 285 1274 Platonem
308 1212 420 1275 imitati
442 1212 537 1274 videri
560 1222 690 1293 possunt
711 1233 854 1295 suamque
873 1235 911 1277 ex
935 1216 991 1277 hoc
1015 1213 1153 1277 hausisse
1177 1214 1370 1276 0000000100.
1409 1212 1486 1276 Om-

109 1299 195 1362 nium
221 1319 305 1363 0000
335 1300 581 1364 manifestissime
604 1302 790 1378 Macrobius,
821 1304 870 1384 qui
893 1304 974 1366 inter
1005 1312 1160 1383 utrumque
1187 1303 1264 1365 uiuit
1293 1303 1396 1383 quinto
1418 1311 1490 1384 post

112 1387 284 1452 Christum
318 1391 434 1464 seculo;
467 1390 493 1451 is
516 1392 596 1453 euim
634 1411 668 1453 00
700 1392 893 1455 manifestum
921 1392 1059 1458 Platonis
1091 1392 1288 1471 interpretem
1319 1393 1486 1472 profitetur.

114 1476 328 1552 „Ciceroui“,
356 1478 452 1561 iuquit
475 1477 659 1552 (Commeut.
685 1480 714 1542 iu
730 1479 886 1544 Somnium
901 1481 1053 1560 Scipionis
1068 1481 1092 1555 Ι,
1120 1477 1187 1554 19),
1212 1480 1433 1554 „Archimedes
1456 1492 1489 1544 et

115 1561 360 1630 Chaldaeorum
381 1567 460 1629 ratio
492 1568 658 1645 consentit,
692 1570 780 1631 Plato
803 1570 976 1652 Aegyptios
1007 1569 1138 1632 omnium
1160 1567 1369 1649 philosophiae
1393 1570 1488 1633 disci-

115 1656 281 1735 plinarum
312 1664 456 1738 parentes
484 1666 605 1720 0000000
628 1666 690 1733 000,
724 1659 775 1739 001
801 1658 847 1721 ite
869 1659 973 1721 Solem
1001 1658 1079 1722 iuter
1107 1659 1226 1721 Lunam
1253 1665 1285 1720 et
1306 1658 1488 1722 Mercurium

117 1746 263 1808 locatum
288 1746 405 1820 volunt,
430 1759 464 1808 00
486 1746 634 1808 rationem
644 1755 758 1835 ‚mmor
782 1748 1035 1828 deprehenderint
1057 1754 1090 1809 et
1113 1746 1272 1816 edixerint,
1296 1765 1349 1809 cur
1367 1767 1388 1810 a
1408 1767 1487 1811 uon·

119 1834 217 1897 nullis
249 1833 309 1897 Sol
337 1852 429 1914 supra
451 1834 633 1898 Mercurium
660 1849 809 1916 supraque
837 1837 990 1901 Venerem
1013 1855 1082 1898 esse
1114 1835 1287 1898 credetur..
1318 1836 1400 1898 Nem
1432 1855 1488 1899 nec

120 1922 180 1998 illi,
218 1924 277 2003 qui
301 1925 347 1987 ita
369 1923 558 1999 existiment,
592 1925 734 2003 aspecie
757 1925 822 1987 veri
850 1924 954 2005 procul
986 1924 1163 1987 aberrent.“
1208 1924 1275 1987 Uno
1306 1925 1398 1988 verbo
1431 1925 1488 1987 hoc

123 2011 203 2074 dicit
217 2011 410 2086 Macrobius,
435 2020 593 2093 utrumque
617 2013 834 2095 quodammodo
858 2033 963 2077 verum
985 2033 1064 2085 0000,
1087 2020 1120 2075 00
1142 2012 1291 2093 0000801
1314 2031 1405 2093 supra
1420 2013 1487 2076 Ve-

122 2119 231 2163 nerem
259 2109 294 2164 et
315 2101 497 2164 Mercurium
521 2102 575 2175 sit,
605 2110 638 2163 et
660 2101 738 2183 quod
761 2103 849 2166 iufra
896 2101 1055 2182 Sequitur:
1080 2100 1280 2182 „Opinionem
1304 2121 1374 2164 vero
1397 2102 1487 2166 istius

124 2189 365 2269 permutationis
392 2189 563 2270 hujusmodi
591 2190 668 2253 ratio
691 2191 877 2271 persuasit.“
922 2190 1160 2254 Permutatiouia
1187 2209 1261 2252 voce
1288 2191 1407 2254 videtur
1433 2191 1489 2253 illa

124 2278 275 2342 Platonis
297 2278 391 2341 verbe
413 2279 632 2361 perstringere:
657 2280 935 2360 „comprehendunt
950 2300 982 2342 se
997 2287 1100 2342 mutuo
1115 2286 1148 2340 et
1161 2279 1487 2358 comprehenduntur.“

125 2364 231 2443 Quod,
257 2368 366 2450 iuquit,
381 2369 472 2430 Plato
492 2367 633 2448 opinatus
648 2377 705 2443 est,
734 2369 826 2430 situm
840 2368 946 2431 horum
969 2370 1092 2430 duorum
1116 2386 1254 2430 erronum
1278 2376 1310 2428 et
1332 2365 1414 2430 Solis
1436 2369 1486 2430 in-

125 2456 254 2520 terdum
278 2476 345 2519 cunr
368 2456 519 2520 contrario
542 2456 715 2536 permutari,
732 2476 834 2544 ,cause
856 2457 931 2519 haec
956 2456 1027 2519 tuit:
1052 2476 1094 2531 „a
1108 2454 1231 2517 Saturni
1246 2456 1384 2534 sphaera,
1409 2474 1486 2536 quae

128 2553 179 2607 est
201 2546 306 2625 prime
328 2545 365 2607 de
385 2553 511 2626 septem,
536 2565 628 2626 usque
653 2545 692 2608 ed
716 2545 874 2625 sphaeram
897 2546 986 2607 Jovis
1009 2566 1028 2606 a
1051 2563 1168 2606 summa
1195 2543 1358 2605 secundam
1389 2543 1485 2606 inter·

124 2633 205 2712 jecti
236 2634 329 2715 spatii
358 2642 448 2696 teuta
470 2642 519 2696 000
550 2634 712 2707 distantia,
753 2643 787 2697 00
814 2635 930 2696 zodiaci
959 2633 1104 2696 ambitum
1146 2631 1282 2709 superior
1314 2628 1357 2694 30
1389 2632 1486 2702 anuis,

130 2720 174 2785 12
198 2742 274 2784 vero
302 2723 390 2785 00010
420 2723 558 2804 subjecta
585 2724 732 2784 conficiet.
780 2723 896 2785 Rursus
926 2729 1045 2785 tentum
1069 2741 1087 2781 0
1115 2718 1191 2781 Jove
1222 2720 1354 2798 sphaera
1375 2720 1486 2783 Martia

131 2812 265 2888 recedit,
298 2821 332 2873 ut
362 2811 488 2874 eundem
512 2831 630 2873 cursum
662 2811 780 2873 biennio
808 2810 970 2891 peragat.“
1014 2810 1072 2872 His
1101 2817 1133 2871 et
1162 2808 1357 2888 sequentibus
1385 2809 1485 2872 verbis

131 2900 230 2962 habes
254 2900 532 2979 interpretationem
556 2901 636 2981 ejus,
660 2899 739 2979 quod
761 2900 851 2961 Plato
881 2900 968 2969 dicit,
1001 2898 1161 2979 „posuisse
1184 2897 1281 2958 Deum
1305 2915 1432 2976 0000000
1454 2899 1485 2959 10

132 2990 267 3051 ambitus
290 3007 356 3063 000,
386 3007 461 3069 0000
484 2989 627 3068 cujusque
649 2987 823 3067 periodus“,
846 2996 921 3049 uota
944 3007 987 3048 sc.
1011 2986 1157 3066 temporis
1184 2986 1364 3047 restitutorii
1388 3006 1485 3068 quan-

132 3078 220 3152 titas,
247 3077 408 3141 desideret.
454 3077 559 3157 Pergit
573 3075 765 3137 Macrobius:
790 3075 918 3150 „Venus
942 3084 1044 3138 eutem
1066 3083 1116 3137 000
1137 3082 1224 3137 tauto
1238 3073 1360 3154 regione
1375 3075 1485 3137 Martis

133 3166 267 3240 inferior,
292 3173 326 3227 ut
348 3166 377 3227 ei
400 3185 495 3228 anuos
519 3165 595 3226 setis
619 3164 660 3226 sit
682 3165 719 3225 ed
744 3165 896 3226 zodiacum
919 3164 1149 3245 peragrandum.
1195 3162 1265 3225 1000
1284 3181 1356 3225 vero
1371 3162 1485 3226 Veneri

133 3256 178 3318 ita
195 3255 334 3337 proxima
348 3263 397 3316 000
410 3254 500 3316 stella
513 3254 655 3316 Mercurii
670 3263 702 3315 et
719 3253 867 3316 Mercurio
882 3252 937 3316 801
949 3253 1141 3334 0000100000,
1167 3259 1201 3313 00
1218 3251 1248 3313 01
1263 3260 1327 3316 0000
1345 3254 1484 3317 coelum

133 3365 234 3408 suum
257 3343 388 3418 (coelum
413 3342 442 3404 in
465 3342 609 3421 singulari
634 3342 721 3417 dicit)
744 3343 810 3423 pari
834 3344 979 3423 temporis
1002 3342 1110 3422 spatio,
1135 3341 1197 3403 10.
1222 3360 1309 3412 0000,
1332 3341 1400 3421 0100
1424 3342 1483 3403 mi-

134 3453 244 3509 nusve,
269 3433 462 3495 circumeant.
510 3430 582 3493 Ideo
607 3438 638 3493 et
662 3430 770 3494 Cicero
794 3432 849 3493 hos
872 3434 947 3494 duos
972 3452 1075 3495 cursus
1099 3430 1225 3493 comites
1247 3430 1330 3493 Solis
1353 3429 1484 3508 vocavit,

133 3524 205 3604 quia
226 3523 257 3585 10
280 3522 347 3604 0001
370 3522 469 3602 000010
493 3521 581 3600 louge
605 3541 625 3582 0
646 3540 679 3582 00
703 3539 854 3601 uunquam
882 3521 1056 3583 receduut“
1102 3520 1215 3581 lterum
1242 3519 1421 3599 particulam
1445 3520 1482 3581 de
1526 3519 1529 3528 '

134 3619 222 3674 textu
244 3610 383 3674 Platonis
406 3630 498 3691 supra
520 3610 620 3691 posito
644 3610 798 3690 explicuit.
844 3609 1003 3690 Sequitur:
1034 3608 1145 3683 „Luna
1174 3615 1276 3669 autem
1304 3614 1423 3670 tautum
1446 3608 1484 3670 ab

134 3700 181 3762 hie
211 3702 350 3763 deorsum
377 3700 520 3773 recessit,
552 3706 594 3773 ut,
629 3699 707 3781 quod
735 3698 767 3761 hi
795 3717 884 3773 auno,
913 3693 956 3759 28
988 3697 1093 3759 diebus
1120 3696 1188 3776 ipsa
1215 3696 1361 3758 conficiat
1410 3697 1484 3758 Ideo

133 3808 229 3871 ueque
253 3790 290 3852 de
313 3788 403 3851 trium
426 3787 611 3868 superiorum
635 3788 753 3862 ordine,
786 3806 883 3867 quem.
897 3786 1057 3848 manifeste
1081 3785 1219 3866 clareque
1244 3784 1403 3864 distinguit
1424 3785 1483 3846 im-

132 3897 238 3942 mensa
261 3878 415 3953 distantia,
439 3897 534 3958 neque
558 3878 596 3939 de
619 3877 724 3939 Lunae
748 3875 884 3956 regione,
910 3892 986 3955 quae
1010 3874 1048 3936 ab
1072 3873 1208 3935 omnibus
1230 3873 1357 3936 multum
1380 3893 1483 3936 recas-

133 3967 183 4042 sit,
209 3967 288 4030 iuter
310 3976 429 4029 veteres
454 3967 555 4048 aliqua
579 3966 635 4028 luit
658 3965 817 4028 dissensio.
862 3964 978 4026 Horum
1001 3981 1071 4025 vero
1091 3962 1181 4024 trium
1204 3961 1261 4024 sibi
1284 3962 1485 4044 proximorum

133 4056 274 4133 Veneris,
296 4055 441 4120 Mercurii
464 4065 497 4118 et
515 4054 596 4118 Solis
620 4054 754 4117 ordinem
777 4052 887 4114 vicinia
911 4052 1075 4126 confundit,
1099 4052 1154 4113 sed
1177 4052 1258 4131 apud
1280 4052 1366 4114 alios.
1404 4053 1483 4113 Nem

135 4144 354 4227 Aegyptiorum
377 4145 532 4208 solertiam
554 4143 633 4208 ratio
657 4163 715 4206 uon
739 4143 830 4223 sugit,
855 4161 932 4224 quae
955 4141 1027 4204 talis
1051 4140 1131 4202 est.“
1177 4138 1211 4202 81
1236 4159 1324 4221 quem
1346 4139 1483 4202 obscuri-

132 4244 195 4311 tas,
221 4253 298 4316 quae
320 4234 351 4297 iu
374 4234 431 4297 hoc
454 4252 570 4315 quoque
595 4239 716 4295 auctore
739 4232 884 4295 nonnulla
907 4239 969 4305 est,
1000 4230 1030 4291 in
1055 4228 1273 4291 dubitationem
1295 4228 1420 4291 adducit
1446 4228 1483 4292 de

132 4325 196 4403 ejus
225 4324 392 4398 sententia,
422 4322 449 4386 is
473 4323 548 4384 haec
571 4322 638 4403 jam
665 4320 766 4402 posita
794 4320 888 4382 verba
914 4319 1007 4398 00000
1039 4317 1193 4397 ponderet.
1249 4315 1301 4379 Sic
1330 4317 1408 4379 euim
1437 4324 1485 4376 est

132 4412 345 4494 intelligendus
368 4430 497 4493 sequeus
520 4419 637 4484 textus,
665 4418 700 4471 ut
722 4409 790 4472 iude
815 4408 893 4470 00010
917 4414 1024 4487 pateat
1046 4406 1160 4469 ordinis
1183 4424 1241 4467 uon
1266 4412 1384 4466 tentum
1406 4404 1486 4466 iuter

132 4500 234 4564 Solem
264 4503 394 4565 000000
418 4501 482 4580 ejus
507 4499 649 4571 comites,
679 4499 733 4560 sed
757 4498 850 4560 etiem
878 4495 1061 4576 10000100οο
1084 4495 1150 4556 hos.
1196 4494 1303 4574 Itaque
1332 4493 1484 4574 interpre-

132 4590 248 4653 tatione
272 4591 359 4653 unius
383 4588 467 4652 verbi
489 4590 520 4651 iu
544 4587 738 4668 sequentibus
761 4605 836 4666 opus
860 4594 917 4647 est.
965 4582 1124 4659 „Circulos
1151 4600 1316 4662 perquem
1340 4581 1393 4644 801
1417 4581 1484 4644 dis·

133 4679 248 4742 currit“
271 4678 421 4759 (intellige
445 4677 611 4762 epicyclum
634 4676 663 4738 10
688 4673 891 4749 concentum,
922 4691 979 4753 quo
1003 4671 1262 4733 eccentricitatem
1284 4671 1406 4733 salvare
1429 4688 1483 4732 so-

132 4768 244 4843 10000ος
269 4768 296 4830 01
319 4787 405 4830 00000
434 4768 556 4841 feceris,
586 4764 735 4828 Macrobii
762 4761 856 4825 verbe
883 4762 914 4823 in
943 4758 1130 4822 concordiam
1157 4778 1216 4820 uon
1245 4759 1378 4838 rediges)
1402 4759 1484 4834 „hic,

130 4857 261 4939 iuquam,
286 4856 460 4920 aMercurii
483 4856 593 4920 circulo
616 4861 651 4918 ut
668 4852 790 4918 inferior
814 4850 932 4926 (malim
946 4849 1085 4923 interior)
1109 4848 1248 4922 ambitur,
1269 4847 1354 4910 illum
1368 4866 1483 4931 quoque

199 4960 288 5013 septen
302 4962 401 5013 operat.
1240 4950 1274 5005 18
