3609 5634
794 376 907 440 syces
925 375 1126 443 muamus

757 573 803 636 IN
826 571 967 638 CAPUT
988 575 1158 639 Ill-vill

816 694 910 748 rora
929 696 1108 750 sucroars.

356 799 389 874 a)
409 804 506 859 Plures
526 819 669 874 corporum
682 803 871 860 distinctiones
891 812 922 860 et
940 806 1012 860 liaeo
1030 807 1093 877 Ipsa
1110 805 1198 860 fusius
1220 804 1344 858 invenies
1362 802 1411 856 lib.
1427 799 1473 856 Ν.
1487 799 1643 871 Epitomes,

276 886 371 958 aliqua
389 886 482 949 etiam,
503 891 594 939 ortum
614 890 647 938 ct
662 885 891 941 combinationem
910 887 1077 958 spectantia,
1099 886 1148 940 lib.
1164 886 1196 940 V.
1217 884 1348 939 Harmon.
1364 882 1432 952 Cap.
1450 882 1489 946 1..
1518 887 1550 936 et
1568 880 1646 935 intra

275 967 304 1022 in
323 967 377 1022 boc
396 966 457 1036 ipso
476 963 571 1019 libello
593 964 662 1035 Cap.
683 965 760 1021 XIII.

862 1078 1055 1087 ..—-—-.-·---

849 1187 971 1287 Caput
997 1185 1066 1261 IX.

306 1320 494 1385 Demeae
512 1337 648 1401 corpora
666 1316 748 1381 inter
762 1316 925 1402 planetas,
944 1319 1153 1402 proprietates
1171 1324 1314 1401 optutus,
1334 1316 1550 1380 mamaea
1568 1332 1611 1376 ec·

607 1408 792 1488 corporibus
809 1408 954 1492 cognom
969 1406 1173 1493 planetarum
1190 1414 1309 1471 msam.

362 1541 430 1604 Non
454 1558 576 1619 possum
599 1538 775 1621 praeterire,
803 1539 872 1620 quin
897 1540 945 1602 bic
969 1540 1072 1620 aliqua
1090 1559 1130 1603 ex
1148 1560 1185 1601 ea
1204 1538 1345 1621 physices
1367 1544 1465 1618 parte,
1489 1553 1567 1615 quae
1590 1543 1641 1596 est

276 1631 314 1692 de
337 1630 528 1710 planetarum
552 1627 760 1709 qualitatibus,
785 1629 931 1704 delibem,
956 1637 991 1691 ut
1013 1639 1177 1711 appareat,
1203 1629 1296 1691 etiam
1319 1628 1400 1688 vires
1423 1626 1556 1706 ipsorum
1578 1643 1638 1686 na-

274 1720 389 1782 turales
422 1718 500 1780 bunc
535 1718 669 1779 ordinem
701 1736 823 1780 servare
856 1737 982 1801 eamque
1014 1721 1053 1780 sd
1085 1719 1213 1780 invicem
1240 1715 1465 1799 proportionem
1495 1713 1637 1777 retinere.

274 1808 354 1871 Nam
378 1808 404 1869 si
428 1825 480 1869 eos
503 1806 654 1888 planetas,
680 1807 731 1888 qui
750 1806 874 1870 Terram
894 1808 1047 1883 ambeunt,
1072 1807 1134 1870 illis
1153 1808 1245 1869 etiam
1269 1804 1452 1887 corporibus,
1478 1802 1638 1884 quaesibi

274 1896 421 1976 iuscripta
444 1896 617 1971 continent,
649 1916 829 1972 accenscas,
862 1896 987 1959 inclusis
1011 1906 1113 1960 autem
1138 1896 1271 1978 planetis
1294 1915 1314 1957 a
1336 1891 1464 1956 Telluris
1488 1893 1560 1954 orbe
1582 1891 1639 1952 illa

273 2004 400 2067 corpora
423 1985 560 2061 tribuas,
593 1985 701 2065 quibus
725 1994 850 2067 uterque
881 1985 1152 2059 circumscribitur,
1186 1985 1264 2066 quod
1296 1983 1410 2064 optima
1433 1982 1549 2044 ratione
1573 1980 1637 2042 lieri

272 2093 362 2155 posse
387 2073 548 2137 existimo:
577 2072 727 2136 Saturnus
751 2074 877 2137 babebit
899 2076 1016 2150 cubum,
1040 2074 1161 2154 Jupiter
1182 2073 1350 2158 pyramide,
1374 2072 1458 2135 Mars
1483 2070 1636 2134 dodecat-

260 2165 358 2234 =dron,
383 2164 535 2226 Venerem
559 2162 747 2238 icosaedron,
771 2163 955 2226 Mercurium
977 2165 1152 2226 octaedroo.
1194 2164 1290 2224 Terra
1312 2179 1384 2225 vero
1407 2178 1474 2222 cum
1497 2159 1572 2222 nibil
1595 2158 1638 2220 sit

271 2252 330 2314 nisi
362 2252 468 2327 limes,
501 2251 600 2313 neutri
630 2260 817 2315 accensetur.
865 2251 968 2315 Solem
996 2254 1089 2316 etiam
1116 2261 1148 2315 et
1176 2253 1295 2314 Lunam
1325 2248 1473 2329 astrologi
1502 2247 1636 2311 maximo

272 2341 433 2404 intervallo
457 2340 606 2402 steteris
621 2341 748 2422 quinque
764 2341 962 2421 distinguunt,
987 2350 1021 2404 ut
1043 2343 1088 2405 ita
1108 2361 1169 2403 non
1193 2360 1269 2422 opus
1292 2339 1334 2402 sit
1356 2340 1473 2401 illorum
1495 2338 1544 2400 hic
1568 2356 1635 2399 me·

272 2430 411 2506 minisse,
437 2438 469 2492 et
491 2447 632 2491 numerus
655 2448 812 2510 corporum
837 2430 960 2510 pulchre
984 2450 1051 2494 cum
1074 2428 1094 2494 5
1119 2431 1251 2512 planetis
1274 2428 1445 2491 mureniat.

359 2517 480 2599 Jupiter
502 2519 595 2599 igitur
618 2519 647 2581 iu
672 2519 771 2582 medio
798 2520 1002 2582 maleficarum
1029 2519 1181 2583 beneficus
1208 2519 1274 2598 ipse
1302 2518 1413 2580 multos
1443 2515 1474 2578 in
1496 2514 1634 2578 admira-

271 2609 384 2672 tionem
406 2609 523 2689 rapuit,
556 2616 588 2670 et
611 2608 819 2671 Ptolemaeum
845 2609 940 2671 etiam
967 2609 1007 2670 ad
1030 2628 1189 2671 cansarum
1212 2606 1478 2687 investigationem
1501 2604 1635 2667 extimu-

271 2697 356 2760 lavit.
374 2699 401 2772 ⁸)
447 2698 511 2759 Nos
540 2697 638 2758 simile
669 2698 740 2778 quid
768 2698 904 2760 ridemus
932 2697 962 2759 in
990 2698 1164 2780 pyramide,
1197 2715 1274 2779 quas
1306 2697 1385 2758 iuter
1417 2695 1475 2758 dno
1507 2711 1636 2774 corpora

270 2787 381 2868 partim
403 2793 549 2866 cognata,
573 2786 684 2865 partim
708 2787 904 2850 abhorrentia
926 2786 1055 2850 invicem
1078 2788 1155 2850 adeo
1179 2788 1218 2850 ab
1242 2795 1369 2867 utroque
1398 2783 1568 2864 discrepat,
1599 2790 1636 2844 ut

271 2877 334 2938 iere
358 2877 395 2938 de
421 2876 486 2937 loco
509 2874 697 2955 periclitetur
719 2876 749 2938 in
777 2875 947 2939 ratiociniis
970 2876 1184 2956 superioribus.
1231 2875 1333 2937 Trium
1356 2873 1542 2953 superiorum
1563 2870 1634 2953 qui·

270 2965 346 3027 libet
368 2984 434 3027 cum
457 2962 581 3043 reliquis
604 2964 729 3026 hostilia
751 2973 874 3029 exercet
901 2966 981 3027 odia.
995 2963 1024 3040 l)
1071 2966 1180 3028 Tribus
1209 2964 1302 3028 etiam
1329 2981 1431 3026 eorum
1457 2960 1634 3043 corporibus

271 3054 345 3117 nihil
366 3054 488 3135 penitus
512 3053 653 3114 convenit
675 3071 792 3128 eornm,
817 3073 893 3136 quae
918 3060 1076 3134 apparent.
1123 3055 1208 3116 Mars
1231 3061 1333 3115 umen
1356 3070 1423 3115 cum
1446 3049 1579 3114 Saturno
1601 3049 1633 3111 in

271 3143 339 3205 sola
361 3142 480 3206 malitia
503 3142 668 3221 conspirat.
715 3142 792 3204 Huic
815 3161 872 3222 ego
896 3161 1038 3224 comparo
1060 3142 1297 3206 Inconstantiam
1326 3141 1521 3221 angulorum,
1555 3157 1634 3220 quae

270 3233 390 3294 illorum
411 3230 533 3313 propria
556 3239 589 3293 et
611 3232 776 3292 communis
799 3240 850 3293 est
872 3232 1001 3315 utrique.
1053 3233 1150 3312 Igitur
1173 3231 1319 3294 bonitatis
1344 3237 1553 3310 argumentum
1575 3227 1635 3291 erit

272 3321 473 3394 contrarium,
508 3317 626 3382 scilicet
657 3318 811 3381 stabilitas
844 3321 1022 3401 angulorum
1050 3321 1080 3383 in
1109 3323 1183 3384 solis
1207 3319 1364 3384 lateribus.
1410 3319 1635 3400 Argumentum

271 3429 324 3471 cur
345 3409 476 3489 Jupiter,
499 3408 605 3469 Venus
630 3415 662 3469 ct
685 3409 853 3471 Mercurius
876 3409 1002 3472 benefici
1025 3410 1097 3472 sint.
1136 3409 1250 3485 (lubus,
1274 3408 1399 3472 Saturni
1423 3427 1542 3489 corpus,
1566 3425 1634 3468 me-

270 3499 345 3561 titur
368 3498 469 3560 omnia
491 3496 608 3577 reIIqua
631 3516 686 3558 sua
708 3499 899 3574 rectitudine,
925 3508 957 3561 et
979 3499 1104 3580 planeta
1126 3500 1192 3580 ipse
1216 3518 1372 3561 mensores
1394 3497 1503 3571 efficit,
1527 3504 1634 3578 estque
1659 3489 1670 3510 ‘

272 3588 369 3667 quoad
394 3586 545 3666 ingenium
568 3585 694 3666 rigidus,
717 3587 793 3650 recti
815 3596 928 3661 eustos,
951 3607 990 3650 na
1014 3589 1108 3652 latum
1129 3607 1258 3670 unguem
1282 3588 1402 3657 cedens,
1426 3585 1632 3659 inexorabilis,

270 3674 455 3737 iuflexibilis.
502 3672 555 3738 Sic
578 3676 639 3737 fert
661 3676 763 3758 anguli
788 3676 947 3740 rectitudo.
1203 3751 1204 3756 γ

361 3762 511 3843 Cognatio
535 3763 764 3827 evidentissima
787 3774 835 3828 ost
856 3766 887 3827 in
911 3766 1046 3842 basibus,
1071 3785 1131 3846 qua
1154 3785 1220 3829 cum
1243 3765 1378 3846 Jupiter,
1403 3764 1519 3837 Venus,
1544 3761 1631 3823 Mer-

270 3852 370 3914 curius
394 3853 563 3932 (planetam
587 3853 653 3915 dico
676 3872 730 3935 pro
754 3857 894 3935 corpore)
920 3856 1027 3917 eadem
1050 3862 1189 3929 utantur,
1213 3873 1337 3917 causam
1360 3853 1505 3916 habemus
1530 3870 1632 3913 eorum

271 3941 431 4017 amicitiae,
456 3950 614 4021 utsupra.
662 3944 742 4005 Nam
766 3945 921 4007 stabilitas
945 3944 1027 4006 inest
1049 3945 1201 4025 triangulo
1223 3944 1361 4024 primum.
1408 3942 1498 4005 Alter
1519 3940 1633 4020 gradus

271 4038 319 4091 est
341 4031 463 4110 planum
487 4049 636 4110 apparens
660 4051 726 4095 curn
750 4034 860 4113 angulo
886 4052 942 4094 ceu
964 4033 1116 4095 umbilico.
1155 4033 1202 4096 Ns
1224 4033 1365 4096 miremur
1388 4031 1480 4112 igitur
1503 4030 1632 4111 amplius

271 4120 378 4200 ecquid
401 4120 573 4182 delitiarum
596 4138 689 4200 penes
714 4122 819 4184 durum
843 4129 876 4182 et
898 4121 1019 4201 igneum
1039 4122 1171 4183 Martem
1196 4123 1303 4199 lateat,
1327 4122 1413 4201 cujus
1436 4139 1529 4183 causa
1552 4117 1631 4181 deli-

270 4210 372 4271 catulo
400 4208 506 4270 Venus
536 4209 637 4271 mariti
671 4211 818 4273 frustrata
849 4211 1016 4273 thalamum
1047 4229 1114 4272 cum
1143 4212 1244 4274 Marte
1275 4209 1504 4291 conspiraverit.
1551 4209 1632 4272 Nam

269 4298 380 4360 Martis
404 4299 657 4380 quinquangulum
688 4308 737 4361 est
765 4299 793 4360 iu
818 4300 949 4362 Venere.
996 4298 1048 4362 Sic
1072 4299 1197 4362 Saturni
1226 4300 1464 4381 quadrangulum
1491 4298 1522 4360 iu
1545 4298 1631 4359 Mer·

270 4387 352 4449 eurio
375 4388 518 4450 conciliat
541 4389 662 4450 eosdem
687 4388 803 4469 utrique
827 4408 935 4450 mores.
981 4388 1101 4450 Tertius
1125 4389 1237 4469 gradm
1262 4397 1324 4465 est,
1355 4386 1524 4450 cumidem
1548 4387 1632 4466 ejus·

270 4474 338 4537 dem
362 4475 390 4537 in
415 4475 531 4564 duobus
554 4486 603 4539 est
617 4477 665 4539 vel
681 4485 826 4557 apparet:
852 4486 885 4540 et
908 4487 971 4540 tum
993 4476 1054 4540 illis
1077 4478 1108 4540 in
1132 4477 1233 4540 causis
1256 4477 1421 4541 communis
1446 4475 1534 4539 amici
1557 4494 1632 4537 con-

270 4564 363 4625 venit.
407 4564 503 4645 Igitur
525 4566 555 4627 in
579 4566 668 4629 rebus
691 4566 789 4628 Joviis
814 4567 955 4629 convenit
977 4566 1091 4629 Veneri
1115 4586 1182 4630 cum
1205 4567 1366 4641 Mercurio,
1391 4567 1461 4648 quia
1484 4563 1631 4627 communi

267 4649 355 4713 Jovis
377 4660 503 4716 utuntur
525 4653 603 4718 basi.
649 4656 685 4717 In
708 4653 861 4719 Saturoiis
884 4656 1035 4720 consentit
1057 4656 1225 4719 Mercurius
1247 4676 1315 4720 cum
1338 4657 1439 4719 Marte
1461 4673 1630 4737 parumper,

269 4740 339 4818 quia
361 4740 392 4802 in
414 4743 469 4804 illo
486 4740 611 4806 Satomi
633 4745 822 4824 quadratum,
846 4745 876 4807 in
895 4746 952 4808 hoc
970 4752 1070 4808 tectus
1088 4745 1181 4808 cubus
1196 4751 1254 4808 ast
1287 4748 1428 4827 Apparet
1444 4745 1536 4808 etiam
1550 4743 1630 4817 binc,

269 4844 322 4891 cur
345 4829 457 4891 Veneri
480 4849 547 4893 cum
570 4830 701 4895 Saturno
724 4835 806 4896 nulla
829 4834 983 4914 cognatio,
1007 4841 1039 4895 et
1062 4853 1138 4915 quae
1161 4835 1336 4914 potissima,
1360 4843 1392 4896 et
1414 4853 1466 4897 cur
1489 4831 1631 4896 Mercurii

269 4917 414 4981 versatile
436 4918 588 5001 ingenium
610 4922 746 4988 omnibus
770 4930 900 5004 quatuor
922 4943 990 4986 sese
1014 4922 1160 5003 applicet,
1185 4924 1337 4988 mInImam
1360 4930 1462 4987 umen
1484 4921 1587 4986 Marti.
