3609 5634
745 367 908 419 Mum.
1299 366 1302 381 ’
1460 365 1498 433 31

137 534 265 581 mtutr
279 528 351 593 ampl
365 528 579 593 reprehensionem
591 526 673 578 insidi.
687 523 723 588 ¹¹)
750 526 839 593 ltaque
856 542 914 578 rere
932 527 991 577 mihi
1009 528 1102 579 accidit
1118 527 1253 579 secundum
1272 527 1335 595 illins
1354 528 1502 591 symbolam:

137 597 206 649 dum
226 601 282 651 uiis
299 602 421 656 insertio,
446 615 492 665 ego
511 613 647 651 consumor.
683 597 777 649 Verum
794 600 853 663 quia
869 601 895 649 in
914 601 950 648 tui
969 601 1076 664 ςιοιίιιι
1095 600 1120 649 id
1138 600 1231 649 iactum
1250 606 1300 654 est,
1324 600 1404 651 ιιίιιι
1423 600 1502 659 doleo,

137 672 236 720 amicis
255 673 320 725 euim
338 671 485 737 gratificari,
511 672 556 720 etsi
580 684 754 734 nonnunquam
779 670 817 719 vel
841 686 890 719 non
916 685 971 720 raro
988 671 1118 735 plurimum
1136 671 1195 720 mihi
1213 670 1303 720 laboris
1321 670 1379 719 inde
1398 680 1502 729 creetur,

134 750 252 803 paratus
266 758 329 792 snm.
359 743 453 793 Verum
470 757 553 792 morae
566 742 728 792 diuturnioris
746 755 824 791 causa
842 756 888 807 ego
906 742 1015 807 proiecto
1033 758 1082 792 non
1101 743 1145 802 ini,
1164 741 1208 792 sed
1225 743 1315 805 partim
1332 744 1411 805 ipsum
1429 758 1502 806 opus·

136 813 243 871 sulum,
262 816 352 878 partim
370 813 516 879 typographi
533 814 644 863 minister
661 812 792 877 typotheta
809 818 836 862 οι
852 813 955 867 tandem
973 813 1074 863 schema
1092 815 1142 864 aeri
1161 813 1335 876 insculpmrn.u

219 886 300 944 Dein.
324 886 451 939 ιοοιιιίιιι
474 885 701 945 emendationibus,
725 898 791 948 quae
808 886 854 948 ipsi
873 886 1030 935 necessariae
1047 887 1114 935 risae
1138 893 1211 941 sunt.
1234 885 1270 935 sic
1288 886 1382 951 pergit:
1411 883 1502 936 Omnes

135 958 284 1018 particulas
300 957 403 1023 perlegi.
421 958 476 1008 ideo
496 958 571 1007 etiarn
589 955 696 1022 quotidie
714 956 747 1006 ad
764 956 892 1005 minimum
910 956 993 1011 semel.
1013 964 1042 1005 ut
1059 957 1188 1020 plurimum
1205 956 1250 1012 bis,
1269 972 1319 1006 non
1337 971 1392 1006 raro
1410 964 1456 1017 ter,
1476 959 1501 1006 in
1529 994 1534 1003 .

136 1029 339 1094 typographiam
356 1029 539 1079 ascendendum
555 1028 614 1077 mihi
632 1028 688 1084 init,
706 1034 735 1077 ut
753 1041 835 1078 coram
855 1027 888 1077 ad
905 1042 993 1078 manus
1011 1028 1163 1093 typographo
1183 1028 1308 1084 adessem,
1327 1035 1363 1088 ut,
1383 1037 1502 1092 qnantum

137 1100 315 1149 oculamsimo
332 1100 446 1164 possibile
463 1102 512 1158 sit,
536 1113 724 1163 praecaverem,
750 1113 782 1149 ne
807 1100 893 1149 erratis
918 1100 980 1149 liber
996 1107 1112 1150 scateret
1148 1098 1242 1148 Verum
1263 1100 1334 1148 rideo
1354 1102 1421 1162 jam.
1446 1109 1502 1149 utut

136 1177 248 1221 menne
265 1172 438 1229 laboraverim,
461 1171 526 1237 quod
543 1171 661 1221 nonnulla
678 1176 764 1221 tamen
782 1177 865 1220 errata
881 1185 949 1220 meos
968 1171 1050 1220 oculos
1069 1178 1095 1220 et
1111 1171 1260 1220 indefessum
1279 1170 1387 1220 laborem
1404 1171 1498 1221 ieielle·

136 1248 213 1293 sunt.
252 1242 369 1308 Singula,
388 1248 518 1307 postqusrn
536 1256 628 1293 excusa
645 1242 756 1295 inerunt.
776 1241 906 1307 diligentia
923 1242 977 1306 pari
995 1242 1104 1307 relegere
1122 1248 1149 1291 et
1166 1249 1249 1292 errata
1266 1241 1364 1306 reliqua
1378 1242 1501 1308 colligere,

138 1327 193 1379 ago
211 1314 323 1379 prolecto
340 1320 439 1380 propter
457 1315 520 1366 alias
538 1315 713 1378 occupationes
730 1328 779 1363 non
797 1315 873 1377 potui.
906 1313 968 1363 Cum
986 1320 1031 1363 tua
1049 1313 1153 1378 epistola
1170 1311 1204 1374 (r.
1218 1310 1251 1375 s.)
1270 1327 1302 1363 ea
1320 1313 1425 1364 collecta
1441 1313 1500 1363 nrihi

139 1385 261 1448 offerret,
280 1400 313 1437 ea
330 1387 389 1438 addi
407 1387 510 1451 amplius
528 1401 578 1435 non
596 1391 735 1450 potuerunt,
755 1398 814 1435 nam
832 1385 905 1434 nimis
923 1399 977 1434 sero
995 1398 1027 1434 ea
1044 1385 1199 1434 adveniebat.

218 1457 292 1520 Quod
308 1457 439 1509 Rhatiai
457 1458 624 1508 narrationem
642 1456 807 1518 adjiciendam
825 1456 925 1518 censui,
949 1456 1021 1506 iacile
1044 1457 1112 1520 potui
1135 1458 1270 1518 conjicere,
1291 1462 1390 1520 proptor
1406 1462 1500 1506 sumtus

138 1532 254 1592 majores
273 1531 300 1580 id
317 1530 363 1580 tibi
380 1544 508 1580 onerosum
525 1529 585 1579 iore.
621 1527 715 1578 Verum
733 1527 806 1579 crede
822 1527 896 1588 milri,
916 1528 989 1578 crede
1007 1528 1048 1580 iis.
1074 1529 1115 1592 qui
1134 1527 1219 1577 dextre
1236 1534 1263 1578 et
1280 1529 1333 1577 sine
1350 1528 1500 1591 praeiudicio

140 1600 175 1651 de
193 1608 221 1651 ιο
240 1608 333 1667 tuoque
350 1603 439 1665 scripto
455 1601 577 1664 judicant
596 1615 646 1649 non
665 1601 717 1661 eius
734 1600 876 1663 poenitebit,
895 1613 943 1649 uec
960 1600 1088 1663 poeniteat
1099 1605 1134 1655 te,
1151 1600 1210 1664 quia
1220 1599 1349 1663 plurimum
1363 1599 1425 1648 lucis
1442 1600 1499 1649 inde

143 1671 180 1721 ad
198 1680 270 1723 tuum
288 1674 405 1737 scriptum
421 1673 492 1723 redit.
523 1671 599 1737 quue
615 1677 686 1720 tanto
705 1672 783 1736 magis
801 1676 899 1736 gratum
917 1670 987 1727 ieret.
1008 1685 1063 1720 cum
1080 1684 1138 1735 pag.
1159 1669 1189 1719 il
1210 1685 1240 1720 ex
1257 1671 1365 1736 proiesso
1383 1670 1499 1721 lectorem

65 1742 78 1769 ⁸
142 1744 178 1795 sd
196 1758 255 1795 earn
272 1746 439 1794 narrationem
458 1743 566 1808 ableges.
604 1741 698 1803 Quodsi
717 1755 748 1791 ea
766 1748 859 1799 careat,
878 1742 973 1791 ridetur
990 1743 1016 1791 iu
1034 1741 1150 1806 Utopiarn
1168 1742 1298 1807 ablegatus
1312 1778 1318 1790 .
1332 1777 1338 1790 .
1353 1778 1381 1791 ..

213 1814 289 1866 Nunc
307 1822 399 1866 cetera
435 1814 573 1864 Tabellario
591 1820 650 1871 tuo,
671 1819 801 1878 postquam
820 1828 851 1863 es
868 1813 966 1862 hisatia
987 1813 1072 1871 redit,
1099 1813 1191 1877 aliquot
1209 1814 1357 1877 exemplaria
1373 1814 1498 1877 imponere

142 1886 264 1937 rdebam.
295 1886 389 1938 Verum
407 1887 466 1951 qula
483 1886 534 1950 typi
553 1886 625 1936 aenei
642 1884 729 1934 tabula
748 1884 856 1933 nondum
875 1884 989 1935 absoluta
1006 1884 1096 1942 iuerat,
1116 1890 1141 1934 et
1158 1886 1217 1949 quia
1234 1884 1271 1935 St.
1289 1884 1424 1935 Steiniinus
1442 1900 1497 1950 pro·

143 1958 243 2023 pediam
260 1958 318 2008 hino
334 1959 488 2023 proiecturus
506 1963 568 2018 erat,
588 1956 730 2006 tabellarius
746 1961 804 2006 tuns
815 1961 911 2006 mutato
923 1956 1025 2013 consilio
1038 1955 1187 2019 exemplaria
1204 1956 1244 2016 hic
1262 1956 1360 2022 reliquit
1377 1958 1497 2006 animum·

144 2045 191 2096 que
209 2030 315 2089 induxit,
334 2045 385 2081 non
403 2044 474 2094 equo,
493 2043 565 2093 quem
584 2033 692 2078 emturns
709 2027 799 2084 iuerat,
818 2027 862 2077 sed
880 2027 983 2090 pedibus
1002 2028 1100 2078 domum
1117 2029 1205 2078 reverti
1223 2028 1294 2078 velle.
1331 2027 1423 2077 Verum
1442 2043 1498 2078 cunr

143 2117 190 2168 ego
210 2101 326 2153 Steinlini
344 2102 478 2152 discesmm
496 2107 611 2164 expecto.
638 2112 697 2149 ecce
718 2100 771 2163 jam
794 2104 853 2148 ante
864 2098 968 2163 ‚aliquot
990 2098 1042 2148 dies
1060 2113 1134 2163 qnam
1152 2113 1198 2164 ego
1217 2101 1323 2163 comperi
1342 2100 1496 2152 discesserat

141 2188 285 2240 quanquam
306 2173 414 2223 nondum
432 2172 541 2235 perfecto
559 2176 618 2235 tppo
637 2182 723 2220 aeneo.
755 2168 814 2219 Janr
831 2184 888 2219 vero
907 2168 939 2218 D.
959 2168 991 2219 N.
1009 2169 1108 2219 Veneto
1127 2170 1345 2233 Gruppenbachins
1363 2169 1397 2219 25
1415 2185 1497 2220 erenr-

141 2245 223 2309 plaria
247 2247 385 2300 commisit.
413 2258 478 2309 quae
500 2256 552 2292 una
572 2257 629 2292 cum
651 2242 717 2291 libris
738 2241 835 2290 inclusa
852 2241 979 2293 Grastiurn
997 2242 1066 2291 ieret
1103 2241 1242 2291 Tabellario
1260 2256 1356 2307 quoque
1372 2244 1497 2305 praesenti

142 2318 255 2367 commisi
273 2313 289 2364 7
308 2315 458 2379 exemplaria
475 2314 509 2367 ad
525 2321 552 2364 ιο
570 2312 737 2378 deportanda,
755 2312 842 2376 quibus
861 2312 985 2362 residuum
1003 2316 1055 2375 ejus
1074 2313 1170 2365 addidi.
1193 2316 1262 2376 cujus
1279 2319 1376 2377 partem
1393 2314 1497 2377 priorem
1591 2336 1593 2345 ν

141 2388 235 2440 dudum
250 2389 316 2438 misi.
352 2386 459 2452 Reliqua
476 2400 521 2450 per
537 2387 677 2453 Augustam
693 2386 835 2436 mittentur.
855 2384 921 2433 sicut
938 2398 967 2433 er
986 2383 1183 2449 Grnppenbachii
1201 2384 1277 2434 literis
1295 2384 1425 2450 intelliges.

213 2458 276 2510 Cum
294 2457 498 2523 Grnppenbachio
517 2464 559 2507 tuo
577 2457 676 2506 nomine
693 2456 729 2505 sic
747 2460 836 2518 pactus
859 2469 927 2504 snrn:
955 2455 1079 2519 exemplar
1102 2454 1227 2520 quodlibet
1248 2471 1291 2519 pro
1311 2453 1345 2503 10
1364 2454 1495 2521 crucigeris

142 2531 278 2582 concedere
296 2523 361 2588 vnit,
379 2528 426 2579 hoc
445 2536 484 2579 est
500 2542 543 2593 pro
562 2525 597 2576 28
614 2527 744 2576 nummulis
763 2526 985 2591 wirtembergiois,
1008 2533 1065 2575 sunt
1083 2528 1148 2576 enirn
1167 2523 1202 2574 26
1219 2526 1343 2592 plagulae.
1380 2529 1402 2576 Δ
1421 2534 1495 2591 patto
1549 2516 1553 2541 '

142 2609 226 2653 autem
245 2600 298 2651 20⁰
316 2601 497 2666 exemplarium
509 2613 584 2665 aegre
601 2599 701 2649 recedit
737 2597 793 2647 Hoc
808 2612 869 2663 ergo
887 2598 994 2648 medium
1012 2599 1070 2647 inii:
1093 2612 1139 2663 ego
1158 2598 1244 2649 ecdem
1262 2599 1340 2661 pretio
1360 2596 1395 2648 to
1413 2613 1495 2650 exem·

140 2673 220 2737 phtia
236 2687 349 2732 minam,
367 2680 396 2723 ut
412 2673 457 2723 tibi
478 2668 528 2721 150
546 2677 651 2722 tanturn.
662 2670 792 2733 supersint

213 2745 309 2806 Quibus
328 2750 355 2796 οι
372 2744 492 2809 quemodo
510 2742 660 2806 exemplaria
676 2747 719 2789 tuo
737 2741 836 2791 nomine
849 2740 993 2790 distribuere
1006 2741 1145 2797 conveniat,
1163 2740 1223 2791 mihi
1236 2741 1335 2805 quidem
1351 2756 1395 2806 per
1412 2742 1496 2793 literas

141 2818 280 2867 committis.
316 2816 419 2867 Mallem
437 2822 521 2864 autern
539 2814 652 2864 disertius
669 2825 787 2876 personas
804 2811 864 2860 mihi
882 2810 1049 2869 nominasses,
1067 2827 1122 2863 meo
1142 2814 1206 2861 enim
1224 2813 1344 2863 arbium
1361 2813 1402 2862 hic
1421 2828 1495 2880 agere

141 2888 273 2938 admodum
291 2887 389 2937 difficile
407 2886 466 2936 mihi
486 2893 531 2935 est.
568 2884 624 2935 lion
643 2883 727 2933 dubito
745 2884 803 2948 quin
820 2882 855 2931 ill.
873 2890 957 2931 nostro
975 2883 1078 2947 principi
1097 2886 1196 2948 ejusque
1215 2883 1273 2933 cels.
1291 2884 1356 2943 lilio.
1380 2899 1427 2934 uec
1445 2892 1494 2936 uon

141 2958 196 3009 duci
215 2959 404 3024 Luneburqensi
421 2958 510 3008 rectori
531 2963 615 3006 nostro
637 2968 722 3019 mm.
746 2948 847 3018 ¹singulis
872 2954 972 3018 singula
994 2954 1144 3019 exemplaria
1168 2955 1254 3005 donari
1271 2955 1311 3005 rel
1329 2954 1409 3005 oiierrl
1426 2957 1494 3006 rells.

144 3030 204 3082 ldso
222 3032 271 3081 tria
289 3030 439 3093 exemplaria
455 3028 611 3078 mediocriter
628 3025 759 3089 splendida
775 3025 847 3089 ligan'
864 3039 932 3080 curo,
951 3025 1036 3089 quibus
1054 3032 1123 3075 tuum
1135 3041 1225 3077 nomen
1236 3040 1313 3076 manu
1329 3032 1376 3076 tua
1392 3028 1493 3091 inserip-

139 3109 193 3154 tum
211 3117 267 3155 esse
285 3102 455 3152 conveniebat
492 3099 586 3150 Verum
604 3099 661 3163 quia
679 3097 704 3147 id
721 3097 813 3146 irustn
830 3102 896 3160 opto,
916 3095 981 3145 dabo
999 3111 1112 3160 operam,
1131 3105 1160 3147 ut
1176 3098 1275 3147 nomine
1292 3105 1335 3147 tuo
1353 3098 1492 3150 tradantur.

139 3173 296 3239 Sed.quihus
316 3173 370 3224 aliis
389 3173 443 3222 dari
459 3171 534 3232 velis,
560 3185 606 3236 ego
623 3168 733 3234 proiecto
749 3168 848 3226 nescio,
870 3182 918 3217 neo
941 3172 1014 3231 puto,
1039 3169 1103 3233 quod
1121 3169 1231 3218 omnibus
1248 3168 1421 3233 professoribus
1440 3169 1494 3219 dari

140 3252 262 3310 oporteat,
282 3246 368 3311 quibus
387 3241 491 3294 autern?
520 3241 635 3292 Proiecto
648 3254 694 3305 ego
707 3239 903 3289 nominatorum
914 3237 973 3287 mihi
992 3238 1124 3304 designata
1140 3240 1288 3290 maluissem.
1320 3239 1388 3301 Quos
1400 3243 1493 3291 amicos

139 3323 196 3367 tuos
214 3319 240 3367 ln
258 3316 380 3383 stipendio
397 3315 553 3366 honorandos
570 3318 655 3377 putes,
674 3312 759 3361 itidem
777 3312 873 3368 nescio,
895 3324 943 3360 nee
962 3310 1058 3369 dubito,
1083 3313 1109 3361 in
1126 3311 1297 3362 distribuendis
1315 3312 1491 3378 exemplaribus
1529 3334 1535 3347 ·

138 3389 229 3440 multos
246 3403 275 3440 se
292 3400 394 3439 numero
413 3388 437 3438 ei
455 3391 666 3436 annumerslsrros.
703 3381 777 3444 Quod
794 3383 816 3431 si
832 3382 899 3432 brerl
916 3382 1072 3435 occasionem
1089 3385 1198 3447 responsi
1216 3384 1252 3432 tui
1268 3397 1367 3447 sperare
1385 3399 1490 3448 possem,

139 3475 267 3511 oensem
285 3475 336 3511 rem
355 3473 412 3510 eam
429 3458 600 3509 dilatationem
617 3456 680 3506 icrre
698 3468 785 3517 posse;
808 3453 853 3503 sed
869 3452 982 3517 prolixior
1000 3468 1069 3511 sum,
1094 3468 1169 3519 quam
1187 3456 1283 3504 animus
1301 3462 1356 3505 erat
1373 3464 1399 3505 et
1417 3470 1491 3521 quam

138 3531 203 3583 alise
222 3533 396 3597 occupationes
414 3536 557 3596 praesentes
575 3528 638 3578 ierre
651 3530 767 3597 possunt:
794 3523 916 3574 Dominus
928 3523 998 3573 Deus
1016 3531 1051 3583 te,
1070 3531 1114 3576 tua
1131 3525 1213 3575 studia
1232 3532 1257 3575 et
1274 3542 1318 3576 nos
1337 3541 1421 3577 ornnes
1440 3526 1490 3577 cle-

136 3609 233 3654 menter
247 3609 381 3653 eonserret
408 3600 541 3651 Plurimum
559 3599 665 3649 salutern
682 3612 741 3663 rogo
760 3595 829 3646 dicas
846 3609 901 3646 meo
920 3596 1019 3646 nomine
1032 3596 1062 3645 cl.
1078 3598 1129 3647 rire
1142 3597 1239 3646 domino
1250 3612 1306 3648 meo
1318 3604 1435 3663 perpetuo
1448 3613 1488 3648 co-

137 3675 277 3725 lendissimo
295 3674 328 3724 D.
348 3673 381 3724 D.
399 3672 473 3724 erlr.
492 3672 701 3722 Zimmermanuo.
736 3666 801 3717 Vale
819 3666 932 3717 iellciter.
1017 3722 1022 3731 ,

207 3816 331 3882 Keplerus
347 3817 475 3881 respondit
492 3814 515 3865 d
537 3812 561 3864 il.
582 3810 640 3877 (19)
659 3810 750 3875 Aprilis
770 3796 854 3858 1597:
1343 3862 1349 3897 ·.

225 3908 364 3971 Salutem
386 3905 553 3987 plurimam.
592 3901 680 3975 Quod
703 3899 825 3961 tandem
849 3898 1008 3979 aliquando
1032 3898 1156 3979 elephas
1179 3920 1262 3963 meus
1283 3901 1410 3982 peperit,
1436 3922 1489 3964 nec

138 3997 255 4061 interea
276 3996 420 4076 temporie
443 3995 507 4058 ulla
528 3993 631 4057 libello
654 4009 720 4053 meo
743 3988 905 4051 difficultas
930 3987 1133 4068 ascripturae
1149 4009 1253 4053 sacrae
1273 3991 1488 4066 defensoribus,

138 4088 215 4169 quod
247 4087 429 4155 metuebam,
458 4084 580 4165 objecta
606 4080 678 4156 init,
711 4078 847 4160 equidem
870 4077 935 4141 Deo
959 4077 1106 4139 conditori
1134 4078 1241 4141 devote
1274 4080 1389 4160 gratias
1419 4098 1487 4158 ago.

138 4177 228 4240 Ferit
249 4177 286 4251 is,
310 4183 353 4251 ut,
377 4175 455 4256 quod
478 4192 534 4254 ego
547 4171 665 4254 publice
680 4167 937 4250 quaerc,1passim
960 4167 1040 4245 apud
1064 4186 1155 4229 sanos
1179 4169 1352 4246 etcopiose
1376 4186 1487 4247 sequa-

138 4273 186 4327 tur
209 4285 248 4328 οι
262 4264 485 4345 jucundissima
512 4259 735 4342 speculatione3
764 4257 882 4319 scilicet
909 4263 943 4318 ut
969 4255 1043 4317 fides
1071 4256 1107 4317 de
1136 4276 1233 4319 rerum
1257 4257 1407 4319 creatione
1432 4257 1487 4317 hoc
1557 4288 1560 4293 >

139 4363 261 4418 externo
282 4353 460 4416 adminiculo
480 4353 678 4423 confirmetur,
703 4346 875 4409 conditricis
893 4345 1004 4407 mentis
1018 4352 1127 4406 natura
1140 4356 1348 4425 cognoscatur,
1372 4345 1485 4424 major-

140 4463 194 4524 que
212 4444 299 4506 nobis
314 4443 446 4525 quotidie
461 4443 516 4505 fiat
533 4439 712 4502 inexhausta
730 4436 809 4498 illius
833 4434 999 4515 sapientia:
1025 4441 1114 4515 etque
1138 4436 1213 4497 adeo
1237 4441 1271 4495 ut
1293 4435 1342 4495 vel
1364 4434 1486 4495 tandem

139 4532 226 4597 homo
243 4552 317 4596 suae
335 4532 445 4595 ruentis
459 4532 539 4595 vires
558 4530 641 4611 justo
664 4526 782 4589 modulo
806 4523 948 4587 metietur
971 4530 1003 4584 et
1026 4523 1186 4603 intelligat,
1211 4541 1277 4585 cum
1291 4522 1373 4585 Deus
1387 4523 1486 4586 curnis

141 4622 178 4684 sd
201 4622 378 4703 quantitatis
401 4640 521 4684 normas
544 4615 712 4681 condiderit
734 4615 764 4676 in
788 4621 853 4677 toto
876 4612 1002 4681 mundo,
1026 4622 1155 4673 montem
1178 4613 1269 4674 etiam
1292 4611 1402 4675 homini
1426 4613 1482 4675 da·

140 4720 209 4787 tarn,
234 4730 309 4793 quae
332 4712 429 4774 talia
451 4705 692 4791 comprehendat.
729 4703 809 4766 Nem
832 4710 866 4764 ut
888 4700 992 4763 oculus
1010 4700 1050 4760 ed
1068 4701 1192 4770 colores,
1216 4700 1296 4763 auris
1320 4701 1359 4763 ad
1383 4720 1483 4779 sonos,

139 4801 182 4863 ita
203 4820 287 4864 rnens
310 4801 439 4864 hominis
461 4820 520 4863 uon
544 4798 584 4859 ad
607 4793 739 4877 quaevis,
765 4792 820 4853 sed
843 4790 882 4852 ad
906 4795 1041 4870 quanta
1063 4789 1259 4870 intelligenda
1281 4790 1403 4853 condita
1426 4801 1483 4866 est,

139 4910 257 4973 remque
272 4889 436 4973 quamlibet
454 4897 540 4953 tauto
558 4885 671 4951 rectius
695 4880 832 4964 percipit,
856 4886 967 4959 quanto
991 4876 1043 4940 illa
1065 4881 1184 4960 propior
1207 4890 1256 4943 est
1277 4880 1363 4943 nudie
1387 4900 1483 4963 quan-
