3609 5634
278 387 344 456 356
704 387 805 437 Litarae
823 386 926 450 Keplsri
947 386 1099 451 aliorumque
1116 391 1218 437 mutuae

278 547 464 611 vicinissime
487 553 588 609 ιιιιιιιι
614 541 773 607 Cerinthia
795 545 837 607 nil
859 544 997 634 Pluviae,
1028 545 1165 625 squalor,
1190 545 1332 626 ariditas,
1360 552 1396 606 ut
1418 542 1638 625 impedirentur

278 638 391 718 pabula
414 646 445 696 et
470 635 580 714 fruges.
627 632 695 694 Nou
715 633 849 712 negarim
873 625 1112 713 conjunctionem
1134 629 1199 708 illi
1224 593 1336 714 aliquid
1365 634 1465 695 iacere
1490 633 1530 694 ad
1554 629 1635 692 leni-

277 727 421 800 tudinem,
445 732 479 785 ιιι
501 734 533 784 ιι
556 722 679 784 stellam
701 740 811 782 novam
835 730 866 782 et
889 741 1069 801 congressus
1093 721 1224 784 omnium
1250 724 1439 801 planetarum
1464 721 1549 794 ing.
1589 720 1637 781 At

277 834 336 877 non
360 832 413 893 per
436 830 479 885 se,
505 811 559 872 sed
582 829 636 890 per
659 809 836 872 facultatem
861 811 1022 873 animalem
1037 811 1159 883 Terrae,
1184 830 1261 890 quae
1287 811 1344 873 init
1362 811 1528 873 stimulata.
1567 807 1636 871 Ne-

277 923 336 984 que
360 921 398 963 ex
422 897 611 978 (1521111ιὶ
635 907 753 980 potest,
782 918 834 960 cnr
858 898 1019 961 Germanis
1043 900 1120 961 lenis
1144 899 1235 961 fuerit
1257 899 1367 973 biems,
1393 899 1481 961 Italis
1506 897 1637 977 frigida;

277 992 333 1054 sed
356 991 528 1071 quaerenda
551 990 625 1051 haec
650 989 730 1051 intus
755 988 783 1049 iu
808 988 922 1050 Terra:
948 988 1056 1073 quippe
1081 991 1112 1065 ό
1125 985 1191 1066 ῆι)
1214 988 1349 1051 omnibus
1373 989 1489 1050 eadem.

366 1078 432 1152 (Ad
456 1074 502 1151 6.)
548 1077 599 1139 An
627 1078 714 1139 Luna
743 1095 811 1139 cum
838 1077 990 1158 parallari
1022 1077 1200 1157 dirigenda?
1247 1073 1395 1148 Quaestio
1425 1073 1635 1155 impertinens,

275 1188 342 1231 cum
358 1169 403 1229 de
427 1167 514 1246 louge
539 1166 703 1245 majoribus
728 1166 924 1245 disputemus.
972 1166 1080 1229 Dicam
1094 1174 1195 1228 tamen
1212 1167 1413 1228 sententiam:
1437 1164 1558 1227 omuino
1577 1162 1636 1223 huc

275 1266 324 1319 est
345 1256 520 1336 principium
545 1255 769 1333 astrologicam,
795 1263 889 1330 astra,
916 1255 959 1317 uti
985 1256 1135 1330 videntur,
1160 1255 1335 1318 siccenseri
1359 1276 1378 1316 a
1400 1261 1510 1326 natura
1533 1250 1635 1313 facul·

275 1354 341 1408 tate
366 1344 507 1407 naturali.
555 1344 637 1423 Ergo
651 1343 740 1404 Luna
762 1362 828 1405 cum
850 1344 1002 1423 parallaxi
1025 1354 1074 1406 est
1097 1344 1226 1406 locanda
1249 1344 1276 1404 in
1293 1345 1397 1423 genesi
1417 1352 1449 1405 et
1463 1340 1634 1421 dirigenda.

275 1434 390 1495 Videor
413 1433 540 1494 eandem
564 1452 630 1494 cum
644 1432 785 1512 Tychone
810 1451 933 1494 cansam
957 1434 1072 1495 afferre.
1118 1434 1241 1495 lumea
1264 1432 1369 1512 genesi
1392 1452 1482 1494 casus
1506 1429 1635 1492 evidens

273 1524 322 1597 lit,
346 1541 416 1583 narn
438 1540 492 1601 per
511 1521 681 1601 parallaxin
704 1521 792 1582 Luna
815 1521 1012 1600 corporaliter
1031 1522 1209 1602 jungeretur
1231 1521 1380 1601 palilitio,
1415 1520 1441 1582 si
1465 1519 1555 1581 modo
1578 1535 1636 1598 per

215 1634 217 1636 ’
274 1610 489 1692 longitudinem
508 1611 696 1689 jungeretur.

364 1699 431 1772 (Ad
454 1698 502 1772 8.)
547 1698 645 1760 Recte
668 1716 786 1770 mones,
821 1705 854 1759 ut
878 1695 1029 1761 Chronica
1056 1697 1177 1772 adeam,
1213 1716 1289 1778 quae
1312 1706 1446 1760 meteora
1469 1693 1638 1773 consigna-

274 1798 354 1859 runt,
378 1786 505 1867 indeque
529 1786 747 1868 experientiam
770 1787 916 1847 hauriam.
964 1786 1088 1849 Faciam
1110 1785 1151 1861 id,
1175 1786 1225 1848 ubi
1249 1788 1316 1868 plus
1332 1787 1386 1848 otii
1407 1786 1550 1847 habuero.
1590 1783 1639 1843 At

277 1896 336 1939 non
361 1895 426 1937 oum
449 1875 534 1937 coelo
559 1883 677 1936 tantum
700 1875 892 1954 comparabo,
917 1874 973 1935 sed
996 1874 1123 1937 Terram
1146 1894 1246 1937 secum
1270 1874 1378 1952 ipsam.

366 1964 433 2037 (Ad
456 1959 504 2036 9.)
549 1964 618 2025 Non
642 1964 681 2024 ad
697 1962 896 2024 describenda
911 1971 1047 2025 meteora
1070 1964 1141 2025 anni
1160 1957 1237 2026 1601
1267 1965 1360 2025 utinm
1379 1954 1527 2043 superest.
1570 1961 1636 2021 Fa·

275 2053 338 2118 ciat
369 2071 422 2133 pro
455 2070 502 2112 me
534 2052 668 2114 Joanues
701 2050 874 2126 (Eriksen),
900 2051 950 2114 ubi
982 2052 1124 2127 redierit,
1158 2062 1210 2114 aut
1242 2052 1391 2115 Matthias
1424 2049 1634 2125 (Seiffardus)

274 2142 333 2204 Die
360 2139 410 2203 10.
436 2137 521 2213 (20)
545 2141 618 2202 Feb.
643 2140 688 2202 ais
721 2159 823 2240 eurum
842 2147 942 2202 ortum
964 2149 1036 2220 post
1058 2141 1234 2215 Ιιιιίιιιιιιι;
1258 2140 1336 2203 idem
1359 2142 1408 2203 hic
1432 2139 1470 2202 ad
1491 2156 1634 2243 unguem.

267 2230 372 2302 ¹Vides
394 2228 594 2291 universalem
617 2237 748 2304 ventum,
773 2218 823 2309 qiri
847 2236 985 2303 serenat;
1019 2230 1069 2309 qui
1092 2229 1200 2310 pluvii,
1234 2231 1452 2310 particulares,
1481 2248 1501 2289 a
1524 2226 1634 2339 vicinis

274 2337 318 2380 sc.
343 2317 504 2380 montibus

363 2406 427 2480 (Ad
458 2403 522 2479 10.)
568 2404 686 2484 Quaej
689 2425 739 2466 am
762 2424 854 2485 supra
876 2406 1096 2468 affirmaveram
1121 2406 1165 2484 (p.
1192 2401 1286 2480 352),
1316 2415 1350 2468 tu
1373 2424 1443 2469 ecce
1467 2406 1581 2467 evenis
1603 2404 1634 2465 in

277 2495 434 2576 dirigendo
460 2495 651 2556 latitudinem
674 2494 887 2556 adhibendam.
933 2495 984 2557 Ad
999 2494 1215 2573 experientiam
1238 2514 1397 2574 provocas.
1439 2496 1527 2574 Nego
1549 2493 1635 2555 illam

275 2586 352 2647 adeo
377 2583 519 2645 subtilem
543 2602 610 2645 esse
634 2601 734 2662 posse,
759 2592 794 2644 ut
816 2583 1001 2645 sufficienter
1019 2591 1158 2656 testetur,
1183 2585 1230 2645 vel
1249 2584 1305 2645 hoc
1321 2584 1529 2659 solonomiue,
1553 2581 1633 2662 qnod

276 2672 460 2736 directiones
480 2672 565 2751 ajunt
584 2672 730 2751 applicari
746 2672 784 2733 ad
803 2663 1007 2734 revolutiones
1029 2690 1107 2732 anno
1131 2673 1180 2733 vel
1195 2673 1395 2751 praecedente
1412 2674 1460 2734 vel
1475 2679 1632 2752 sequente.

275 2762 356 2824 Dum
379 2779 451 2822 vero
475 2779 622 2839 provocas
646 2761 685 2822 ad
709 2762 877 2840 exemplum
901 2761 1133 2864 profectionum,
1167 2762 1256 2840 plane
1287 2770 1318 2824 te
1341 2763 1434 2837 rideo,
1469 2780 1537 2823 cum
1559 2778 1634 2841 pro·

275 2852 368 2913 lectio
392 2868 506 2911 merum
530 2849 572 2910 sit
594 2849 751 2910 somnium.

346 2938 524 2988 Fabricius
543 2939 579 2989 sic
598 2936 737 2987 concludit·
765 2936 844 3001 Ego
837 2952 864 2986 m
881 2950 941 2985 mea
958 2937 1045 3002 ganesi
1069 2936 1229 2986 dimaionem
1249 2933 1281 2997 Θ
1302 2938 1335 2988 nd
1354 2936 1380 2998 d
1399 2939 1531 3004 plurimum
1548 2939 1632 2987 timeo

253 3008 332 3076 „Scio
350 3023 440 3073 nempe
458 3008 598 3063 horribilem
616 3022 687 3064 esse,
713 3022 761 3057 nec
778 3014 826 3056 tua
842 3009 906 3056 ratio
926 3006 1048 3073 dirigendi
1066 3022 1144 3072 nuper
1162 3009 1255 3071 scripta
1278 3010 1389 3059 animum
1410 3025 1493 3060 meum
1511 3008 1632 3074 uunqui-

219 3089 222 3090 ’
273 3081 326 3132 lare
344 3087 440 3145 potest,
466 3086 493 3130 ιι
510 3093 607 3142 semper
625 3078 745 3141 ejusmodi
763 3079 865 3128 directio
891 3093 986 3128 summe
1004 3078 1143 3143 periculosa
1160 3079 1215 3129 fuit.
1251 3081 1288 3129 At
1304 3079 1375 3130 Deus
1394 3079 1498 3137 efficiet.
1526 3094 1558 3130 ne
1577 3081 1633 3130 uni·

273 3150 745 3213 mae,sima1imecorpcri,noceat
783 3149 860 3199 Hisce
878 3155 905 3199 ιι
923 3155 1041 3214 tuamque
1059 3150 1142 3200 valere
1157 3152 1246 3213 jubeo,
1272 3157 1299 3200 et
1315 3166 1376 3216 rogo
1395 3159 1522 3209 amanter,
1543 3157 1572 3200 nt
1588 3165 1633 3214 pro

274 3220 385 3272 Dranica
401 3228 488 3270 nostra
506 3221 618 3270 amicitia
636 3221 696 3269 mihi
714 3220 872 3283 respondeas.
909 3220 988 3276 Vale.
1006 3221 1076 3278 vale,
1101 3221 1171 3279 vale,
1199 3224 1337 3286 iterumque
1356 3229 1382 3272 ιι
1399 3222 1487 3273 millies
1505 3222 1575 3279 vale.
1605 3229 1634 3273 et

273 3292 536 3343 rem'astronomicnm
552 3305 627 3355 urge,
652 3291 809 3355 Martemque
828 3290 940 3349 debella,
965 3297 995 3342 ut
1023 3306 1107 3341 omnes
1134 3300 1287 3358 cognoscant
1313 3300 1393 3343 ιιιιιιι
1418 3299 1490 3344 tuam
1506 3306 1627 3358 superare

273 3361 383 3414 Martem
399 3362 521 3412 hactenus
539 3362 666 3411 invictum.
705 3360 808 3425 Raptim
825 3360 938 3418 ΟιιιΙιι,
957 3363 1051 3411 Frisiae
1069 3364 1131 3422 rico,
1151 3363 1175 3413 d.
1195 3361 1237 3413 10.
1257 3361 1326 3427 (20.)
1345 3364 1405 3414 Feb.
1426 3362 1506 3414 16⁰5.

363 3433 571 3512 Keplerus:
597 3431 679 3495 Ote
702 3433 847 3494 miserum
870 3440 903 3494 et
925 3433 1090 3494 infelicem!
1137 3431 1198 3506 Qun
1212 3444 1259 3497 tot
1277 3436 1345 3516 jam
1363 3455 1438 3499 mers
1453 3437 1632 3499 instructio

273 3524 361 3587 nibus
384 3522 514 3584 noudum
538 3522 659 3584 liberari
682 3529 770 3601 potes
794 3541 813 3583 a
835 3530 918 3583 metu
942 3522 1125 3598 directionis,
1150 3525 1220 3604 quin
1244 3533 1276 3586 et
1299 3525 1443 3588 orandum
1460 3525 1515 3587 tibi
1529 3533 1632 3605 putas,

274 3632 310 3674 ne
334 3611 452 3673 animae
475 3620 592 3675 noceat.
639 3610 820 3673 Benelaciat
841 3611 925 3672 Deus
950 3620 1019 3672 tuae
1043 3611 1175 3687 animae,
1200 3621 1333 3675 ceterum
1356 3622 1390 3675 ιιι
1412 3614 1558 3695 impediat
1580 3614 1631 3676 di-

274 3701 449 3775 rectionem,
474 3718 511 3760 ue
534 3700 578 3762 illi
602 3706 721 3774 noceat,
746 3699 821 3761 nihil
844 3709 894 3762 est
915 3717 1050 3761 necesse.

362 3789 566 3862 Albertus,
588 3789 732 3850 Austriae
751 3787 918 3863 Archidux,
945 3796 1100 3849 natusest
1124 3788 1239 3850 oriente
1263 3786 1330 3851 222
1352 3797 1402 3863 s,
1426 3788 1495 3868 Θ·
1486 3812 1517 3853 ιιι
1541 3748 1586 3855 02
1600 3798 1632 3863 ,P

275 3873 402 3954 inst,
427 3870 640 3939 Lunainll⁰
653 3876 691 3951 ὅ
728 3876 924 3956 Philippus
943 3877 1000 3938 111
1024 3876 1191 3957 Hispaniae
1216 3897 1286 3953 rex,
1309 3897 1386 3941 anno
1403 3876 1454 3942 78
1486 3878 1533 3942 14.
1549 3882 1627 3961 Αρι.

275 3985 362 4027 mane
386 3964 417 4025 h
432 3961 464 4025 2.
484 3961 538 4026 20
554 3963 687 4026 meridiei
710 3965 898 4044 utMaginus
922 3966 1099 4045 perscripsit
1119 3966 1157 4026 ad
1172 3966 1400 4070 Tengnaglium.
1448 3969 1633 4033 Accidentia

275 4054 396 4136 privata
418 4053 532 4132 ignoro,
557 4053 679 4133 publica
701 4071 740 4114 ex
762 4054 963 4115 monumentis
987 4055 1146 4134 publicis'
1139 4073 1204 4134 ipse
1228 4056 1354 4135 corrige.

347 4142 519 4192 Fabricius
540 4137 621 4203 ((1.2.
641 4136 707 4204 [12]
727 4136 812 4205 Apr.):
832 4141 937 4206 Scripsit
955 4143 1045 4191 adme
1062 4142 1102 4191 Jo
1121 4142 1234 4200 Erihsen,
1253 4147 1421 4195 serationem
1439 4150 1573 4197 etcausas
1593 4147 1630 4196 di·

275 4215 413 4264 rectionum
430 4218 457 4262 et
474 4212 678 4277 profectionum
671 4213 802 4262 mvsuim
840 4212 955 4262 Promisit
972 4227 1031 4262 suar
1043 4203 1207 4279 cogitationes
1225 4216 1257 4264 ad
1270 4229 1310 4265 me
1327 4218 1433 4277 mittere,
1452 4217 1497 4268 sed
1508 4218 1632 4268 hactenns

274 4301 326 4336 non
344 4281 418 4335 iecit
449 4282 559 4344 Quaeso,
577 4290 606 4334 tu
624 4282 738 4339 adoleas,
757 4297 814 4333 cum
832 4285 919 4341 sciam,
939 4284 985 4334 tihi
1002 4290 1063 4334 uota
1081 4299 1135 4335 esse
1153 4286 1218 4336 illius
1237 4289 1329 4338 omnia

366 4354 573 4435 Keplerus:
613 4354 781 4417 Occasione
814 4373 948 4417 mearum
980 4356 1198 4435 cogitationum
1229 4358 1267 4420 de
1300 4361 1400 4422 causis
1433 4360 1633 4423 directionum
1667 4394 1676 4403 ·

276 4444 412 4507 Joaunes
435 4443 501 4522 ipse
526 4463 642 4525 quoque
666 4444 878 4505 exstimulatus
903 4444 970 4519 fuit,
994 4444 1176 4527 tandemque
1199 4441 1308 4526 ιῦρηιια
1328 4449 1520 4513 exclamavit.
1565 4449 1632 4529 Ego

272 4552 349 4598 uero
372 4531 430 4612 ipsi
454 4533 628 4609 monstravi,
652 4532 759 4594 eadem
782 4531 879 4613 ipsum
901 4533 1035 4612 cogitare
1051 4552 1174 4597 mecum.
1223 4536 1318 4638 Igitur
1339 4556 1403 4599 rem
1423 4545 1520 4600 totam
1544 4539 1583 4600 ad
1599 4557 1633 4600 se

278 4622 442 4694 revocavit,
467 4621 640 4696 affirmans,
655 4640 688 4682 se
713 4621 842 4684 nondum
865 4631 948 4683 recte
973 4622 1140 4701 explicasse
1166 4644 1222 4685 sna
1244 4626 1338 4688 animi
1352 4645 1452 4698 sensa,
1478 4627 1632 4689 delibera-

278 4717 377 4771 turum
400 4709 535 4786 ulterius,
561 4709 708 4791 quomodo
733 4711 943 4790 explicandum
957 4711 999 4771 sit
1013 4712 1069 4773 hoo
1092 4731 1178 4773 suum
1191 4713 1355 4777 inventum.
1402 4717 1452 4778 lta
1476 4716 1631 4796 negotium

278 4796 336 4858 boc
359 4798 516 4860 internos
539 4793 696 4882 quievit')
745 4797 877 4862 Chartae
892 4819 976 4861 meas
992 4798 1063 4860 aD.
1081 4798 1202 4863 Schelio
1226 4811 1368 4884 acceptas
1391 4805 1428 4866 de
1452 4806 1630 4869 directioni-

278 4885 335 4950 bus
357 4885 430 4948 mihi
451 4887 581 4961 remitte,
607 4896 642 4949 ut
663 4887 729 4967 ipse
750 4905 805 4967 per
827 4888 932 4950 literas
955 4887 1027 4949 mihi
1051 4907 1084 4949 es
1106 4890 1259 4969 pollicitus
1284 4904 1314 4954 ιι
1336 4894 1498 4960 iacturum.
1545 4893 1631 4967 Quas
