3609 5634
265 391 330 460 414
834 393 935 444 mursa
952 392 1055 458 Reptarr

266 554 294 614 in
320 567 367 628 m,
398 558 466 613 eta
490 561 537 617 Δ
562 551 589 612 in
608 555 644 629 ᾗ
667 550 814 631 oppositis
843 552 1009 615 rationibus
1038 554 1174 616 defectus
1200 552 1250 614 vel
1273 570 1415 615 excessus
1438 568 1624 630 compensa·

265 651 322 716 tur,
347 650 381 702 ut
404 642 448 702 ita
471 650 635 702 evanescat
657 640 809 702 anomalia
831 641 860 706 iu
884 647 933 718 ᾖ,
959 655 1007 715 ee,
1033 642 1061 703 in
1084 640 1130 718 Υ,
1156 652 1203 707 a*
1226 642 1269 704 sit
1291 641 1431 703 maxima

356 727 513 801 Quomodo
541 748 612 790 vero
641 729 716 791 haec
739 729 917 810 hypothesis
940 750 1007 792 curn
1029 727 1196 810 Cupernico
1222 730 1406 804 concilietur,
1436 747 1496 790 non
1524 729 1625 790 solum

266 817 407 880 brevibus
430 817 530 880 verbis
554 817 698 899 explicari
722 818 825 898 nequit
840 818 933 899 (quod
958 820 987 880 in
1011 838 1077 881 meo
1105 819 1298 900 prognostico
1322 820 1414 894 diri),
1445 817 1501 879 sed
1524 836 1623 897 neque

265 908 348 969 brevi
372 915 517 987 ternpore.
565 905 696 986 Oportet
718 907 797 969 enirn
820 909 921 969 omnia
943 909 1035 988 probe
1059 918 1209 972 excutere.
1254 909 1335 972 Nam
1352 926 1446 988 neque
1461 906 1528 986 ipse
1551 906 1625 968 dnm

265 996 337 1059 mihi
361 996 528 1058 satisfacio.
574 995 681 1058 Dicam
705 1005 805 1058 autern
829 998 1044 1077 speculationis
1058 1016 1144 1060 meae
1169 998 1405 1060 tundamentum.
1450 997 1487 1058 In
1500 1000 1537 1072 ,ὅ
1550 1013 1625 1056 ver-

265 1094 352 1147 sante
376 1086 472 1146 Terra
494 1084 612 1146 videtur
637 1082 677 1162 Θ
702 1086 730 1147 in
756 1100 805 1159 ee,
834 1093 940 1166 estque
959 1086 1001 1148 ibi
1025 1087 1088 1166 ejice
1113 1105 1295 1167 apogaeum,
1319 1087 1348 1149 iu
1374 1083 1513 1165 opposito
1536 1083 1624 1163 peri·

265 1194 383 1254 gaeum.
431 1171 507 1236 Cum
531 1190 601 1251 ergo
626 1174 788 1236 secuudum
812 1172 1011 1256 Cuperuicum
1034 1182 1133 1238 motus
1156 1175 1253 1238 omnis
1277 1186 1309 1237 et
1326 1175 1424 1237 virtus
1438 1173 1539 1235 omnis
1553 1191 1624 1234 rno-

265 1265 345 1325 toria
369 1283 406 1324 ex
430 1261 501 1325 Sole
526 1281 580 1323 ceu
604 1273 708 1325 centro
733 1263 797 1325 sive
820 1263 911 1325 corde
946 1264 975 1327 iu
1000 1264 1229 1345 circumpositos
1252 1264 1341 1326 orbes
1363 1264 1539 1342 ingeratur,
1572 1262 1625 1324 di·

265 1353 380 1415 mensis
413 1352 453 1412 ad
485 1351 740 1432 propinquitatem
780 1353 925 1427 modulis,
970 1353 1085 1415 ambiat
1121 1372 1193 1415 vero
1226 1352 1351 1415 Terram
1388 1351 1470 1414 orbis
1504 1351 1625 1413 Lunam

265 1441 393 1503 vehens:
418 1458 490 1520 ergo
513 1441 540 1500 is
564 1459 623 1501 uua
646 1460 711 1503 cnm
737 1441 831 1502 Terra
853 1441 950 1503 hieme
973 1461 1065 1524 prope
1080 1441 1183 1504 Solem
1207 1442 1334 1517 accedit,
1360 1451 1392 1502 et
1415 1441 1444 1503 in
1465 1439 1626 1502 fortiorem

264 1530 407 1592 virtutem
435 1530 593 1591 motoriam
624 1530 804 1609 ingreditur,
839 1540 958 1593 aestate
989 1532 1018 1593 iu
1044 1531 1280 1605 imbecilliorem,
1313 1550 1380 1593 cunr
1413 1528 1529 1592 aSole
1553 1529 1625 1590 lon·

266 1618 389 1700 gissime
414 1617 553 1680 discedit.
599 1617 657 1679 Hic
675 1620 740 1700 jam
764 1620 903 1700 lingenda
927 1630 976 1683 est
999 1621 1145 1701 quaedam
1166 1621 1309 1683 virtutum
1327 1619 1523 1681 uictoriarum
1547 1636 1625 1679 con-

265 1708 421 1783 trarietas,
454 1708 572 1787 qualern
596 1706 780 1769 Aristoteles
819 1708 946 1788 primurn
976 1709 1084 1771 mobile
1122 1710 1201 1770 inter
1233 1716 1265 1770 et
1302 1709 1432 1770 secunda
1465 1707 1623 1768 confinxit.

266 1797 345 1858 Nam
370 1796 456 1857 Luna
479 1796 600 1875 propria
622 1795 734 1857 virtute
758 1797 890 1873 vehitur,
909 1799 983 1860 'non
1018 1806 1051 1859 nt
1074 1817 1128 1860 sex
1151 1797 1257 1872 ceteri,
1290 1797 1401 1859 virtute
1425 1795 1509 1858 Solis
1538 1814 1624 1858 com·

267 1884 356 1947 muni.
403 1885 483 1946 Nam
506 1883 538 1944 hi
553 1882 654 1946 Solem
678 1885 955 1964 circumambulant,
980 1887 1067 1949 Luna
1082 1887 1216 1961 Terram,
1241 1905 1307 1948 cum
1331 1886 1370 1946 ad
1392 1883 1497 1948 Solem
1513 1884 1624 1957 tendit,

266 1974 347 2035 viam
369 1972 478 2034 ceteris
502 1973 591 2052 plane
615 1973 796 2035 contrariam
820 1976 949 2037 conficit.
997 1974 1098 2046 Quare
1122 1975 1277 2055 probabile
1292 1981 1349 2046 est,
1374 1973 1510 2052 impediri
1536 1973 1624 2035 illam

266 2084 286 2123 a
308 2062 419 2123 virtute
435 2060 546 2131 Solari,
572 2062 669 2141 magis
693 2062 854 2136 afortiori,
878 2065 975 2126 minus
1000 2066 1038 2127 ab
1052 2064 1249 2126 imbecilliori.
1296 2063 1402 2124 Hieme
1427 2061 1528 2141 igitur,
1555 2079 1623 2123 cum
1716 2101 1723 2108 -

265 2150 434 2232 propinqua
457 2148 522 2211 Soli
546 2160 604 2225 est,
629 2151 753 2212 multum
776 2153 946 2232 impeditur,
971 2162 1003 2214 et
1024 2154 1060 2215 fit
1074 2154 1172 2227 tarda,
1197 2159 1316 2214 aestate
1331 2151 1452 2213 liberior
1466 2151 1496 2212 in
1512 2150 1623 2230 majori

267 2240 366 2322 spatio
395 2238 522 2300 celerior
551 2239 663 2301 evadit.
711 2236 857 2321 Quodque
892 2243 928 2303 de
957 2243 1014 2304 hac
1042 2242 1195 2304 anomalia
1223 2241 1306 2312 dico,
1339 2260 1414 2321 quae
1438 2240 1504 2320 jam
1532 2239 1623 2302 modo

267 2330 335 2389 sese
358 2327 472 2409 prodit,
501 2328 533 2389 id
556 2329 650 2389 multo
673 2329 771 2410 magis
795 2332 887 2393 etiam
909 2331 1073 2393 verisimile
1102 2330 1236 2393 redditur
1263 2348 1319 2409 per
1341 2331 1469 2391 alteram
1493 2346 1623 2390 anoma-

266 2417 352 2494 liam,
382 2436 472 2498 quam
500 2417 593 2479 efficit
614 2416 791 2480 Ptolemaeo
815 2421 1016 2496 eccentricns,
1046 2417 1212 2498 Oopernico
1242 2419 1404 2480 secundnm
1432 2417 1622 2497 epi'cyclinnr.

268 2504 330 2569 Cur
353 2506 432 2567 enim
457 2507 533 2567 adeo
558 2507 664 2568 stricte
688 2507 790 2569 Solem
816 2508 870 2570 illa
893 2509 1079 2584 observaret,
1104 2507 1161 2571 uisi
1185 2506 1239 2570 Sol
1262 2508 1328 2587 ipse
1351 2507 1436 2568 illarn
1460 2503 1624 2568 efiiceret?

267 2596 309 2656 Et
333 2594 469 2675 quamvis
492 2595 628 2674 pluribus
656 2595 757 2657 verbis
786 2597 993 2661 demonstrare
1021 2616 1156 2678 possem,
1186 2597 1340 2677 utriusque
1371 2595 1475 2657 harum
1504 2593 1623 2670 dropa-

266 2683 485 2745 uersantem
509 2683 614 2745 eodem
638 2685 726 2746 ruodo
751 2705 874 2749 causam
896 2706 975 2763 esse,
999 2698 1101 2750 tamen
1126 2686 1205 2767 qnia,
1230 2685 1359 2755 ordiri,
1383 2703 1439 2746 nec
1462 2683 1527 2763 ipse
1551 2683 1622 2764 qui-

269 2773 336 2834 dem
359 2773 479 2852 penitus
503 2773 677 2852 acquiesco:
702 2793 760 2835 non
784 2793 859 2854 opus
883 2795 951 2838 esse
975 2794 1084 2839 censeo
1107 2773 1243 2854 pluribus
1271 2792 1370 2854 agere.
1418 2771 1494 2835 Gnnr
1517 2773 1623 2852 itaque

266 2861 323 2924 hoc
346 2861 505 2941 praecipue
529 2862 681 2924 videretur
705 2863 877 2938 absurdum,
902 2865 1012 2937 dicere,
1037 2864 1116 2945 quod
1139 2871 1237 2924 mutus
1261 2863 1365 2924 Lunae
1390 2884 1409 2925 a
1431 2860 1543 2923 virtute
1559 2860 1621 2923 So-

265 2950 305 3013 lis
329 2949 518 3030 impediatur,
543 2968 608 3012 cum
629 2951 769 3013 videatur
791 2954 893 3031 potins
912 2954 1014 3034 juvari
1039 2960 1070 3014 et
1093 2952 1263 3033 promoveri
1279 2951 1400 3024 debere,
1424 2951 1620 3031 quodcunque

268 3040 390 3101 tandem
414 3046 549 3100 centrum
572 3040 699 3101 habeat:
725 3041 809 3120 coepi
833 3043 924 3104 etiam
949 3043 985 3104 de
1010 3041 1071 3104 alia
1094 3062 1188 3103 causa
1211 3040 1363 3120 cogitare:
1392 3059 1497 3120 nempe
1521 3049 1622 3101 utrum

266 3129 335 3210 ipsa
357 3147 497 3189 mensura
519 3137 649 3189 motuum
674 3130 884 3206 secundorum,
922 3131 979 3199 hoc
1003 3141 1066 3204 est,
1089 3141 1188 3192 motus
1211 3129 1277 3209 ipse
1300 3128 1388 3209 primi
1412 3128 1531 3190 mobilis
1551 3129 1621 3201 (seu

267 3219 296 3279 in
327 3214 493 3297 Copernico
521 3217 604 3295 globi
637 3218 804 3280 Terrestris
836 3221 959 3282 diurnus
992 3221 1106 3292 motus)
1129 3219 1159 3280 in
1191 3237 1285 3279 causa
1314 3217 1364 3278 sit
1411 3217 1445 3278 ld
1479 3216 1525 3278 ita
1555 3216 1621 3278 fieri

267 3313 383 3387 potest,
419 3305 444 3366 si
471 3323 588 3366 rursum
621 3314 654 3367 ut
682 3314 773 3367 antea
805 3317 933 3388 quatuor
964 3310 1046 3371 horis
1075 3306 1281 3389 (aequalibus)
1306 3305 1437 3385 spatium
1470 3305 1637 3366 aestivum.

270 3397 378 3468 (antea
408 3402 475 3456 erat
512 3394 623 3456 mensis
661 3395 818 3470 hibernus)
847 3398 970 3460 hiberno
998 3396 1116 3476 longius
1149 3405 1181 3458 et
1208 3396 1324 3457 tardius
1355 3395 1405 3457 sit.
1451 3395 1509 3455 Hic
1542 3394 1622 3455 enirn

267 3485 375 3565 globus
398 3483 509 3546 Terrae
529 3492 662 3545 remotus
686 3504 705 3545 a
728 3483 800 3546 Sole
824 3484 853 3547 in
878 3505 1013 3567 apogaeo
1038 3486 1124 3547 tarde
1146 3486 1327 3554 volveretur,
1351 3483 1437 3564 quasi
1456 3502 1475 3544 a
1494 3482 1621 3544 tenuiori

267 3576 387 3648 virtute,
412 3573 501 3652 plane
525 3573 610 3633 utin
635 3591 701 3633 meo
726 3575 867 3653 opusculo
891 3586 954 3637 tres
979 3575 1148 3655 superiores
1170 3573 1201 3635 in
1217 3572 1279 3636 suis
1303 3572 1465 3654 epicycliis,
1492 3572 1521 3633 iu
1536 3572 1618 3654 peri·

266 3682 343 3743 gaeo
368 3671 400 3723 et
424 3663 536 3724 virtute
561 3660 677 3722 fortiori
702 3662 828 3725 celerius
851 3664 1015 3727 incederet.
1061 3663 1128 3725 Hoc
1151 3663 1239 3724 modo
1264 3676 1329 3727 aes
1354 3660 1393 3723 ad
1417 3671 1464 3726 Ε
1489 3661 1553 3722 dies
1577 3657 1620 3725 90

267 3751 396 3825 circiter,
421 3751 570 3812 tardiores
595 3751 762 3830 nonaginta
783 3754 974 3833 aequalibus,
999 3752 1119 3815 circiter
1142 3748 1162 3813 2
1186 3749 1326 3813 horarum
1350 3751 1450 3829 spatio
1473 3749 1620 3811 metiren-

266 3851 315 3902 tur
337 3840 485 3919 majorem
507 3839 612 3900 Lunae
637 3848 759 3913 motum,
782 3859 870 3923 quarn
894 3842 1001 3922 reliqui
1026 3862 1045 3902 a
1068 3853 1115 3907 a:
1140 3841 1180 3902 ad
1202 3844 1237 3916 ,ὅ
1259 3840 1379 3901 veloces
1403 3839 1538 3919 ejusdem
1562 3857 1620 3899 nn·

266 3928 350 3991 meri.
398 3927 509 3990 Cetera
532 3927 669 3990 similiter
692 3929 908 4010 intelligantur.
955 3932 1034 3994 Utra
1056 3930 1134 3993 ratio
1153 3930 1284 3990 valitura
1297 3928 1347 3997 sit,
1371 3935 1404 3989 et
1427 3929 1477 4009 qni
1499 3928 1622 4007 placeat

266 4027 406 4098 utraque,
440 4017 478 4077 ab
501 4016 560 4078 Ex.
585 4017 618 4078 T.
646 4017 791 4097 judiciuin
823 4028 984 4100 exspecto.
1024 4020 1135 4084 Fateor
1158 4017 1292 4099 quidem,
1325 4015 1351 4079 si
1384 4035 1454 4079 vere
1488 4016 1621 4078 variaret

267 4126 407 4169 mensura
430 4113 543 4182 motus,
573 4124 660 4185 qnam
685 4125 787 4168 omnes
811 4109 1056 4189 aequalissimam
1078 4116 1193 4187 ponunt
1214 4116 1248 4167 et
1269 4106 1439 4186 philosophi
1463 4116 1495 4168 et
1517 4112 1620 4168 astro·

268 4195 363 4271 nomi‚
388 4215 425 4256 ex
448 4213 483 4256 eo
507 4214 566 4257 nou
589 4196 694 4257 Lunae
719 4197 830 4259 saltem¹
852 4197 906 4258 sed
930 4205 1097 4259 ceterorum
1121 4195 1213 4258 etiam
1236 4196 1425 4274 planetarum
1448 4203 1548 4257 motus
1571 4194 1621 4255 in·

267 4285 409 4363 aequales
435 4283 634 4364 appariturus.
683 4282 744 4346 Sed
763 4285 793 4345 in
816 4285 904 4347 Luna
927 4286 1042 4348 duabus
1066 4284 1147 4347 horis
1170 4303 1246 4346 unns
1269 4283 1381 4365 gradus
1400 4283 1565 4358 conficitur,
1589 4283 1621 4344 in

239 4389 243 4396 ’
267 4371 339 4435 Sole
363 4371 383 4434 5
407 4373 561 4453 scrupula,
594 4391 671 4454 qnae
700 4394 719 4434 a
741 4363 887 4455 principio
911 4374 1028 4437 Arietis
1055 4383 1213 4435 numerata
1240 4373 1473 4435 declinationem
1499 4371 1623 4452 pariunt

267 4479 325 4522 non
348 4463 492 4542 majorem
511 4459 532 4523 2
555 4461 718 4542 scrupulis,
753 4463 877 4542 etquid
900 4471 978 4539 tum,
1013 4463 1039 4525 si
1063 4462 1196 4525 dicamus
1218 4462 1250 4525 in
1274 4460 1489 4525 constitutione
1513 4460 1620 4541 aequi-

268 4550 433 4613 noctiorum
463 4551 502 4611 ab
533 4551 778 4614 observatoribus
810 4559 941 4614 erratum
974 4571 1041 4613 esse
1069 4551 1215 4613 hactenns
1248 4552 1287 4613 ad
1320 4548 1454 4614 2horas
1487 4556 1519 4612 et
1550 4568 1619 4611 esse

271 4636 312 4700 10
336 4638 484 4720 scrupulis
516 4640 658 4718 majorem
677 4640 897 4703 semicirculum
921 4642 1084 4716 aestivum,
1119 4657 1208 4720 quam
1234 4648 1360 4722 putatus
1383 4639 1425 4700 sit
1451 4639 1621 4700 hactenus?

267 4728 352 4788 Haec
375 4727 453 4789 enirn
476 4735 564 4790 tanta
585 4746 644 4790 uon
668 4735 752 4804 sunt,
782 4737 816 4792 ut
843 4730 881 4792 ab
905 4729 1171 4792 instrumentorum
1193 4729 1365 4793 subtilitate
1394 4726 1517 4807 coargui
1545 4745 1621 4807 pos·

268 4816 339 4880 sint.
386 4817 420 4878 ln
445 4816 563 4879 Venere
587 4826 619 4878 et
632 4818 780 4880 Mercurio
803 4819 937 4899 pauxillo
961 4820 1057 4900 major
1079 4819 1131 4881 fiet
1152 4818 1323 4882 differentia
1346 4815 1366 4882 5
1386 4816 1542 4898 scrupulis,
1568 4815 1623 4879 sed
