3609 5634
739 331 821 384 Notae
840 334 956 384 actoru.
1465 334 1522 400 111

64 471 74 486 ’
113 470 117 474 ⁴
158 493 311 566 qnisqm
330 494 431 550 babet:
455 501 488 549 ut
501 495 608 550 scilicet
629 495 735 550 numeri
749 512 861 559 omnes,
886 496 933 566 qui
953 511 1036 550 unum
1059 496 1179 566 aliquem
1197 495 1379 560 emetiuntur,
1402 497 1431 552 in
1445 514 1528 553 unum

158 574 290 639 wntlati,
314 581 436 645 aequent
448 581 645 630 mensuratum.
687 575 740 629 Est
753 575 860 647 quidem
874 574 1032 646 aequalitas
1048 576 1194 646 pulchrum
1211 576 1364 648 quippiam,
1388 579 1437 631 sed
1457 577 1528 632 baec
1635 616 1644 622 -
1667 548 1676 565 ⁹

160 654 323 725 aequalitas
337 655 455 709 numeris
470 655 553 726 ipsis,
578 655 687 709 ratione
708 654 885 726 suiipsorum
906 655 1079 727 singulorum
1102 665 1147 709 est
1161 656 1358 718 accidentaria;
1382 674 1433 712 nec
1452 657 1527 728 quic·

160 751 247 807 quam
262 736 344 788 affert
358 737 392 788 ad
407 751 501 789 corum
517 733 756 798 constitutionem,
772 736 819 788 sed
834 735 957 789 resultat
971 735 1138 790 necessitate
1152 736 1324 807 geometrica
1337 753 1374 790 ex
1387 736 1447 806 jam
1463 755 1525 792 con·

161 814 285 877 mittitis:
307 833 358 868 nec
372 816 421 868 dat
434 813 500 885 ipsis
515 815 576 880 boc,
600 822 633 868 ut
646 815 702 868 siut
714 815 804 885 magis
820 815 974 877 articulati;
997 832 1058 869 cum
1076 823 1168 869 tamen
1183 816 1257 869 circa
1269 817 1357 885 ipsam
1372 817 1444 871 banc
1459 817 1525 871 arti·

160 894 333 948 culaticnem
348 903 506 963 occupetur,
523 902 553 948 et
567 911 603 949 ea
617 896 813 964 quodammodo
828 895 989 949 definiatur:
1012 896 1077 965 quin
1087 895 1189 965 potius,
1206 888 1382 966 qui'jubetur
1400 896 1473 950 bauo
1487 897 1527 951 sic
1598 943 1602 958 ,

161 975 267 1028 dictam
280 971 477 1044 perfectionem
491 976 635 1037 affectare,
661 974 684 1027 is
699 973 751 1027 boc
765 974 824 1043 ipso
839 974 1083 1038 circumscribitur,
1106 993 1140 1028 ne
1164 974 1253 1045 possit
1267 991 1373 1029 sumere
1393 976 1540 1048 articula-4,

160 1055 293 1109 timimos.
333 1054 372 1107 Et
394 1059 426 1107 ut
447 1054 523 1123 prins
543 1071 636 1109 sumus
658 1054 818 1108 ratiocinati
840 1056 873 1107 de
888 1055 1064 1117 sectionibus,
1089 1054 1128 1108 sic
1149 1069 1220 1109 nunc
1241 1054 1326 1108 etiam
1349 1058 1383 1108 de
1406 1056 1525 1110 numeris
1583 1057 1585 1060 ’

160 1134 360 1188 metientibus
382 1149 467 1188 uuum
480 1134 600 1204 aliquem
613 1133 703 1188 dicere
726 1150 886 1204 possumus:
909 1136 980 1204 quod
994 1134 1102 1188 scilicet
1123 1134 1199 1204 prius
1215 1134 1332 1204 quilibet
1350 1135 1460 1189 illorum
1473 1151 1524 1205 pro

158 1215 271 1285 seipso
289 1213 436 1268 emetiatssr
458 1214 629 1284 propositum
642 1230 795 1277 numerum,
820 1231 875 1267 non
889 1214 1027 1284 accipiens
1043 1216 1124 1269 »hanc
1144 1221 1273 1269 naturam
1296 1215 1332 1268 ab
1351 1216 1524 1285 aequalitate

157 1301 329 1364 praetensa,
354 1295 401 1347 sed
416 1301 517 1363 postea
529 1295 635 1350 demum
650 1294 759 1348 metum
772 1292 829 1350 illis
844 1293 988 1364 ungitis,
1001 1301 1034 1348 ut
1053 1294 1175 1349 universi
1193 1301 1314 1365 aequent
1327 1303 1523 1350 mensuratum.

157 1373 233 1428 Vide
247 1375 296 1428 lib.
312 1390 373 1427 mec
387 1373 435 1428 111.
449 1374 581 1428 Has-mon.
603 1377 655 1428 sub
678 1374 758 1428 tinem
776 1373 876 1444 capitis
892 1373 919 1429 3.
944 1373 1035 1428 locum
1057 1374 1181 1440 similem,
1206 1376 1239 1429 de
1260 1390 1374 1429 occursu
1398 1375 1523 1439 ternarii,

158 1470 216 1524 pro
231 1472 283 1524 quo
297 1453 402 1510 bin-est
414 1471 542 1512 occursus
557 1453 745 1525 aequalitatis
786 1453 847 1510 Nos
870 1453 935 1525 plus
957 1452 1044 1526 igitur
1058 1454 1168 1510 uirtutis
1182 1461 1213 1514 et
1225 1454 1403 1518 dexteritatis
1418 1456 1525 1509 confert

159 1534 284 1588 numeris
307 1533 379 1587 haec
397 1533 568 1605 aequalitas,
594 1551 675 1604 quam
689 1533 832 1665 apricolac
854 1532 975 1589 inventio
990 1533 1129 1596 theseum
1152 1542 1185 1590 ut
1205 1535 1335 1588 credibile
1350 1526 1528 1606 nequaquam⁴

159 1613 214 1675 sit,
246 1613 383 1667 sensnum
404 1614 464 1667 Deo
491 1613 608 1667 creatori
631 1613 715 1684 placu
726 1627 771 1665 sse
794 1618 910 1682 propter
929 1613 1002 1666 banc
1024 1613 1152 1670 indolem.
1195 1614 1262 1668 Dico
1287 1616 1418 1678 secundo,
1452 1616 1523 1669 banc

160 1694 337 1747 affectionem
351 1710 405 1746 non
419 1699 574 1765 competere
589 1692 716 1756 numeris,
739 1699 772 1746 ut
785 1692 1002 1747 numerantibus.
1044 1693 1074 1747 Id
1097 1692 1179 1746 facila
1202 1694 1337 1762 probatur
1351 1712 1387 1748 ex
1401 1694 1522 1749 Euclidis

159 1771 211 1826 lib.
226 1769 285 1827 Vll.
301 1769 375 1827 v11t.
391 1767 439 1826 iX.
482 1771 518 1826 Ut
531 1773 602 1826 enim
618 1779 715 1827 auctor
737 1765 786 1824 ille
800 1769 976 1835 demonstret,
1001 1767 1091 1828 inesse
1105 1769 1265 1842 quibusdam
1289 1773 1361 1830 benc
1374 1771 1521 1843 perfectio·

159 1867 233 1915 nem,
256 1852 367 1984 colgitur
378 1853 420 1905 nti
435 1853 552 1906 numeru
566 1851 704 1928 figuratis,
720 1851 747 1904 id
761 1859 812 1914 est,
828 1858 860 1904 ut
873 1851 987 1906 scholae
1000 1849 1158 1923 loquuntur,
1174 1853 1294 1906 mineris
1308 1854 1459 1908 numeratis
1473 1867 1522 1907 seu

161 1931 275 2003 partile
288 1932 444 2003 cgramrnis,
459 1931 570 2002 aequali
584 1943 714 1985 mensura
727 1931 819 1984 divisis
834 1931 862 1985 in
877 1932 990 2002 lengum
1004 1940 1034 1986 et
1048 1931 1144 1986 latum.
1186 1933 1279 1995 Quare
1296 1933 1320 1986 si
1334 1943 1390 2008 qut
1402 1934 1522 1988 maxime
1536 1980 1544 1986 .

161 2011 319 2067 nobilitatis
333 2018 402 2065 ueta
415 2019 499 2075 esset,
522 2013 592 2065 baec
605 2013 645 2065 sic
659 2013 734 2066 diota
746 2011 889 2081 perfectio,
910 2011 962 2065 illa
975 2011 1062 2081 prime
1077 2018 1245 2082 competeret
1260 2014 1435 2085 geomtricis
1450 2009 1521 2084 igu-

158 2092 208 2146 ris.
249 2092 390 2145 Etsirero
414 2093 539 2145 userius
554 2107 648 2146 reram
661 2107 739 2146 susm
760 2091 908 2144 etrealem
930 2091 1104 2147 nobilitatem
1123 2092 1209 2147 babet
1223 2110 1239 2146 e
1253 2094 1425 2165 sexangula,
1449 2110 1521 2164 quae

159 2174 253 2243 figura
267 2171 355 2240 ipsum
369 2171 499 2240 provehit
512 2172 539 2225 in
553 2172 699 2242 disciplina
711 2171 878 2234 harmonice,
902 2189 957 2226 nou
970 2172 1031 2225 ideo
1047 2179 1140 2228 tarsen
1154 2172 1239 2227 etiarn
1253 2173 1521 2228 &constituendum

159 2266 302 2308 umerum
315 2250 507 2320 primariorum
520 2251 610 2306 mundi
625 2265 768 2322 corporum
790 2251 822 2304 tt
836 2257 929 2321 aptus.
971 2251 1076 2323 Figura
1099 2253 1171 2305 euim
1194 2253 1245 2305 illa
1258 2253 1389 2308 οιιιιιιιιιιι
1410 2261 1442 2307 ut
1456 2271 1519 2306 con·

159 2331 266 2385 tinuam
290 2331 474 2403 quantitatem
496 2331 523 2386 in
547 2351 597 2386 sex
621 2339 716 2402 partes
741 2330 849 2384 dividit:
874 2347 992 2400 corpora
1013 2333 1152 2386 mundana
1173 2323 1227 2386 uois
1241 2340 1306 2386 suut
1328 2340 1424 2406 partes
1439 2333 1520 2387 unius

159 2409 308 2466 continuae
332 2410 504 2481 quantitatis.
547 2412 601 2465 llla
620 2413 713 2543 figura
735 2411 807 2465 inter
829 2410 931 2480 planas
955 2417 1011 2465 est:
1037 2409 1196 2481 corporibus
1218 2429 1283 2466 vero
1307 2413 1397 2466 muudi
1421 2411 1518 2476 solida,

160 2508 211 2544 seu
225 2489 307 2544 trium
321 2490 516 2544 dimensionum
537 2489 631 2561 spatia
663 2497 711 2544 ata
725 2493 790 2544 sunt
811 2489 999 2560 peragranda.
1041 2487 1127 2545 Recte
1148 2485 1236 2561 igitur
1255 2491 1398 2560 repudiavi
1418 2492 1519 2545 senarii

158 2570 248 2641 ipsius
270 2587 319 2641 per
333 2585 362 2623 se
384 2569 549 2625 considerati
564 2574 651 2636 dotes,
677 2589 712 2624 ne
736 2569 915 2623 adsciscerem
937 2567 1001 2624 illas
1026 2569 1098 2624 iuter
1121 2583 1219 2624 causas
1240 2567 1341 2624 senarii
1366 2570 1516 2625 coelorum:

159 2658 237 2704 recte
252 2650 354 2712 censui,
379 2647 534 2720 oportuisse
558 2650 724 2720 praecedere
738 2661 838 2704 causas
859 2648 967 2719 aliquas
985 2647 1136 2715 evidentes,
1161 2663 1197 2704 ex
1212 2649 1311 2719 quibus
1325 2647 1422 2703 deinde
1436 2661 1516 2704 sena·

158 2730 217 2783 rius
239 2731 292 2783 iste
306 2729 443 2783 seclorum
467 2729 539 2784 ultro
562 2732 727 2790 resultaret:
753 2729 823 2784 sicut
846 2729 874 2782 in
887 2729 1047 2784 harmonica
1064 2729 1217 2799 disciplina,
1238 2729 1329 2784 causis
1342 2729 1517 2801 praegressis

159 2809 274 2874 ιιιοιιοιι,
296 2810 417 2866 resultat
430 2815 460 2864 et
473 2809 611 2868 ιειιιιιιιι
625 2809 832 2865 consonantium
847 2810 875 2863 iu
889 2809 960 2864 idern
973 2823 1101 2864 sonorum
1124 2818 1154 2865 et
1167 2810 1341 2881 septenarius
1356 2810 1517 2864 divisionum

161 2889 390 2944 burmonicarnn.
645 2911 649 2918 ’
1085 2931 1089 2934 Α
1365 2899 1369 2907 ’

240 2967 272 3033 b)
287 2972 342 3024 lose
364 2969 446 3024 ideae
468 2971 656 3041 quantitatem
679 2979 745 3024 suut
767 2975 901 3039 erantque
919 2970 980 3023 Deo
1004 2976 1178 3034 coaeternae,
1201 2971 1278 3026 Deus
1300 2969 1375 3041 ipse,
1400 2977 1520 3040 suntque

160 3050 251 3105 adase
264 3049 464 3119 exemplariter
478 3051 505 3104 in
519 3050 617 3106 animis
641 3052 675 3104 ad
691 3049 838 3120 imaginem
851 3050 906 3103 Dei
921 3044 1019 3116 (etiarn
1040 3050 1163 3104 essentia
1177 3047 1242 3114 sua)
1261 3049 1351 3114 iaetu,
1375 3064 1433 3121 qua
1445 3048 1474 3104 in
1487 3065 1518 3103 re

160 3129 335 3184 consentiunt
355 3130 477 3200 gentiles
498 3130 657 3200 philosophi
680 3136 710 3183 et
730 3132 855 3183 doctores
879 3129 1024 3184 ecclesiae.
1547 3139 1557 3147 ‘

240 3205 264 3277 i)
285 3209 455 3280 Scripseram
469 3209 524 3264 ista
537 3210 602 3264 mibi
616 3210 681 3272 soli3
706 3209 898 3280 intelligebam
913 3208 1001 3282 igitur
1012 3226 1062 3281 pro
1077 3209 1164 3266 Terra
1183 3210 1285 3272 orbem,
1310 3226 1363 3281 quo
1378 3203 1429 3261 illa
1442 3203 1518 3260 vebi-

161 3297 214 3353 tur,
236 3306 395 3360 magnum
420 3307 438 3343 a
452 3289 603 3359 Copernico
618 3289 731 3344 dictum:
753 3289 792 3342 sic
805 3306 855 3359 pro
871 3285 995 3360 quolibet
1010 3290 1134 3360 planeta,
1157 3283 1250 3344 orbem
1265 3290 1361 3359 ipsius.
1402 3281 1440 3342 Et
1453 3303 1516 3358 per·

160 3368 231 3424 tinet
254 3368 378 3423 ultimum
401 3385 518 3424 comma:
551 3367 647 3424 Habes
666 3368 801 3426 rationem
824 3368 871 3423 dsc.
896 3368 982 3424 etiarn
1005 3372 1040 3424 ad
1063 3370 1135 3425 hanc
1157 3387 1193 3423 ex
1218 3365 1324 3424 schedis
1348 3363 1518 3437 exscriptam
1619 3367 1625 3374 '

160 3449 335 3503 sententian.

238 3525 271 3593 k)
294 3528 434 3583 Labcrasi
457 3527 609 3598 pueriliter,
635 3527 669 3582 de
684 3527 744 3598 quis
758 3524 823 3581 milti
846 3526 1005 3597 imputaret,
1030 3545 1073 3582 me
1091 3533 1251 3583 novatorem
1265 3539 1336 3591 esse,
1361 3525 1519 3588 ostentandi

158 3610 248 3663 solum
260 3608 366 3678 ingenii
381 3625 466 3663 causa
488 3609 589 3662 librum
609 3607 765 3677 scripsisse:
789 3607 832 3660 ltls
847 3608 964 3677 opposui
978 3614 1011 3663 et
1022 3614 1115 3662 ιιιιιιιι
1129 3615 1160 3662 et
1180 3607 1381 3678 penitissima
1400 3617 1517 3676 perstra-

159 3688 263 3742 stonem
278 3690 311 3741 de
324 3685 447 3742 sertae
460 3702 562 3751 eornm,
587 3702 660 3758 quae
681 3687 752 3741 liber
766 3686 928 3752 contineret,
953 3694 984 3741 et
996 3686 1115 3758 astque
1134 3688 1261 3742 atumem
1278 3683 1435 3742 suamne
1457 3703 1517 3741 cum

159 3767 223 3822 aliis
246 3771 280 3822 de
302 3768 346 3822 bis
370 3768 497 3824 inentis.
539 3768 577 3821 Ει
598 3778 688 3832 crant,
713 3767 818 3837 opinor,
841 3765 956 3822 idoneae
979 3781 1081 3822 causae
1102 3766 1268 3838 profligendi
1288 3766 1400 3837 puteris
1421 3765 1518 3836 inepti.
