3609 5634
290 369 332 435 18
558 420 560 425 .
882 367 1043 423 Pwlffl·

541 527 731 595 nmpuno.
810 525 956 592 166166
1004 524 1255 577 mutassemus
1330 522 1411 575 1661
1579 523 1631 575 us

332 618 454 682 Saturni
505 665 513 680 .
563 614 714 680 1031312
842 612 941 680 51551
1070 610 1201 677 997340
1332 609 1432 677 51431
1588 611 1641 676 121

331 708 457 772 Jovis.
505 756 513 771 .
562 701 712 770 1866349
821 703 862 768 10
885 702 928 769 45
1052 699 1201 767 1935067
1313 700 1419 765 1110
1585 699 1626 764 25

333 799 443 862 Martis
503 845 511 860 .
557 792 711 859 6004002
817 791 861 857 36
884 790 929 858 54
1050 789 1197 856 6245121
1310 788 1353 853 38
1376 788 1418 855 30
1543 786 1644 855 11451

331 888 459 951 Veneris
505 935 513 949 .
559 880 709 948 7611111
819 879 863 947 49
886 878 930 947 34
1051 878 1203 946 7613889
1311 877 1354 944 49
1378 876 1419 943 35
1611 878 1624 942 1

332 976 510 1040 Mercurii.
555 969 710 1038 4900000
818 970 861 1037 29
884 970 929 1035 20
1049 966 1204 1035 4794444
1311 967 1354 1034 28
1377 966 1420 1034 39
1584 966 1624 1033 41

925 1075 1023 1144 (Ome
1041 1076 1231 1143 1116116668
1249 1076 1310 1142 ⁰⁸r·
1329 1076 1376 1127 XV
1394 1072 1569 1139 meldim.)

374 1241 467 1303 Porro
490 1240 558 1303 uolo
582 1238 771 1302 dissimulare
794 1238 982 1318 scrupulum,
1016 1238 1066 1319 qui
1094 1258 1140 1300 me
1171 1238 1220 1300 hic
1250 1244 1357 1318 urget:
1396 1235 1579 1319 0666161666
1604 1243 1637 1297 61

291 1330 468 1393 Prutenicae
492 1328 593 1391 omnia
615 1329 654 1390 ad
677 1328 774 1391 locum
787 1326 869 1390 Solis
892 1328 1021 1390 medium
1044 1329 1186 1390 referunt
1233 1329 1299 1389 Aut
1321 1327 1412 1406 igitur
1435 1334 1574 1391 statuunt
1587 1333 1638 1386 to·

288 1430 351 1483 1661
376 1419 514 1483 mnndum
537 1418 678 1481 mobilem
701 1417 909 1490 ecceutricum,
932 1418 998 1480 sive
1021 1418 1099 1497 qnod
1122 1419 1150 1479 in
1174 1415 1382 1479 astronomicis
1396 1417 1476 1478 idem
1494 1425 1551 1489 est,
1577 1413 1638 1476 So·

286 1510 345 1571 lem
367 1508 513 1588 inparve
538 1507 647 1570 circulo
671 1526 769 1569 annuo
792 1515 875 1569 motu
898 1508 980 1569 611611
1007 1515 1142 1569 centrum
1171 1506 1272 1568 mundi
1303 1506 1548 1568 circumeuntem:
1587 1513 1641 1565 661

179 1594 181 1597 ’
288 1598 441 1662 latendum
464 1604 521 1672 est
545 1615 604 1658 nou
617 1614 717 1676 posse
741 1603 841 1658 certas
863 1596 1163 1677 prosthaphaereses,
1187 1595 1366 1676 praesertim
1388 1595 1498 1657 Martis
1521 1603 1554 1656 61
1571 1592 1638 1653 Ve-

285 1688 375 1763 nonis,
400 1706 440 1749 er
461 1685 631 1748 Pruteniois
653 1684 830 1766 computari.
877 1686 1011 1748 Tertium
1035 1685 1112 1747 euim
1135 1685 1235 1747 nescio
1259 1704 1296 1745 an
1311 1683 1375 1747 fieri
1388 1684 1502 1764 possit:
1522 1681 1638 1767 utqui-

285 1777 361 1840 libst
392 1776 582 1857 planetarum
609 1775 783 1857 epicyclium
809 1774 940 1849 habeat,
973 1775 1058 1854 cujus
1090 1774 1215 1854 remigio
1248 1781 1365 1836 tantum
1394 1774 1496 1853 fugere
1528 1771 1637 1852 possit,

250 1880 251 1885 ’
287 1875 429 1948 quantum
461 1866 556 1926 Terra
586 1864 626 1925 ad
657 1864 755 1944 ipsum
786 1863 1023 1946 appropinquare
1055 1864 1131 1925 velit
1162 1871 1194 1924 61
1224 1871 1339 1925 contra.
1384 1863 1506 1924 Illorum
1538 1869 1639 1923 autem

286 1964 386 2019 utrum
408 1954 459 2030 611,
484 1953 604 2016 difficile
627 1953 711 2015 dictu
732 1959 790 2016 est
836 1954 916 2017 Nam
939 1952 1093 2032 exemplar
1115 1970 1214 2015 meum
1237 1952 1312 2031 libro
1328 1952 1358 2013 V
1381 1950 1489 2014 Revol.
1514 1946 1637 2030 0664,

287 2063 343 2126 666
366 2044 432 2109 1666
454 2043 549 2106 nodus
572 2043 757 2124 quaestionis
779 2043 896 2115 haeret,
919 2050 973 2107 661
995 2043 1170 2105 mendosum
1192 2049 1256 2111 661,
1279 2047 1333 2102 aut
1350 2059 1406 2120 ego
1425 2060 1544 2103 caecus.
1577 2037 1639 2101 So·

286 2135 346 2198 lem
368 2132 540 2195 ullomodo
564 2131 704 2195 mobilem
727 2133 841 2208 facere,
871 2132 919 2194 vel
943 2140 1047 2194 tautae
1076 2132 1145 2193 moli
1170 2138 1376 2193 ecceutroteta
1396 2131 1540 2204 tribuere,
1565 2128 1641 2190 baec

286 2229 539 2304 pugnantesque
563 2228 596 2284 61
617 2240 683 2283 6661
704 2220 859 2301 principiis
883 2230 1003 2283 etcum
1027 2234 1145 2282 natura.
1191 2220 1233 2281 Et
1261 2219 1286 2279 si
1310 2219 1416 2298 globus
1439 2219 1504 2300 ipse
1528 2218 1639 2280 Terrae

286 2330 375 2374 unum
398 2329 493 2392 genus
516 2308 747 2390 161116616166,
772 2310 858 2391 cujus
881 2310 1009 2374 circulus
1032 2309 1063 2371 ui
1087 2310 1176 2372 fallor
1198 2329 1217 2369 6
1239 2308 1388 2370 Rhaetico
1410 2316 1479 2371 rota
1502 2308 1640 2370 fortunae

286 2400 414 2474 dieitur,
449 2419 503 2463 suo
525 2400 645 2480 proprio
667 2407 751 2461 motu
774 2400 857 2463 solus
879 2400 1010 2479 6616611,
1043 2400 1175 2479 facitque
1198 2397 1265 2460 ideo
1288 2397 1487 2460 differentiam
1510 2396 1642 2477 aliquam

287 2497 430 2571 aspectus
453 2508 594 2552 successu
612 2488 788 2564 seculorum,
807 2507 864 2569 par
887 2499 964 2565 erat,
984 2497 1015 2550 61
1029 2489 1156 2550 61161661
1180 2506 1274 2568 genus
1297 2486 1327 2548 in
1351 2488 1477 2551 enodem
1491 2487 1641 2548 Tellurem

286 2580 455 2644 solitariam
477 2579 622 2641 conferre.
669 2575 761 2657 (Cap.
784 2575 875 2653 XV.)
1428 2620 1431 2627 .

373 2669 528 2735 Fortassis
551 2667 644 2748 igitur
665 2667 776 2729 Martis
800 2668 943 2747 ambages
966 2665 1034 2728 ideo
1057 2665 1154 2728 minus
1177 2664 1334 2744 cognitae,
1368 2664 1494 2745 661616
1523 2662 1638 2725 6161666

286 2758 353 2822 11616
380 2756 541 2821 varietati:
574 2756 604 2818 in
632 2755 742 2819 6616116
764 2775 835 2818 vero
858 2754 1068 2819 remotioribus
1090 2774 1194 2835 parum
1217 2753 1474 2816 animadvertitur.
1520 2754 1565 2815 At
1589 2752 1637 2813 vi-

285 2848 387 2911 cissim
409 2847 446 2910 de
471 2847 590 2908 Venere
613 2865 671 2908 uon
695 2853 746 2908 est
767 2845 872 2908 eadem
896 2844 1099 2924 querimonia,
1129 2863 1206 2923 quae
1234 2850 1268 2903 61
1289 2843 1319 2904 16
1342 2842 1546 2924 propinquiori
1569 2861 1638 2903 166-

282 2938 334 3017 jor
356 2955 425 3000 6666
448 2935 586 3008 debebat,
612 2936 639 2997 61
662 2936 727 2997 6616
750 2934 852 2997 Tellus
874 2952 928 3015 per
951 2934 1029 2995 hauc
1052 2932 1316 2995 commutationem
1337 2932 1469 3011 planetis
1492 2938 1640 3011 annueret

286 3034 376 3107 atque
399 3025 553 3087 abnueret
600 3021 690 3093 Quod
718 3023 746 3086 si
768 3024 887 3087 omnino
910 3043 970 3084 una
992 3032 1077 3084 esset
1098 3022 1210 3085 Terrae
1238 3029 1271 3083 et
1297 3021 1426 3083 omnium
1448 3022 1640 3103 planetarum

287 3132 381 3196 eaque
404 3132 504 3176 annua
526 3109 746 3186 eooentricitae,
772 3113 831 3174 erit
852 3112 907 3175 illa
929 3111 1093 3174 communis
1116 3110 1208 3172 etiam
1230 3110 1453 3191 proportionum
1477 3127 1638 3190 excorpo-

286 3204 368 3268 ribus
391 3204 603 3272 desumtarum,
626 3200 671 3263 ita
692 3207 727 3262 ut
748 3200 896 3262 distantia
919 3220 1020 3264 eorum
1042 3220 1101 3263 uon
1124 3198 1239 3263 aSolis
1262 3201 1317 3261 sed
1340 3201 1378 3263 ab
1399 3200 1514 3263 orbium
1536 3209 1639 3261 centro

287 3292 423 3375 putanda
444 3289 495 3353 sit.
541 3289 591 3351 Ex
623 3308 680 3371 quo
711 3296 885 3371 sequeretur
911 3290 1023 3352 nnllam
1049 3289 1176 3369 relinqui
1202 3290 1333 3351 Terreuo
1362 3289 1427 3355 orbi
1456 3289 1637 3364 crassitiem,

286 3383 336 3445 vel
360 3381 500 3462 exiguam
523 3379 646 3453 saltem,
671 3397 729 3460 qus
752 3380 788 3441 de
811 3379 900 3441 modo
923 3379 1047 3441 dictum.
1093 3379 1180 3442 Unde
1203 3379 1270 3452 fiet,
1302 3386 1336 3440 61
1358 3378 1640 3441 6666666666616111

285 3473 413 3534 16161661
437 3477 541 3532 centra
565 3476 597 3531 et
620 3468 797 3531 ieosatdrici
818 3468 924 3548 auguli
938 3466 1001 3530 sint
1018 3468 1048 3531 in
1067 3470 1172 3530 eadem
1187 3467 1343 3548 superficie
1357 3468 1524 3549 sphaerica,
1549 3475 1639 3548 atque

214 3624 216 3631 ,
286 3562 333 3624 116
354 3568 437 3623 16166
459 3558 585 3621 mundus
608 3558 663 3620 661
685 3558 857 3637 augustior:
882 3558 961 3638 quod
983 3576 1043 3619 non
1065 3557 1185 3620 videtur
1207 3557 1330 3619 tolerari
1349 3566 1465 3620 etcum
1488 3576 1639 3639 apparen-

287 3651 340 3713 1116
363 3646 516 3712 6666111611
538 3666 639 3727 66666.
685 3647 729 3709 01
750 3646 843 3726 igitur
865 3647 896 3709 in
918 3666 1035 3713 omnem
1058 3655 1198 3709 eventum
1219 3656 1346 3727 paratus
1369 3647 1440 3723 sim,
1469 3648 1550 3723 dico,
1582 3645 1640 3708 etsi

287 3748 320 3803 et
343 3736 501 3819 Copernici
524 3735 676 3799 sententia
700 3743 733 3798 61
755 3736 839 3816 ipsae
872 3735 1099 3799 observationes
1130 3754 1166 3798 eo
1199 3744 1357 3816 spectent,
1389 3755 1479 3817 posse
1507 3755 1554 3798 me
1586 3753 1640 3815 per

286 3828 389 3891 orbern
411 3828 516 3889 Lunae
540 3835 602 3888 tum
624 3824 694 3887 huic
716 3825 813 3887 hiatui
834 3825 993 3888 subvenire
1017 3844 1103 3906 quem
1127 3833 1219 3887 autes
1241 3824 1388 3905 negabam
1411 3824 1492 3887 orbis
1516 3823 1638 3888 Terreni

287 3916 437 3979 crassitiei
467 3915 696 3977 accensendum.
741 3914 821 3977 Nam
849 3915 995 3977 diameter
1022 3914 1101 3977 orbis
1131 3914 1259 3975 Lunaris
1282 3914 1389 3994 exiguo
1412 3915 1542 3995 spatiolo
1565 3913 1638 3975 Tel-

287 4007 360 4069 luris
383 4003 640 4068 ecceutricitatem
663 4003 795 4066 excedit:
821 4005 901 4083 quod
924 4002 1085 4085 spatiolum
1108 4005 1167 4065 6161
1182 4002 1252 4084 quid
1271 4005 1404 4066 efficeret
1422 4005 1451 4065 in
1467 4003 1637 4084 ampliando

286 4095 409 4157 mundo:
441 4093 515 4156 illud
541 4093 572 4156 in
599 4094 699 4155 Marte
730 4100 761 4154 et
782 4091 858 4154 Jove
881 4093 1004 4155 nimium
1032 4093 1243 4155 accedentibus
1272 4101 1422 4173 optatum,
1451 4094 1481 4156 iu
1505 4092 1637 4156 Saturno

286 4193 439 4249 contemtu
462 4182 562 4257 166116,
584 4183 614 4244 16
638 4182 754 4265 duobus
777 4181 966 4246 inferioribus
990 4183 1236 4244 dissimulandum
1260 4189 1352 4245 esset.

372 4275 452 4339 Nam
474 4272 585 4334 61666
607 4271 866 4333 animadversione
890 4272 1012 4353 dignum
1035 4280 1093 4347 est,
1118 4272 1197 4352 quod
1220 4271 1366 4351 digressio
1390 4272 1494 4335 borum
1508 4270 1639 4335 maxima

286 4361 1063 4441 68616666616616Ρ1616616166661661661,
1089 4380 1177 4442 quam
1200 4356 1327 4434 48121,
1352 4356 1500 4436 261291,
1546 4362 1638 4423 Forte
1724 4398 1726 4405 ·

287 4454 356 4532 quia
378 4453 450 4515 illae
473 4449 584 4512 uostris
608 4449 791 4530 temporibus
815 4459 939 4532 propter
953 4458 1099 4512 mutatam
1115 4449 1370 4513 eccontrieitatern
1384 4450 1496 4512 Terrae
1517 4467 1637 4512 accom-

183 4610 187 4615 ,
286 4541 468 4605 6606116166
492 4548 572 4601 suut.

375 4631 453 4694 Utut
475 4628 525 4699 sit,
549 4647 636 4691 61666
658 4628 704 4690 1111
726 4647 784 4692 666
809 4635 940 4708 6666661
962 4627 1030 4689 11166
1050 4628 1218 4708 superiores
1236 4623 1376 4703 491341,
1401 4623 1539 4702 291201,
1564 4646 1639 4708 6666

286 4721 448 4782 ostendunt
462 4718 544 4780 siuns
561 4716 759 4797 aCopernico
773 4717 894 4799 proditi.
927 4718 1030 4797 Atque
1053 4717 1097 4778 ita
1118 4719 1183 4779 sine
1205 4716 1323 4798 piaculo
1345 4736 1400 4798 per
1423 4717 1550 4799 aliquem
1572 4736 1638 4779 me-

285 4810 390 4874 liorem
403 4808 521 4871 modum
536 4805 692 4869 ordinandi
707 4806 794 4871 orbes
813 4808 874 4870 ullis
888 4805 1001 4886 aliquid
1020 4807 1137 4868 detrahi
1157 4826 1225 4868 1666
1239 4806 1358 4886 6616661
1372 4808 1510 4888 66161666
1524 4816 1636 4887 661661.

371 4901 419 4964 Ne
443 4915 513 4960 vero
537 4896 603 4978 quis
626 4894 753 4976 iniquius
777 4897 807 4959 in
829 4898 886 4959 hoc
910 4897 1061 4958 inventum
1089 4905 1211 4976 propter
1232 4896 1310 4959 hanc
1333 4897 1491 4961 levicolam
1517 4896 1637 4977 ambig-
