<?xml version="1.0" encoding="UTF-8"?>
<!DOCTYPE html PUBLIC "-//W3C//DTD XHTML 1.0 Transitional//EN"
    "http://www.w3.org/TR/xhtml1/DTD/xhtml1-transitional.dtd">
<html xmlns="http://www.w3.org/1999/xhtml" xml:lang="en" lang="en">
 <head>
  <title>
</title>
<meta http-equiv="Content-Type" content="text/html;charset=utf-8" />
  <meta name='ocr-system' content='tesseract 3.04.00' />
  <meta name='ocr-capabilities' content='ocr_page ocr_carea ocr_par ocr_line ocrx_word'/>
</head>
<body>
  <div class='ocr_page' id='page_1' title='image "./joanniskepleria01unkngoog_0036.png"; bbox 0 0 3609 5634; ppageno 0'>
   <div class='ocr_carea' id='block_1_1' title="bbox 296 364 1043 431">
    <p class='ocr_par' dir='ltr' id='par_1_1' title="bbox 296 364 1043 431">
     <span class='ocr_line' id='line_1_1' title="bbox 296 364 1043 431; baseline -0.013 -1"><span class='ocrx_word' id='word_1_1' title='bbox 296 364 336 431; x_wconf 85' lang='lat' dir='ltr'>t0</span> <span class='ocrx_word' id='word_1_2' title='bbox 881 368 1043 421; x_wconf 66' lang='lat' dir='ltr'>manian.</span> 
     </span>
    </p>
   </div>
   <div class='ocr_carea' id='block_1_2' title="bbox 277 526 1656 2035">
    <p class='ocr_par' dir='ltr' id='par_1_2' title="bbox 277 526 1656 2035">
     <span class='ocr_line' id='line_1_2' title="bbox 292 526 1656 611; baseline -0.005 -20"><span class='ocrx_word' id='word_1_3' title='bbox 292 526 496 591; x_wconf 85' lang='lat' dir='ltr'>Stadlerorum</span> <span class='ocrx_word' id='word_1_4' title='bbox 517 536 742 611; x_wconf 75' lang='lat' dir='ltr'>praeceptorem</span> <span class='ocrx_word' id='word_1_5' title='bbox 760 527 1060 591; x_wconf 76' lang='lat' dir='ltr'>commendaveramt&#39;</span> <span class='ocrx_word' id='word_1_6' title='bbox 1072 528 1124 590; x_wconf 88' lang='lat' dir='ltr'>sed</span> <span class='ocrx_word' id='word_1_7' title='bbox 1143 546 1208 590; x_wconf 89' lang='lat' dir='ltr'>curu</span> <span class='ocrx_word' id='word_1_8' title='bbox 1223 529 1273 591; x_wconf 89' lang='lat' dir='ltr'>ille</span> <span class='ocrx_word' id='word_1_9' title='bbox 1287 527 1537 608; x_wconf 86' lang='lat' dir='ltr'>imparatissimus</span> <span class='ocrx_word' id='word_1_10' title='bbox 1551 528 1656 587; x_wconf 83' lang='lat' dir='ltr'>esset</span> 
     </span>
     <span class='ocr_line' id='line_1_3' title="bbox 293 613 1655 699; baseline -0.004 -21"><span class='ocrx_word' id='word_1_11' title='bbox 293 619 331 679; x_wconf 92' lang='lat' dir='ltr'>ad</span> <span class='ocrx_word' id='word_1_12' title='bbox 344 619 412 694; x_wconf 79' lang='lat' dir='ltr'>iter,</span> <span class='ocrx_word' id='word_1_13' title='bbox 436 625 468 680; x_wconf 90' lang='lat' dir='ltr'>et</span> <span class='ocrx_word' id='word_1_14' title='bbox 489 618 573 699; x_wconf 88' lang='lat' dir='ltr'>proin</span> <span class='ocrx_word' id='word_1_15' title='bbox 597 619 688 680; x_wconf 88' lang='lat' dir='ltr'>etiam</span> <span class='ocrx_word' id='word_1_16' title='bbox 709 618 995 698; x_wconf 85' lang='lat' dir='ltr'>perturbatissimus,</span> <span class='ocrx_word' id='word_1_17' title='bbox 1020 626 1135 680; x_wconf 89' lang='lat' dir='ltr'>mutato</span> <span class='ocrx_word' id='word_1_18' title='bbox 1159 618 1282 680; x_wconf 91' lang='lat' dir='ltr'>consilio</span> <span class='ocrx_word' id='word_1_19' title='bbox 1305 616 1417 679; x_wconf 87' lang='lat' dir='ltr'>tradidi</span> <span class='ocrx_word' id='word_1_20' title='bbox 1431 616 1551 679; x_wconf 80' lang='lat' dir='ltr'>famulo.</span> <span class='ocrx_word' id='word_1_21' title='bbox 1575 613 1655 676; x_wconf 81' lang='lat' dir='ltr'>Est</span> 
     </span>
     <span class='ocr_line' id='line_1_4' title="bbox 292 706 1653 790; baseline -0.003 -22"><span class='ocrx_word' id='word_1_22' title='bbox 292 718 391 769; x_wconf 91' lang='lat' dir='ltr'>autem</span> <span class='ocrx_word' id='word_1_23' title='bbox 420 706 470 769; x_wconf 92' lang='lat' dir='ltr'>ille</span> <span class='ocrx_word' id='word_1_24' title='bbox 499 726 582 770; x_wconf 90' lang='lat' dir='ltr'>mens</span> <span class='ocrx_word' id='word_1_25' title='bbox 612 707 729 786; x_wconf 68' lang='lat' dir='ltr'>collega</span> <span class='ocrx_word' id='word_1_26' title='bbox 755 707 920 769; x_wconf 82' lang='lat' dir='ltr'>eruditione</span> <span class='ocrx_word' id='word_1_27' title='bbox 948 727 1041 790; x_wconf 88' lang='lat' dir='ltr'>aeque</span> <span class='ocrx_word' id='word_1_28' title='bbox 1071 716 1161 788; x_wconf 90' lang='lat' dir='ltr'>atque</span> <span class='ocrx_word' id='word_1_29' title='bbox 1189 726 1301 769; x_wconf 88' lang='lat' dir='ltr'>morum</span> <span class='ocrx_word' id='word_1_30' title='bbox 1327 706 1516 786; x_wconf 71' lang='lat' dir='ltr'>praestantia</span> <span class='ocrx_word' id='word_1_31' title='bbox 1542 721 1653 784; x_wconf 83' lang='lat' dir='ltr'>supra</span> 
     </span>
     <span class='ocr_line' id='line_1_5' title="bbox 291 793 1649 877; baseline -0.004 -20"><span class='ocrx_word' id='word_1_32' title='bbox 291 804 455 858; x_wconf 90' lang='lat' dir='ltr'>ceterorum</span> <span class='ocrx_word' id='word_1_33' title='bbox 478 796 627 859; x_wconf 90' lang='lat' dir='ltr'>homiuum</span> <span class='ocrx_word' id='word_1_34' title='bbox 651 804 774 858; x_wconf 89' lang='lat' dir='ltr'>sortem.</span> <span class='ocrx_word' id='word_1_35' title='bbox 820 797 967 859; x_wconf 85' lang='lat' dir='ltr'>Memoria</span> <span class='ocrx_word' id='word_1_36' title='bbox 989 796 1168 877; x_wconf 83' lang='lat' dir='ltr'>prodigiosa,</span> <span class='ocrx_word' id='word_1_37' title='bbox 1191 816 1283 858; x_wconf 91' lang='lat' dir='ltr'>aurea</span> <span class='ocrx_word' id='word_1_38' title='bbox 1306 796 1407 869; x_wconf 88' lang='lat' dir='ltr'>dictio,</span> <span class='ocrx_word' id='word_1_39' title='bbox 1432 795 1517 857; x_wconf 87' lang='lat' dir='ltr'>varia</span> <span class='ocrx_word' id='word_1_40' title='bbox 1531 793 1649 856; x_wconf 87' lang='lat' dir='ltr'>scien-</span> 
     </span>
     <span class='ocr_line' id='line_1_6' title="bbox 290 882 1650 966; baseline -0.002 -20"><span class='ocrx_word' id='word_1_41' title='bbox 290 885 342 960; x_wconf 89' lang='lat' dir='ltr'>tia,</span> <span class='ocrx_word' id='word_1_42' title='bbox 363 885 505 965; x_wconf 89' lang='lat' dir='ltr'>judicium</span> <span class='ocrx_word' id='word_1_43' title='bbox 523 886 633 960; x_wconf 80' lang='lat' dir='ltr'>foelix;</span> <span class='ocrx_word' id='word_1_44' title='bbox 658 886 712 947; x_wconf 91' lang='lat' dir='ltr'>sed</span> <span class='ocrx_word' id='word_1_45' title='bbox 727 885 842 947; x_wconf 88' lang='lat' dir='ltr'>animus</span> <span class='ocrx_word' id='word_1_46' title='bbox 855 886 1009 966; x_wconf 89' lang='lat' dir='ltr'>perpetuis</span> <span class='ocrx_word' id='word_1_47' title='bbox 1024 886 1102 948; x_wconf 89' lang='lat' dir='ltr'>curis</span> <span class='ocrx_word' id='word_1_48' title='bbox 1116 904 1216 965; x_wconf 77' lang='lat' dir='ltr'>aeger,</span> <span class='ocrx_word' id='word_1_49' title='bbox 1238 885 1346 959; x_wconf 90' lang='lat' dir='ltr'>tristis,</span> <span class='ocrx_word' id='word_1_50' title='bbox 1362 885 1498 964; x_wconf 80' lang='lat' dir='ltr'>simplex,</span> <span class='ocrx_word' id='word_1_51' title='bbox 1512 882 1650 944; x_wconf 88' lang='lat' dir='ltr'>nimium</span> 
     </span>
     <span class='ocr_line' id='line_1_7' title="bbox 290 972 1646 1054; baseline -0.001 -20"><span class='ocrx_word' id='word_1_52' title='bbox 290 983 420 1054; x_wconf 89' lang='lat' dir='ltr'>apertus.</span> <span class='ocrx_word' id='word_1_53' title='bbox 467 972 583 1046; x_wconf 78' lang='lat' dir='ltr'>Quibus</span> <span class='ocrx_word' id='word_1_54' title='bbox 608 975 644 1036; x_wconf 92' lang='lat' dir='ltr'>de</span> <span class='ocrx_word' id='word_1_55' title='bbox 668 975 767 1036; x_wconf 91' lang='lat' dir='ltr'>causis</span> <span class='ocrx_word' id='word_1_56' title='bbox 791 993 845 1054; x_wconf 79' lang='lat' dir='ltr'>ego</span> <span class='ocrx_word' id='word_1_57' title='bbox 869 994 998 1050; x_wconf 86' lang='lat' dir='ltr'>moveor,</span> <span class='ocrx_word' id='word_1_58' title='bbox 1023 984 1057 1037; x_wconf 91' lang='lat' dir='ltr'>ut</span> <span class='ocrx_word' id='word_1_59' title='bbox 1078 975 1134 1037; x_wconf 91' lang='lat' dir='ltr'>tihi</span> <span class='ocrx_word' id='word_1_60' title='bbox 1156 974 1297 1054; x_wconf 80' lang='lat' dir='ltr'>priuatim</span> <span class='ocrx_word' id='word_1_61' title='bbox 1317 973 1454 1049; x_wconf 89' lang='lat' dir='ltr'>scribam,</span> <span class='ocrx_word' id='word_1_62' title='bbox 1475 972 1553 1053; x_wconf 91' lang='lat' dir='ltr'>quud</span> <span class='ocrx_word' id='word_1_63' title='bbox 1568 973 1646 1033; x_wconf 83' lang='lat' dir='ltr'>lor-</span> 
     </span>
     <span class='ocr_line' id='line_1_8' title="bbox 289 1061 1646 1143; baseline -0.004 -19"><span class='ocrx_word' id='word_1_64' title='bbox 289 1073 373 1124; x_wconf 91' lang='lat' dir='ltr'>tasse</span> <span class='ocrx_word' id='word_1_65' title='bbox 390 1063 507 1143; x_wconf 88' lang='lat' dir='ltr'>publice</span> <span class='ocrx_word' id='word_1_66' title='bbox 531 1063 666 1125; x_wconf 89' lang='lat' dir='ltr'>interest.</span> <span class='ocrx_word' id='word_1_67' title='bbox 715 1064 826 1125; x_wconf 81' lang='lat' dir='ltr'>Vester</span> <span class='ocrx_word' id='word_1_68' title='bbox 851 1063 905 1125; x_wconf 92' lang='lat' dir='ltr'>ille</span> <span class='ocrx_word' id='word_1_69' title='bbox 932 1063 1074 1125; x_wconf 85' lang='lat' dir='ltr'>Hetlerus</span> <span class='ocrx_word' id='word_1_70' title='bbox 1101 1063 1150 1125; x_wconf 93' lang='lat' dir='ltr'>hic</span> <span class='ocrx_word' id='word_1_71' title='bbox 1178 1063 1207 1125; x_wconf 89' lang='lat' dir='ltr'>iu</span> <span class='ocrx_word' id='word_1_72' title='bbox 1236 1081 1350 1125; x_wconf 90' lang='lat' dir='ltr'>summo</span> <span class='ocrx_word' id='word_1_73' title='bbox 1377 1062 1488 1124; x_wconf 90' lang='lat' dir='ltr'>honore</span> <span class='ocrx_word' id='word_1_74' title='bbox 1510 1061 1646 1123; x_wconf 86' lang='lat' dir='ltr'>habitus</span> 
     </span>
     <span class='ocr_line' id='line_1_9' title="bbox 290 1150 1645 1233; baseline -0.001 -21"><span class='ocrx_word' id='word_1_75' title='bbox 290 1159 353 1214; x_wconf 90' lang='lat' dir='ltr'>cst:</span> <span class='ocrx_word' id='word_1_76' title='bbox 374 1159 463 1231; x_wconf 89' lang='lat' dir='ltr'>atque</span> <span class='ocrx_word' id='word_1_77' title='bbox 482 1152 512 1213; x_wconf 93' lang='lat' dir='ltr'>id</span> <span class='ocrx_word' id='word_1_78' title='bbox 535 1170 626 1233; x_wconf 90' lang='lat' dir='ltr'>opera</span> <span class='ocrx_word' id='word_1_79' title='bbox 644 1152 831 1232; x_wconf 88' lang='lat' dir='ltr'>potissimum</span> <span class='ocrx_word' id='word_1_80' title='bbox 846 1151 991 1232; x_wconf 89' lang='lat' dir='ltr'>Speidelii</span> <span class='ocrx_word' id='word_1_81' title='bbox 1011 1152 1189 1214; x_wconf 78' lang='lat' dir='ltr'>secretarii:</span> <span class='ocrx_word' id='word_1_82' title='bbox 1214 1154 1297 1233; x_wconf 88' lang='lat' dir='ltr'>cujus</span> <span class='ocrx_word' id='word_1_83' title='bbox 1319 1151 1375 1213; x_wconf 88' lang='lat' dir='ltr'>viri</span> <span class='ocrx_word' id='word_1_84' title='bbox 1398 1151 1459 1224; x_wconf 85' lang='lat' dir='ltr'>(sui</span> <span class='ocrx_word' id='word_1_85' title='bbox 1482 1150 1553 1213; x_wconf 88' lang='lat' dir='ltr'>olim</span> <span class='ocrx_word' id='word_1_86' title='bbox 1574 1167 1645 1228; x_wconf 88' lang='lat' dir='ltr'>po-</span> 
     </span>
     <span class='ocr_line' id='line_1_10' title="bbox 288 1238 1642 1322; baseline -0.004 -19"><span class='ocrx_word' id='word_1_87' title='bbox 288 1240 415 1320; x_wconf 88' lang='lat' dir='ltr'>pularis)</span> <span class='ocrx_word' id='word_1_88' title='bbox 443 1242 610 1304; x_wconf 84' lang='lat' dir='ltr'>authoritas</span> <span class='ocrx_word' id='word_1_89' title='bbox 640 1242 684 1303; x_wconf 90' lang='lat' dir='ltr'>illi</span> <span class='ocrx_word' id='word_1_90' title='bbox 715 1241 828 1303; x_wconf 88' lang='lat' dir='ltr'>aditum</span> <span class='ocrx_word' id='word_1_91' title='bbox 854 1242 1000 1321; x_wconf 84' lang='lat' dir='ltr'>patefecit</span> <span class='ocrx_word' id='word_1_92' title='bbox 1028 1242 1076 1303; x_wconf 87' lang='lat' dir='ltr'>ad</span> <span class='ocrx_word' id='word_1_93' title='bbox 1090 1242 1268 1322; x_wconf 89' lang='lat' dir='ltr'>praecipuae</span> <span class='ocrx_word' id='word_1_94' title='bbox 1292 1239 1460 1303; x_wconf 82' lang='lat' dir='ltr'>nobilitatis</span> <span class='ocrx_word' id='word_1_95' title='bbox 1487 1238 1642 1301; x_wconf 79' lang='lat' dir='ltr'>homines.</span> 
     </span>
     <span class='ocr_line' id='line_1_11' title="bbox 289 1328 1643 1411; baseline -0.001 -20"><span class='ocrx_word' id='word_1_96' title='bbox 289 1330 492 1392; x_wconf 86' lang='lat' dir='ltr'>Veruntamen</span> <span class='ocrx_word' id='word_1_97' title='bbox 514 1330 673 1411; x_wconf 78' lang='lat' dir='ltr'>postquam</span> <span class='ocrx_word' id='word_1_98' title='bbox 695 1329 746 1393; x_wconf 91' lang='lat' dir='ltr'>ille</span> <span class='ocrx_word' id='word_1_99' title='bbox 764 1330 840 1392; x_wconf 93' lang='lat' dir='ltr'>abiit</span> <span class='ocrx_word' id='word_1_100' title='bbox 862 1331 949 1404; x_wconf 89' lang='lat' dir='ltr'>hinc,</span> <span class='ocrx_word' id='word_1_101' title='bbox 973 1330 1143 1411; x_wconf 69' lang='lat' dir='ltr'>paedagogi</span> <span class='ocrx_word' id='word_1_102' title='bbox 1163 1330 1283 1410; x_wconf 90' lang='lat' dir='ltr'>pristini</span> <span class='ocrx_word' id='word_1_103' title='bbox 1306 1330 1414 1391; x_wconf 90' lang='lat' dir='ltr'>remoti</span> <span class='ocrx_word' id='word_1_104' title='bbox 1437 1328 1643 1392; x_wconf 88' lang='lat' dir='ltr'>commisera-</span> 
     </span>
     <span class='ocr_line' id='line_1_12' title="bbox 288 1416 1641 1500; baseline -0.001 -20"><span class='ocrx_word' id='word_1_105' title='bbox 288 1419 367 1481; x_wconf 86' lang='lat' dir='ltr'>tione</span> <span class='ocrx_word' id='word_1_106' title='bbox 397 1419 508 1481; x_wconf 82' lang='lat' dir='ltr'>iactum</span> <span class='ocrx_word' id='word_1_107' title='bbox 536 1428 596 1494; x_wconf 89' lang='lat' dir='ltr'>est,</span> <span class='ocrx_word' id='word_1_108' title='bbox 631 1428 664 1480; x_wconf 93' lang='lat' dir='ltr'>ut</span> <span class='ocrx_word' id='word_1_109' title='bbox 690 1420 765 1482; x_wconf 86' lang='lat' dir='ltr'>haec</span> <span class='ocrx_word' id='word_1_110' title='bbox 792 1419 856 1498; x_wconf 87' lang='lat' dir='ltr'>ejus</span> <span class='ocrx_word' id='word_1_111' title='bbox 884 1421 1054 1500; x_wconf 78' lang='lat' dir='ltr'>negociatio</span> <span class='ocrx_word' id='word_1_112' title='bbox 1084 1420 1120 1481; x_wconf 90' lang='lat' dir='ltr'>de</span> <span class='ocrx_word' id='word_1_113' title='bbox 1149 1420 1304 1500; x_wconf 80' lang='lat' dir='ltr'>discipulis</span> <span class='ocrx_word' id='word_1_114' title='bbox 1327 1417 1530 1481; x_wconf 87' lang='lat' dir='ltr'>adsciscendis</span> <span class='ocrx_word' id='word_1_115' title='bbox 1552 1416 1641 1479; x_wconf 86' lang='lat' dir='ltr'>male</span> 
     </span>
     <span class='ocr_line' id='line_1_13' title="bbox 288 1506 1641 1589; baseline -0.001 -20"><span class='ocrx_word' id='word_1_116' title='bbox 288 1507 389 1569; x_wconf 92' lang='lat' dir='ltr'>audire</span> <span class='ocrx_word' id='word_1_117' title='bbox 412 1507 567 1588; x_wconf 85' lang='lat' dir='ltr'>inceperit.</span> <span class='ocrx_word' id='word_1_118' title='bbox 612 1509 691 1572; x_wconf 90' lang='lat' dir='ltr'>Nam</span> <span class='ocrx_word' id='word_1_119' title='bbox 705 1508 735 1569; x_wconf 91' lang='lat' dir='ltr'>in</span> <span class='ocrx_word' id='word_1_120' title='bbox 748 1508 881 1583; x_wconf 80' lang='lat' dir='ltr'>Austris,</span> <span class='ocrx_word' id='word_1_121' title='bbox 907 1508 1011 1589; x_wconf 85' lang='lat' dir='ltr'>Styria</span> <span class='ocrx_word' id='word_1_122' title='bbox 1026 1517 1057 1571; x_wconf 87' lang='lat' dir='ltr'>et</span> <span class='ocrx_word' id='word_1_123' title='bbox 1071 1506 1230 1572; x_wconf 76' lang='lat' dir='ltr'>carinthia</span> <span class='ocrx_word' id='word_1_124' title='bbox 1252 1507 1384 1587; x_wconf 86' lang='lat' dir='ltr'>suscepit</span> <span class='ocrx_word' id='word_1_125' title='bbox 1405 1508 1531 1588; x_wconf 90' lang='lat' dir='ltr'>aliquos.</span> <span class='ocrx_word' id='word_1_126' title='bbox 1564 1507 1641 1568; x_wconf 88' lang='lat' dir='ltr'>Ita-</span> 
     </span>
     <span class='ocr_line' id='line_1_14' title="bbox 287 1595 1638 1678; baseline -0.002 -20"><span class='ocrx_word' id='word_1_127' title='bbox 287 1615 343 1676; x_wconf 90' lang='lat' dir='ltr'>que</span> <span class='ocrx_word' id='word_1_128' title='bbox 366 1597 411 1658; x_wconf 86' lang='lat' dir='ltr'>ita</span> <span class='ocrx_word' id='word_1_129' title='bbox 433 1596 624 1677; x_wconf 90' lang='lat' dir='ltr'>interpretari</span> <span class='ocrx_word' id='word_1_130' title='bbox 648 1605 809 1676; x_wconf 90' lang='lat' dir='ltr'>coeperunt</span> <span class='ocrx_word' id='word_1_131' title='bbox 831 1597 1064 1660; x_wconf 82' lang='lat' dir='ltr'>calumniatores</span> <span class='ocrx_word' id='word_1_132' title='bbox 1087 1597 1224 1678; x_wconf 90' lang='lat' dir='ltr'>quidam:</span> <span class='ocrx_word' id='word_1_133' title='bbox 1248 1597 1335 1677; x_wconf 92' lang='lat' dir='ltr'>quasi</span> <span class='ocrx_word' id='word_1_134' title='bbox 1357 1597 1435 1675; x_wconf 89' lang='lat' dir='ltr'>ipse,</span> <span class='ocrx_word' id='word_1_135' title='bbox 1460 1604 1494 1659; x_wconf 93' lang='lat' dir='ltr'>ut</span> <span class='ocrx_word' id='word_1_136' title='bbox 1511 1595 1638 1675; x_wconf 84' lang='lat' dir='ltr'>proies·</span> 
     </span>
     <span class='ocr_line' id='line_1_15' title="bbox 286 1683 1635 1766; baseline 0 -21"><span class='ocrx_word' id='word_1_137' title='bbox 286 1686 468 1761; x_wconf 80' lang='lat' dir='ltr'>curialibus,</span> <span class='ocrx_word' id='word_1_138' title='bbox 493 1686 531 1748; x_wconf 89' lang='lat' dir='ltr'>ed</span> <span class='ocrx_word' id='word_1_139' title='bbox 555 1686 792 1766; x_wconf 81' lang='lat' dir='ltr'>amplificandam</span> <span class='ocrx_word' id='word_1_140' title='bbox 811 1705 896 1748; x_wconf 91' lang='lat' dir='ltr'>suam</span> <span class='ocrx_word' id='word_1_141' title='bbox 917 1686 1100 1749; x_wconf 87' lang='lat' dir='ltr'>academiam</span> <span class='ocrx_word' id='word_1_142' title='bbox 1113 1685 1314 1760; x_wconf 89' lang='lat' dir='ltr'>descenderit,</span> <span class='ocrx_word' id='word_1_143' title='bbox 1339 1685 1492 1747; x_wconf 88' lang='lat' dir='ltr'>auditores</span> <span class='ocrx_word' id='word_1_144' title='bbox 1506 1683 1635 1764; x_wconf 89' lang='lat' dir='ltr'>conqui-</span> 
     </span>
     <span class='ocr_line' id='line_1_16' title="bbox 286 1774 1635 1856; baseline 0 -22"><span class='ocrx_word' id='word_1_145' title='bbox 286 1774 390 1850; x_wconf 89' lang='lat' dir='ltr'>situm,</span> <span class='ocrx_word' id='word_1_146' title='bbox 425 1793 547 1854; x_wconf 89' lang='lat' dir='ltr'>quorum</span> <span class='ocrx_word' id='word_1_147' title='bbox 570 1776 671 1854; x_wconf 91' lang='lat' dir='ltr'>inopia</span> <span class='ocrx_word' id='word_1_148' title='bbox 693 1775 782 1837; x_wconf 89' lang='lat' dir='ltr'>isthic</span> <span class='ocrx_word' id='word_1_149' title='bbox 804 1777 988 1856; x_wconf 87' lang='lat' dir='ltr'>premamiui.</span> <span class='ocrx_word' id='word_1_150' title='bbox 1033 1777 1100 1838; x_wconf 91' lang='lat' dir='ltr'>Huc</span> <span class='ocrx_word' id='word_1_151' title='bbox 1131 1775 1262 1837; x_wconf 88' lang='lat' dir='ltr'>accessit</span> <span class='ocrx_word' id='word_1_152' title='bbox 1289 1775 1385 1850; x_wconf 90' lang='lat' dir='ltr'>aliud,</span> <span class='ocrx_word' id='word_1_153' title='bbox 1414 1775 1492 1854; x_wconf 93' lang='lat' dir='ltr'>quod</span> <span class='ocrx_word' id='word_1_154' title='bbox 1515 1783 1635 1854; x_wconf 87' lang='lat' dir='ltr'>partem</span> 
     </span>
     <span class='ocr_line' id='line_1_17' title="bbox 286 1862 1633 1945; baseline -0.001 -20"><span class='ocrx_word' id='word_1_155' title='bbox 286 1863 442 1938; x_wconf 89' lang='lat' dir='ltr'>nobilium,</span> <span class='ocrx_word' id='word_1_156' title='bbox 474 1872 634 1944; x_wconf 89' lang='lat' dir='ltr'>perspecta</span> <span class='ocrx_word' id='word_1_157' title='bbox 664 1864 850 1927; x_wconf 85' lang='lat' dir='ltr'>absurditate</span> <span class='ocrx_word' id='word_1_158' title='bbox 873 1884 986 1927; x_wconf 88' lang='lat' dir='ltr'>morum</span> <span class='ocrx_word' id='word_1_159' title='bbox 1008 1865 1038 1927; x_wconf 95' lang='lat' dir='ltr'>iu</span> <span class='ocrx_word' id='word_1_160' title='bbox 1062 1865 1185 1926; x_wconf 87' lang='lat' dir='ltr'>obtruso</span> <span class='ocrx_word' id='word_1_161' title='bbox 1207 1872 1402 1945; x_wconf 87' lang='lat' dir='ltr'>praeceptore</span> <span class='ocrx_word' id='word_1_162' title='bbox 1426 1864 1509 1937; x_wconf 90' lang='lat' dir='ltr'>(uam</span> <span class='ocrx_word' id='word_1_163' title='bbox 1532 1862 1633 1925; x_wconf 87' lang='lat' dir='ltr'>Ride-</span> 
     </span>
     <span class='ocr_line' id='line_1_18' title="bbox 277 1952 1633 2035; baseline 0 -21"><span class='ocrx_word' id='word_1_164' title='bbox 277 1953 356 2015; x_wconf 83' lang='lat' dir='ltr'>-lium</span> <span class='ocrx_word' id='word_1_165' title='bbox 379 1953 519 2016; x_wconf 87' lang='lat' dir='ltr'>Hetlcrns</span> <span class='ocrx_word' id='word_1_166' title='bbox 544 1954 610 2034; x_wconf 91' lang='lat' dir='ltr'>ipse</span> <span class='ocrx_word' id='word_1_167' title='bbox 633 1954 775 2034; x_wconf 87' lang='lat' dir='ltr'>suscepit,</span> <span class='ocrx_word' id='word_1_168' title='bbox 795 1973 872 2016; x_wconf 86' lang='lat' dir='ltr'>unvn</span> <span class='ocrx_word' id='word_1_169' title='bbox 887 1954 934 2016; x_wconf 90' lang='lat' dir='ltr'>hie</span> <span class='ocrx_word' id='word_1_170' title='bbox 949 1954 1110 2033; x_wconf 87' lang='lat' dir='ltr'>exemplo),</span> <span class='ocrx_word' id='word_1_171' title='bbox 1134 1955 1287 2035; x_wconf 87' lang='lat' dir='ltr'>poenitere</span> <span class='ocrx_word' id='word_1_172' title='bbox 1310 1953 1383 2015; x_wconf 83' lang='lat' dir='ltr'>lacti</span> <span class='ocrx_word' id='word_1_173' title='bbox 1405 1952 1528 2032; x_wconf 90' lang='lat' dir='ltr'>incepit.</span> <span class='ocrx_word' id='word_1_174' title='bbox 1564 1952 1633 2014; x_wconf 89' lang='lat' dir='ltr'>Nec</span> 
     </span>
    </p>
   </div>
   <div class='ocr_carea' id='block_1_3' title="bbox 172 2038 1632 2124">
    <p class='ocr_par' dir='ltr' id='par_1_3' title="bbox 172 2038 1632 2124">
     <span class='ocr_line' id='line_1_19' title="bbox 172 2038 1632 2124; baseline -0.001 -21"><span class='ocrx_word' id='word_1_175' title='bbox 172 2038 174 2043; x_wconf 49' lang='lat'><strong>⁴</strong></span> <span class='ocrx_word' id='word_1_176' title='bbox 285 2042 398 2115; x_wconf 88' lang='lat' dir='ltr'>dubito,</span> <span class='ocrx_word' id='word_1_177' title='bbox 421 2041 479 2104; x_wconf 88' lang='lat' dir='ltr'>nisi</span> <span class='ocrx_word' id='word_1_178' title='bbox 503 2042 614 2124; x_wconf 91' lang='lat' dir='ltr'>aliquid</span> <span class='ocrx_word' id='word_1_179' title='bbox 637 2043 812 2106; x_wconf 86' lang='lat' dir='ltr'>authoritati</span> <span class='ocrx_word' id='word_1_180' title='bbox 832 2042 976 2122; x_wconf 88' lang='lat' dir='ltr'>Speidelii</span> <span class='ocrx_word' id='word_1_181' title='bbox 1000 2043 1143 2116; x_wconf 85' lang='lat' dir='ltr'>dedisset,</span> <span class='ocrx_word' id='word_1_182' title='bbox 1167 2050 1376 2105; x_wconf 85' lang='lat' dir='ltr'>revocaturum</span> <span class='ocrx_word' id='word_1_183' title='bbox 1397 2042 1490 2103; x_wconf 83' lang='lat' dir='ltr'>luisse</span> <span class='ocrx_word' id='word_1_184' title='bbox 1513 2058 1632 2103; x_wconf 88' lang='lat' dir='ltr'>omnem</span> 
     </span>
    </p>
   </div>
   <div class='ocr_carea' id='block_1_4' title="bbox 284 2122 1631 2568">
    <p class='ocr_par' dir='ltr' id='par_1_4' title="bbox 284 2122 1631 2568">
     <span class='ocr_line' id='line_1_20' title="bbox 285 2122 1630 2213; baseline -0.001 -21"><span class='ocrx_word' id='word_1_185' title='bbox 285 2138 481 2193; x_wconf 88' lang='lat' dir='ltr'>contractum.</span> <span class='ocrx_word' id='word_1_186' title='bbox 527 2122 613 2195; x_wconf 88' lang='lat' dir='ltr'>Nunc</span> <span class='ocrx_word' id='word_1_187' title='bbox 637 2139 786 2211; x_wconf 87' lang='lat' dir='ltr'>parentes,</span> <span class='ocrx_word' id='word_1_188' title='bbox 811 2132 861 2213; x_wconf 90' lang='lat' dir='ltr'>qui</span> <span class='ocrx_word' id='word_1_189' title='bbox 884 2141 975 2194; x_wconf 89' lang='lat' dir='ltr'>antea</span> <span class='ocrx_word' id='word_1_190' title='bbox 997 2131 1044 2193; x_wconf 89' lang='lat' dir='ltr'>usi</span> <span class='ocrx_word' id='word_1_191' title='bbox 1058 2138 1146 2194; x_wconf 88' lang='lat' dir='ltr'>erant</span> <span class='ocrx_word' id='word_1_192' title='bbox 1167 2132 1285 2194; x_wconf 90' lang='lat' dir='ltr'>homine</span> <span class='ocrx_word' id='word_1_193' title='bbox 1309 2130 1548 2210; x_wconf 82' lang='lat' dir='ltr'>elegantissimo,</span> <span class='ocrx_word' id='word_1_194' title='bbox 1571 2148 1630 2191; x_wconf 87' lang='lat' dir='ltr'>ao-</span> 
     </span>
     <span class='ocr_line' id='line_1_21' title="bbox 284 2219 1631 2299; baseline -0.001 -17"><span class='ocrx_word' id='word_1_195' title='bbox 284 2219 361 2291; x_wconf 78' lang='lat' dir='ltr'>mine</span> <span class='ocrx_word' id='word_1_196' title='bbox 393 2226 425 2281; x_wconf 89' lang='lat' dir='ltr'>et</span> <span class='ocrx_word' id='word_1_197' title='bbox 452 2238 484 2281; x_wconf 90' lang='lat' dir='ltr'>re</span> <span class='ocrx_word' id='word_1_198' title='bbox 505 2220 629 2287; x_wconf 83' lang='lat' dir='ltr'>,urbano</span> <span class='ocrx_word' id='word_1_199' title='bbox 661 2220 841 2299; x_wconf 89' lang='lat' dir='ltr'>(cujusmodi</span> <span class='ocrx_word' id='word_1_200' title='bbox 867 2221 988 2283; x_wconf 92' lang='lat' dir='ltr'>minime</span> <span class='ocrx_word' id='word_1_201' title='bbox 1012 2228 1060 2282; x_wconf 91' lang='lat' dir='ltr'>est</span> <span class='ocrx_word' id='word_1_202' title='bbox 1082 2220 1236 2290; x_wconf 88' lang='lat' dir='ltr'>Ridelius)</span> <span class='ocrx_word' id='word_1_203' title='bbox 1266 2219 1296 2281; x_wconf 94' lang='lat' dir='ltr'>in</span> <span class='ocrx_word' id='word_1_204' title='bbox 1325 2220 1457 2281; x_wconf 88' lang='lat' dir='ltr'>maxima</span> <span class='ocrx_word' id='word_1_205' title='bbox 1484 2219 1532 2281; x_wconf 89' lang='lat' dir='ltr'>hic</span> <span class='ocrx_word' id='word_1_206' title='bbox 1559 2225 1631 2280; x_wconf 89' lang='lat' dir='ltr'>sunt</span> 
     </span>
     <span class='ocr_line' id='line_1_22' title="bbox 286 2307 1631 2390; baseline 0.001 -22"><span class='ocrx_word' id='word_1_207' title='bbox 286 2308 502 2377; x_wconf 87' lang='lat' dir='ltr'>sollicitudine,</span> <span class='ocrx_word' id='word_1_208' title='bbox 527 2310 595 2390; x_wconf 92' lang='lat' dir='ltr'>quid</span> <span class='ocrx_word' id='word_1_209' title='bbox 620 2309 656 2370; x_wconf 92' lang='lat' dir='ltr'>de</span> <span class='ocrx_word' id='word_1_210' title='bbox 679 2310 736 2371; x_wconf 88' lang='lat' dir='ltr'>hac</span> <span class='ocrx_word' id='word_1_211' title='bbox 759 2308 872 2371; x_wconf 89' lang='lat' dir='ltr'>lubrica</span> <span class='ocrx_word' id='word_1_212' title='bbox 893 2308 1082 2372; x_wconf 87' lang='lat' dir='ltr'>institutione</span> <span class='ocrx_word' id='word_1_213' title='bbox 1105 2311 1234 2372; x_wconf 78' lang='lat' dir='ltr'>futurum</span> <span class='ocrx_word' id='word_1_214' title='bbox 1252 2309 1302 2371; x_wconf 90' lang='lat' dir='ltr'>sit.</span> <span class='ocrx_word' id='word_1_215' title='bbox 1348 2307 1437 2381; x_wconf 79' lang='lat' dir='ltr'>Quod</span> <span class='ocrx_word' id='word_1_216' title='bbox 1460 2308 1487 2370; x_wconf 89' lang='lat' dir='ltr'>si</span> <span class='ocrx_word' id='word_1_217' title='bbox 1510 2308 1631 2389; x_wconf 82' lang='lat' dir='ltr'>gravior</span> 
     </span>
     <span class='ocr_line' id='line_1_23' title="bbox 285 2397 1630 2478; baseline -0.001 -18"><span class='ocrx_word' id='word_1_218' title='bbox 285 2397 386 2478; x_wconf 91' lang='lat' dir='ltr'>aliqua</span> <span class='ocrx_word' id='word_1_219' title='bbox 409 2398 532 2478; x_wconf 89' lang='lat' dir='ltr'>querela</span> <span class='ocrx_word' id='word_1_220' title='bbox 553 2404 606 2459; x_wconf 93' lang='lat' dir='ltr'>aut</span> <span class='ocrx_word' id='word_1_221' title='bbox 628 2398 665 2459; x_wconf 95' lang='lat' dir='ltr'>de</span> <span class='ocrx_word' id='word_1_222' title='bbox 687 2406 881 2477; x_wconf 87' lang='lat' dir='ltr'>praeceptore</span> <span class='ocrx_word' id='word_1_223' title='bbox 912 2398 975 2478; x_wconf 90' lang='lat' dir='ltr'>(qui</span> <span class='ocrx_word' id='word_1_224' title='bbox 998 2397 1118 2460; x_wconf 88' lang='lat' dir='ltr'>minime</span> <span class='ocrx_word' id='word_1_225' title='bbox 1146 2399 1217 2460; x_wconf 91' lang='lat' dir='ltr'>mihi</span> <span class='ocrx_word' id='word_1_226' title='bbox 1245 2407 1334 2478; x_wconf 89' lang='lat' dir='ltr'>aptus</span> <span class='ocrx_word' id='word_1_227' title='bbox 1356 2399 1475 2460; x_wconf 85' lang='lat' dir='ltr'>videtur</span> <span class='ocrx_word' id='word_1_228' title='bbox 1504 2398 1544 2459; x_wconf 89' lang='lat' dir='ltr'>ad</span> <span class='ocrx_word' id='word_1_229' title='bbox 1573 2398 1630 2459; x_wconf 88' lang='lat' dir='ltr'>huc</span> 
     </span>
     <span class='ocr_line' id='line_1_24' title="bbox 284 2486 1631 2568; baseline 0 -21"><span class='ocrx_word' id='word_1_230' title='bbox 284 2486 427 2561; x_wconf 84' lang='lat' dir='ltr'>officium)</span> <span class='ocrx_word' id='word_1_231' title='bbox 451 2492 504 2549; x_wconf 90' lang='lat' dir='ltr'>aut</span> <span class='ocrx_word' id='word_1_232' title='bbox 527 2487 564 2548; x_wconf 93' lang='lat' dir='ltr'>ds</span> <span class='ocrx_word' id='word_1_233' title='bbox 586 2487 714 2568; x_wconf 91' lang='lat' dir='ltr'>hospitis</span> <span class='ocrx_word' id='word_1_234' title='bbox 731 2487 849 2549; x_wconf 90' lang='lat' dir='ltr'>Hetleri</span> <span class='ocrx_word' id='word_1_235' title='bbox 871 2487 1037 2549; x_wconf 86' lang='lat' dir='ltr'>tenacitate</span> <span class='ocrx_word' id='word_1_236' title='bbox 1057 2487 1150 2567; x_wconf 92' lang='lat' dir='ltr'>(quod</span> <span class='ocrx_word' id='word_1_237' title='bbox 1172 2490 1287 2559; x_wconf 89' lang='lat' dir='ltr'>metuo)</span> <span class='ocrx_word' id='word_1_238' title='bbox 1310 2488 1441 2549; x_wconf 86' lang='lat' dir='ltr'>existat:</span> <span class='ocrx_word' id='word_1_239' title='bbox 1467 2495 1566 2549; x_wconf 88' lang='lat' dir='ltr'>actum</span> <span class='ocrx_word' id='word_1_240' title='bbox 1580 2493 1631 2547; x_wconf 91' lang='lat' dir='ltr'>est</span> 
     </span>
    </p>
   </div>
   <div class='ocr_carea' id='block_1_5' title="bbox 187 2572 1628 2656">
    <p class='ocr_par' dir='ltr' id='par_1_5' title="bbox 187 2572 1628 2656">
     <span class='ocr_line' id='line_1_25' title="bbox 187 2572 1628 2656; baseline -0.001 -19"><span class='ocrx_word' id='word_1_241' title='bbox 187 2640 190 2651; x_wconf 67' lang='grc'><em>,</em></span> <span class='ocrx_word' id='word_1_242' title='bbox 283 2575 330 2637; x_wconf 94' lang='lat' dir='ltr'>hic</span> <span class='ocrx_word' id='word_1_243' title='bbox 354 2574 391 2636; x_wconf 90' lang='lat' dir='ltr'>de</span> <span class='ocrx_word' id='word_1_244' title='bbox 415 2576 495 2637; x_wconf 82' lang='lat' dir='ltr'>sama</span> <span class='ocrx_word' id='word_1_245' title='bbox 517 2576 699 2638; x_wconf 88' lang='lat' dir='ltr'>academiae.</span> <span class='ocrx_word' id='word_1_246' title='bbox 746 2572 876 2646; x_wconf 81' lang='lat' dir='ltr'>Quidam</span> <span class='ocrx_word' id='word_1_247' title='bbox 899 2576 976 2637; x_wconf 88' lang='lat' dir='ltr'>euim</span> <span class='ocrx_word' id='word_1_248' title='bbox 999 2591 1153 2654; x_wconf 87' lang='lat' dir='ltr'>procerum</span> <span class='ocrx_word' id='word_1_249' title='bbox 1172 2576 1239 2638; x_wconf 89' lang='lat' dir='ltr'>odio</span> <span class='ocrx_word' id='word_1_250' title='bbox 1259 2574 1425 2639; x_wconf 90' lang='lat' dir='ltr'>Suevorum</span> <span class='ocrx_word' id='word_1_251' title='bbox 1445 2575 1628 2656; x_wconf 84' lang='lat' dir='ltr'>quorundam</span> 
     </span>
    </p>
   </div>
   <div class='ocr_carea' id='block_1_6' title="bbox 283 2660 1630 3013">
    <p class='ocr_par' dir='ltr' id='par_1_6' title="bbox 283 2660 1630 3013">
     <span class='ocr_line' id='line_1_26' title="bbox 283 2660 1629 2745; baseline 0.002 -21"><span class='ocrx_word' id='word_1_252' title='bbox 283 2664 321 2725; x_wconf 92' lang='lat' dir='ltr'>de</span> <span class='ocrx_word' id='word_1_253' title='bbox 343 2663 411 2743; x_wconf 92' lang='lat' dir='ltr'>ipsa</span> <span class='ocrx_word' id='word_1_254' title='bbox 433 2665 526 2726; x_wconf 91' lang='lat' dir='ltr'>etiam</span> <span class='ocrx_word' id='word_1_255' title='bbox 549 2664 705 2727; x_wconf 89' lang='lat' dir='ltr'>academia</span> <span class='ocrx_word' id='word_1_256' title='bbox 727 2682 785 2726; x_wconf 92' lang='lat' dir='ltr'>uon</span> <span class='ocrx_word' id='word_1_257' title='bbox 808 2665 883 2727; x_wconf 90' lang='lat' dir='ltr'>bene</span> <span class='ocrx_word' id='word_1_258' title='bbox 907 2660 1050 2727; x_wconf 86' lang='lat' dir='ltr'>sentiunt.</span> <span class='ocrx_word' id='word_1_259' title='bbox 1101 2662 1189 2736; x_wconf 84' lang='lat' dir='ltr'>Quod</span> <span class='ocrx_word' id='word_1_260' title='bbox 1218 2665 1244 2727; x_wconf 87' lang='lat' dir='ltr'>si</span> <span class='ocrx_word' id='word_1_261' title='bbox 1272 2673 1305 2727; x_wconf 93' lang='lat' dir='ltr'>tu</span> <span class='ocrx_word' id='word_1_262' title='bbox 1335 2683 1507 2745; x_wconf 87' lang='lat' dir='ltr'>quacunque</span> <span class='ocrx_word' id='word_1_263' title='bbox 1537 2664 1567 2725; x_wconf 92' lang='lat' dir='ltr'>in</span> <span class='ocrx_word' id='word_1_264' title='bbox 1595 2683 1629 2727; x_wconf 89' lang='lat' dir='ltr'>re</span> 
     </span>
     <span class='ocr_line' id='line_1_27' title="bbox 283 2753 1630 2834; baseline 0.002 -23"><span class='ocrx_word' id='word_1_265' title='bbox 283 2753 331 2814; x_wconf 90' lang='lat' dir='ltr'>vel</span> <span class='ocrx_word' id='word_1_266' title='bbox 352 2761 577 2832; x_wconf 89' lang='lat' dir='ltr'>praeceptorem</span> <span class='ocrx_word' id='word_1_267' title='bbox 603 2753 798 2827; x_wconf 87' lang='lat' dir='ltr'>admonendo,</span> <span class='ocrx_word' id='word_1_268' title='bbox 821 2755 869 2816; x_wconf 89' lang='lat' dir='ltr'>vel</span> <span class='ocrx_word' id='word_1_269' title='bbox 892 2754 981 2816; x_wconf 80' lang='lat' dir='ltr'>aliter</span> <span class='ocrx_word' id='word_1_270' title='bbox 1002 2762 1157 2833; x_wconf 88' lang='lat' dir='ltr'>praestare</span> <span class='ocrx_word' id='word_1_271' title='bbox 1181 2754 1250 2834; x_wconf 90' lang='lat' dir='ltr'>quid</span> <span class='ocrx_word' id='word_1_272' title='bbox 1270 2761 1373 2834; x_wconf 89' lang='lat' dir='ltr'>potes:</span> <span class='ocrx_word' id='word_1_273' title='bbox 1398 2754 1428 2815; x_wconf 96' lang='lat' dir='ltr'>id</span> <span class='ocrx_word' id='word_1_274' title='bbox 1442 2772 1527 2815; x_wconf 90' lang='lat' dir='ltr'>omne</span> <span class='ocrx_word' id='word_1_275' title='bbox 1542 2753 1630 2815; x_wconf 89' lang='lat' dir='ltr'>cedet</span> 
     </span>
     <span class='ocr_line' id='line_1_28' title="bbox 286 2841 1629 2923; baseline 0.001 -21"><span class='ocrx_word' id='word_1_276' title='bbox 286 2841 315 2902; x_wconf 90' lang='lat' dir='ltr'>in</span> <span class='ocrx_word' id='word_1_277' title='bbox 338 2841 479 2904; x_wconf 85' lang='lat' dir='ltr'>honorem</span> <span class='ocrx_word' id='word_1_278' title='bbox 502 2842 683 2905; x_wconf 89' lang='lat' dir='ltr'>academiae.</span> <span class='ocrx_word' id='word_1_279' title='bbox 729 2842 830 2904; x_wconf 82' lang='lat' dir='ltr'>Velim</span> <span class='ocrx_word' id='word_1_280' title='bbox 850 2862 886 2905; x_wconf 88' lang='lat' dir='ltr'>ex</span> <span class='ocrx_word' id='word_1_281' title='bbox 901 2842 1038 2922; x_wconf 78' lang='lat' dir='ltr'>Zieglero</span> <span class='ocrx_word' id='word_1_282' title='bbox 1056 2843 1159 2922; x_wconf 88' lang='lat' dir='ltr'>capiat</span> <span class='ocrx_word' id='word_1_283' title='bbox 1179 2844 1278 2905; x_wconf 90' lang='lat' dir='ltr'>ideam</span> <span class='ocrx_word' id='word_1_284' title='bbox 1296 2843 1501 2923; x_wconf 89' lang='lat' dir='ltr'>praeceptoris</span> <span class='ocrx_word' id='word_1_285' title='bbox 1523 2841 1629 2922; x_wconf 88' lang='lat' dir='ltr'>hujus-</span> 
     </span>
     <span class='ocr_line' id='line_1_29' title="bbox 288 2929 1629 3013; baseline 0.001 -22"><span class='ocrx_word' id='word_1_286' title='bbox 288 2929 375 2992; x_wconf 90' lang='lat' dir='ltr'>modi.</span> <span class='ocrx_word' id='word_1_287' title='bbox 422 2929 520 2992; x_wconf 89' lang='lat' dir='ltr'>Venio</span> <span class='ocrx_word' id='word_1_288' title='bbox 551 2931 642 3013; x_wconf 83' lang='lat' dir='ltr'>igitur</span> <span class='ocrx_word' id='word_1_289' title='bbox 669 2930 707 2992; x_wconf 88' lang='lat' dir='ltr'>ad</span> <span class='ocrx_word' id='word_1_290' title='bbox 730 2941 920 3011; x_wconf 85' lang='lat' dir='ltr'>praesentem</span> <span class='ocrx_word' id='word_1_291' title='bbox 943 2932 1128 2998; x_wconf 87' lang='lat' dir='ltr'>studiosum:</span> <span class='ocrx_word' id='word_1_292' title='bbox 1152 2933 1201 3012; x_wconf 91' lang='lat' dir='ltr'>qui</span> <span class='ocrx_word' id='word_1_293' title='bbox 1222 2932 1270 2993; x_wconf 93' lang='lat' dir='ltr'>hic</span> <span class='ocrx_word' id='word_1_294' title='bbox 1290 2932 1414 2994; x_wconf 88' lang='lat' dir='ltr'>honeste</span> <span class='ocrx_word' id='word_1_295' title='bbox 1438 2931 1523 3006; x_wconf 77' lang='lat' dir='ltr'>vixit,</span> <span class='ocrx_word' id='word_1_296' title='bbox 1548 2940 1580 2992; x_wconf 83' lang='lat' dir='ltr'>ct</span> <span class='ocrx_word' id='word_1_297' title='bbox 1597 2931 1629 2992; x_wconf 90' lang='lat' dir='ltr'>iu</span> 
     </span>
    </p>
   </div>
   <div class='ocr_carea' id='block_1_7' title="bbox 178 3018 1630 3102">
    <p class='ocr_par' dir='ltr' id='par_1_7' title="bbox 178 3018 1630 3102">
     <span class='ocr_line' id='line_1_30' title="bbox 178 3018 1630 3102; baseline 0 -22"><span class='ocrx_word' id='word_1_298' title='bbox 178 3048 183 3059; x_wconf 85' lang='lat'>·</span> <span class='ocrx_word' id='word_1_299' title='bbox 288 3018 439 3082; x_wconf 83' lang='lat' dir='ltr'>exercitiis</span> <span class='ocrx_word' id='word_1_300' title='bbox 462 3020 667 3093; x_wconf 86' lang='lat' dir='ltr'>scholasticis,</span> <span class='ocrx_word' id='word_1_301' title='bbox 690 3022 867 3101; x_wconf 88' lang='lat' dir='ltr'>pracsertim</span> <span class='ocrx_word' id='word_1_302' title='bbox 890 3019 1156 3083; x_wconf 88' lang='lat' dir='ltr'>declamationibus</span> <span class='ocrx_word' id='word_1_303' title='bbox 1177 3021 1304 3100; x_wconf 89' lang='lat' dir='ltr'>poeticis</span> <span class='ocrx_word' id='word_1_304' title='bbox 1328 3022 1442 3102; x_wconf 87' lang='lat' dir='ltr'>aliquot</span> <span class='ocrx_word' id='word_1_305' title='bbox 1465 3020 1630 3100; x_wconf 88' lang='lat' dir='ltr'>specimina</span> 
     </span>
    </p>
   </div>
   <div class='ocr_carea' id='block_1_8' title="bbox 283 3106 1629 4880">
    <p class='ocr_par' dir='ltr' id='par_1_8' title="bbox 283 3106 1629 4880">
     <span class='ocr_line' id='line_1_31' title="bbox 288 3106 1628 3190; baseline 0.001 -21"><span class='ocrx_word' id='word_1_306' title='bbox 288 3107 391 3170; x_wconf 91' lang='lat' dir='ltr'>edidit.</span> <span class='ocrx_word' id='word_1_307' title='bbox 438 3106 514 3171; x_wconf 79' lang='lat' dir='ltr'>Cum</span> <span class='ocrx_word' id='word_1_308' title='bbox 535 3109 627 3190; x_wconf 82' lang='lat' dir='ltr'>igitur</span> <span class='ocrx_word' id='word_1_309' title='bbox 649 3110 687 3170; x_wconf 90' lang='lat' dir='ltr'>ad</span> <span class='ocrx_word' id='word_1_310' title='bbox 710 3128 765 3171; x_wconf 83' lang='lat' dir='ltr'>vos</span> <span class='ocrx_word' id='word_1_311' title='bbox 788 3112 923 3185; x_wconf 87' lang='lat' dir='ltr'>accedat,</span> <span class='ocrx_word' id='word_1_312' title='bbox 948 3117 1089 3189; x_wconf 90' lang='lat' dir='ltr'>capturus</span> <span class='ocrx_word' id='word_1_313' title='bbox 1112 3108 1276 3171; x_wconf 89' lang='lat' dir='ltr'>uberiorem</span> <span class='ocrx_word' id='word_1_314' title='bbox 1296 3109 1423 3190; x_wconf 88' lang='lat' dir='ltr'>aliquem</span> <span class='ocrx_word' id='word_1_315' title='bbox 1437 3109 1547 3189; x_wconf 79' lang='lat' dir='ltr'>ingenii</span> <span class='ocrx_word' id='word_1_316' title='bbox 1561 3109 1628 3170; x_wconf 91' lang='lat' dir='ltr'>cul·</span> 
     </span>
     <span class='ocr_line' id='line_1_32' title="bbox 286 3197 1628 3278; baseline -0.001 -19"><span class='ocrx_word' id='word_1_317' title='bbox 286 3203 365 3271; x_wconf 79' lang='lat' dir='ltr'>tum3</span> <span class='ocrx_word' id='word_1_318' title='bbox 396 3198 534 3260; x_wconf 76' lang='lat' dir='ltr'>exisdmo</span> <span class='ocrx_word' id='word_1_319' title='bbox 561 3217 619 3259; x_wconf 90' lang='lat' dir='ltr'>nou</span> <span class='ocrx_word' id='word_1_320' title='bbox 645 3198 797 3278; x_wconf 80' lang='lat' dir='ltr'>indignum</span> <span class='ocrx_word' id='word_1_321' title='bbox 824 3218 910 3266; x_wconf 90' lang='lat' dir='ltr'>esse,</span> <span class='ocrx_word' id='word_1_322' title='bbox 944 3200 993 3278; x_wconf 90' lang='lat' dir='ltr'>qui</span> <span class='ocrx_word' id='word_1_323' title='bbox 1021 3204 1072 3258; x_wconf 90' lang='lat' dir='ltr'>tuo</span> <span class='ocrx_word' id='word_1_324' title='bbox 1102 3199 1203 3260; x_wconf 84' lang='lat' dir='ltr'>favore</span> <span class='ocrx_word' id='word_1_325' title='bbox 1226 3198 1256 3259; x_wconf 90' lang='lat' dir='ltr'>iu</span> <span class='ocrx_word' id='word_1_326' title='bbox 1279 3197 1514 3278; x_wconf 89' lang='lat' dir='ltr'>promotionibus</span> <span class='ocrx_word' id='word_1_327' title='bbox 1537 3206 1628 3277; x_wconf 90' lang='lat' dir='ltr'>atque</span> 
     </span>
     <span class='ocr_line' id='line_1_33' title="bbox 286 3283 1629 3367; baseline 0.001 -21"><span class='ocrx_word' id='word_1_328' title='bbox 286 3285 451 3366; x_wconf 89' lang='lat' dir='ltr'>ubicunque</span> <span class='ocrx_word' id='word_1_329' title='bbox 466 3286 537 3349; x_wconf 90' lang='lat' dir='ltr'>alibi</span> <span class='ocrx_word' id='word_1_330' title='bbox 552 3287 733 3349; x_wconf 88' lang='lat' dir='ltr'>sublevetur.</span> <span class='ocrx_word' id='word_1_331' title='bbox 780 3287 841 3348; x_wconf 89' lang='lat' dir='ltr'>Sed</span> <span class='ocrx_word' id='word_1_332' title='bbox 864 3287 902 3348; x_wconf 90' lang='lat' dir='ltr'>ad</span> <span class='ocrx_word' id='word_1_333' title='bbox 924 3304 998 3348; x_wconf 90' lang='lat' dir='ltr'>rem.</span> <span class='ocrx_word' id='word_1_334' title='bbox 1045 3283 1191 3348; x_wconf 82' lang='lat' dir='ltr'>Secundis</span> <span class='ocrx_word' id='word_1_335' title='bbox 1206 3287 1302 3349; x_wconf 89' lang='lat' dir='ltr'>literis</span> <span class='ocrx_word' id='word_1_336' title='bbox 1317 3288 1447 3367; x_wconf 89' lang='lat' dir='ltr'>promisi,</span> <span class='ocrx_word' id='word_1_337' title='bbox 1472 3306 1518 3348; x_wconf 92' lang='lat' dir='ltr'>me</span> <span class='ocrx_word' id='word_1_338' title='bbox 1532 3286 1629 3367; x_wconf 75' lang='lat' dir='ltr'>pmma</span> 
     </span>
     <span class='ocr_line' id='line_1_34' title="bbox 287 3373 1628 3454; baseline 0.001 -19"><span class='ocrx_word' id='word_1_339' title='bbox 287 3375 445 3437; x_wconf 89' lang='lat' dir='ltr'>occasione</span> <span class='ocrx_word' id='word_1_340' title='bbox 476 3375 634 3438; x_wconf 87' lang='lat' dir='ltr'>missurum</span> <span class='ocrx_word' id='word_1_341' title='bbox 656 3375 837 3454; x_wconf 74' lang='lat' dir='ltr'>integrum</span> <span class='ocrx_word' id='word_1_342' title='bbox 860 3373 1077 3454; x_wconf 90' lang='lat' dir='ltr'>opusculum.</span> <span class='ocrx_word' id='word_1_343' title='bbox 1122 3374 1216 3454; x_wconf 88' lang='lat' dir='ltr'>Atqui</span> <span class='ocrx_word' id='word_1_344' title='bbox 1242 3377 1368 3438; x_wconf 90' lang='lat' dir='ltr'>necdum</span> <span class='ocrx_word' id='word_1_345' title='bbox 1396 3376 1469 3438; x_wconf 93' lang='lat' dir='ltr'>illud</span> <span class='ocrx_word' id='word_1_346' title='bbox 1494 3375 1628 3449; x_wconf 80' lang='lat' dir='ltr'>absolvi3</span> 
     </span>
     <span class='ocr_line' id='line_1_35' title="bbox 286 3463 1629 3544; baseline 0 -19"><span class='ocrx_word' id='word_1_347' title='bbox 286 3464 402 3526; x_wconf 88' lang='lat' dir='ltr'>videbis</span> <span class='ocrx_word' id='word_1_348' title='bbox 426 3464 504 3527; x_wconf 90' lang='lat' dir='ltr'>euim</span> <span class='ocrx_word' id='word_1_349' title='bbox 524 3464 576 3526; x_wconf 91' lang='lat' dir='ltr'>ubi</span> <span class='ocrx_word' id='word_1_350' title='bbox 598 3464 753 3525; x_wconf 88' lang='lat' dir='ltr'>haeream:</span> <span class='ocrx_word' id='word_1_351' title='bbox 781 3471 814 3525; x_wconf 92' lang='lat' dir='ltr'>et</span> <span class='ocrx_word' id='word_1_352' title='bbox 843 3463 1013 3543; x_wconf 87' lang='lat' dir='ltr'>insperatus</span> <span class='ocrx_word' id='word_1_353' title='bbox 1039 3463 1132 3544; x_wconf 90' lang='lat' dir='ltr'>ipsius</span> <span class='ocrx_word' id='word_1_354' title='bbox 1154 3464 1269 3526; x_wconf 85' lang='lat' dir='ltr'>Wurzii</span> <span class='ocrx_word' id='word_1_355' title='bbox 1298 3465 1398 3528; x_wconf 88' lang='lat' dir='ltr'>abitus</span> <span class='ocrx_word' id='word_1_356' title='bbox 1424 3473 1559 3544; x_wconf 85' lang='lat' dir='ltr'>ternpore</span> <span class='ocrx_word' id='word_1_357' title='bbox 1581 3483 1629 3525; x_wconf 90' lang='lat' dir='ltr'>me</span> 
     </span>
     <span class='ocr_line' id='line_1_36' title="bbox 284 3552 1627 3635; baseline 0 -22"><span class='ocrx_word' id='word_1_358' title='bbox 284 3552 431 3628; x_wconf 79' lang='lat' dir='ltr'>excludit,</span> <span class='ocrx_word' id='word_1_359' title='bbox 466 3553 636 3635; x_wconf 88' lang='lat' dir='ltr'>quominus,</span> <span class='ocrx_word' id='word_1_360' title='bbox 667 3571 743 3633; x_wconf 89' lang='lat' dir='ltr'>qnae</span> <span class='ocrx_word' id='word_1_361' title='bbox 773 3553 891 3632; x_wconf 90' lang='lat' dir='ltr'>scripsi,</span> <span class='ocrx_word' id='word_1_362' title='bbox 922 3552 1074 3631; x_wconf 88' lang='lat' dir='ltr'>descripta</span> <span class='ocrx_word' id='word_1_363' title='bbox 1096 3555 1135 3614; x_wconf 90' lang='lat' dir='ltr'>ad</span> <span class='ocrx_word' id='word_1_364' title='bbox 1157 3561 1188 3615; x_wconf 89' lang='lat' dir='ltr'>te</span> <span class='ocrx_word' id='word_1_365' title='bbox 1212 3554 1332 3616; x_wconf 88' lang='lat' dir='ltr'>mittere</span> <span class='ocrx_word' id='word_1_366' title='bbox 1350 3554 1472 3635; x_wconf 86' lang='lat' dir='ltr'>possim.</span> <span class='ocrx_word' id='word_1_367' title='bbox 1519 3552 1627 3616; x_wconf 87' lang='lat' dir='ltr'>Sumes</span> 
     </span>
     <span class='ocr_line' id='line_1_37' title="bbox 286 3640 1627 3725; baseline 0.001 -23"><span class='ocrx_word' id='word_1_368' title='bbox 286 3642 375 3721; x_wconf 77' lang='lat' dir='ltr'>igitur</span> <span class='ocrx_word' id='word_1_369' title='bbox 398 3661 508 3713; x_wconf 90' lang='lat' dir='ltr'>eorum,</span> <span class='ocrx_word' id='word_1_370' title='bbox 533 3662 608 3724; x_wconf 91' lang='lat' dir='ltr'>quae</span> <span class='ocrx_word' id='word_1_371' title='bbox 631 3640 836 3721; x_wconf 71' lang='grc' dir='ltr'>ἀγιωμιιρητα</span> <span class='ocrx_word' id='word_1_372' title='bbox 858 3648 937 3712; x_wconf 89' lang='lat' dir='ltr'>sunt,</span> <span class='ocrx_word' id='word_1_373' title='bbox 960 3641 1081 3703; x_wconf 89' lang='lat' dir='ltr'>brevem</span> <span class='ocrx_word' id='word_1_374' title='bbox 1105 3660 1259 3704; x_wconf 85' lang='lat' dir='ltr'>summam.</span> <span class='ocrx_word' id='word_1_375' title='bbox 1304 3642 1395 3705; x_wconf 90' lang='lat' dir='ltr'>Initio</span> <span class='ocrx_word' id='word_1_376' title='bbox 1419 3644 1534 3725; x_wconf 90' lang='lat' dir='ltr'>aliquot</span> <span class='ocrx_word' id='word_1_377' title='bbox 1557 3643 1627 3704; x_wconf 91' lang='lat' dir='ltr'>the-</span> 
     </span>
     <span class='ocr_line' id='line_1_38' title="bbox 286 3729 1627 3811; baseline 0 -19"><span class='ocrx_word' id='word_1_378' title='bbox 286 3730 367 3792; x_wconf 84' lang='lat' dir='ltr'>sibus</span> <span class='ocrx_word' id='word_1_379' title='bbox 391 3731 427 3793; x_wconf 90' lang='lat' dir='ltr'>de</span> <span class='ocrx_word' id='word_1_380' title='bbox 451 3729 553 3807; x_wconf 75' lang='lat' dir='ltr'>Sacris</span> <span class='ocrx_word' id='word_1_381' title='bbox 577 3731 671 3793; x_wconf 89' lang='lat' dir='ltr'>literis</span> <span class='ocrx_word' id='word_1_382' title='bbox 696 3750 769 3811; x_wconf 83' lang='lat' dir='ltr'>ago:</span> <span class='ocrx_word' id='word_1_383' title='bbox 794 3737 826 3792; x_wconf 93' lang='lat' dir='ltr'>et</span> <span class='ocrx_word' id='word_1_384' title='bbox 848 3731 1030 3803; x_wconf 90' lang='lat' dir='ltr'>demonstro,</span> <span class='ocrx_word' id='word_1_385' title='bbox 1054 3731 1198 3811; x_wconf 91' lang='lat' dir='ltr'>quomodo</span> <span class='ocrx_word' id='word_1_386' title='bbox 1223 3732 1310 3793; x_wconf 85' lang='lat' dir='ltr'>simul</span> <span class='ocrx_word' id='word_1_387' title='bbox 1329 3738 1361 3793; x_wconf 89' lang='lat' dir='ltr'>et</span> <span class='ocrx_word' id='word_1_388' title='bbox 1374 3732 1435 3794; x_wconf 90' lang='lat' dir='ltr'>illis</span> <span class='ocrx_word' id='word_1_389' title='bbox 1449 3753 1504 3795; x_wconf 90' lang='lat' dir='ltr'>sua</span> <span class='ocrx_word' id='word_1_390' title='bbox 1517 3732 1627 3794; x_wconf 90' lang='lat' dir='ltr'>autbo-</span> 
     </span>
     <span class='ocr_line' id='line_1_39' title="bbox 286 3817 1627 3905; baseline 0 -25"><span class='ocrx_word' id='word_1_391' title='bbox 286 3819 360 3881; x_wconf 90' lang='lat' dir='ltr'>ritas</span> <span class='ocrx_word' id='word_1_392' title='bbox 384 3828 511 3894; x_wconf 87' lang='lat' dir='ltr'>constet,</span> <span class='ocrx_word' id='word_1_393' title='bbox 536 3828 690 3881; x_wconf 87' lang='lat' dir='ltr'>ettamen</span> <span class='ocrx_word' id='word_1_394' title='bbox 714 3817 906 3900; x_wconf 86' lang='lat' dir='ltr'>Copernicus,</span> <span class='ocrx_word' id='word_1_395' title='bbox 930 3819 957 3881; x_wconf 88' lang='lat' dir='ltr'>si</span> <span class='ocrx_word' id='word_1_396' title='bbox 981 3819 1069 3881; x_wconf 88' lang='lat' dir='ltr'>aliter</span> <span class='ocrx_word' id='word_1_397' title='bbox 1092 3828 1293 3882; x_wconf 89' lang='lat' dir='ltr'>consentanea</span> <span class='ocrx_word' id='word_1_398' title='bbox 1317 3822 1407 3894; x_wconf 90' lang='lat' dir='ltr'>dicat,</span> <span class='ocrx_word' id='word_1_399' title='bbox 1432 3841 1470 3905; x_wconf 78' lang='lat' dir='ltr'>ex</span> <span class='ocrx_word' id='word_1_400' title='bbox 1493 3821 1554 3883; x_wconf 92' lang='lat' dir='ltr'>illis</span> <span class='ocrx_word' id='word_1_401' title='bbox 1577 3838 1627 3881; x_wconf 91' lang='lat' dir='ltr'>rs-</span> 
     </span>
     <span class='ocr_line' id='line_1_40' title="bbox 285 3907 1627 3991; baseline 0.001 -22"><span class='ocrx_word' id='word_1_402' title='bbox 285 3907 375 3970; x_wconf 85' lang='lat' dir='ltr'>futari</span> <span class='ocrx_word' id='word_1_403' title='bbox 397 3926 456 3970; x_wconf 87' lang='lat' dir='ltr'>unu</span> <span class='ocrx_word' id='word_1_404' title='bbox 478 3909 585 3988; x_wconf 90' lang='lat' dir='ltr'>possit.</span> <span class='ocrx_word' id='word_1_405' title='bbox 631 3908 748 3970; x_wconf 90' lang='lat' dir='ltr'>Deinde</span> <span class='ocrx_word' id='word_1_406' title='bbox 771 3919 834 3971; x_wconf 91' lang='lat' dir='ltr'>tres</span> <span class='ocrx_word' id='word_1_407' title='bbox 858 3910 949 3970; x_wconf 81' lang='lat' dir='ltr'>affero</span> <span class='ocrx_word' id='word_1_408' title='bbox 973 3909 1116 3982; x_wconf 89' lang='lat' dir='ltr'>rationes,</span> <span class='ocrx_word' id='word_1_409' title='bbox 1140 3908 1244 3989; x_wconf 92' lang='lat' dir='ltr'>quibus</span> <span class='ocrx_word' id='word_1_410' title='bbox 1264 3919 1362 3972; x_wconf 87' lang='lat' dir='ltr'>motus</span> <span class='ocrx_word' id='word_1_411' title='bbox 1378 3929 1495 3991; x_wconf 88' lang='lat' dir='ltr'>semper</span> <span class='ocrx_word' id='word_1_412' title='bbox 1510 3908 1627 3989; x_wconf 86' lang='lat' dir='ltr'>Cuper-</span> 
     </span>
     <span class='ocr_line' id='line_1_41' title="bbox 284 3996 1627 4082; baseline 0.001 -24"><span class='ocrx_word' id='word_1_413' title='bbox 284 3996 351 4059; x_wconf 90' lang='lat' dir='ltr'>nicu</span> <span class='ocrx_word' id='word_1_414' title='bbox 374 3998 569 4061; x_wconf 87' lang='lat' dir='ltr'>adhaeserim.</span> <span class='ocrx_word' id='word_1_415' title='bbox 614 3997 717 4060; x_wconf 91' lang='lat' dir='ltr'>Prima</span> <span class='ocrx_word' id='word_1_416' title='bbox 744 4007 792 4060; x_wconf 90' lang='lat' dir='ltr'>est</span> <span class='ocrx_word' id='word_1_417' title='bbox 819 3997 1038 4060; x_wconf 86' lang='lat' dir='ltr'>astronomica:</span> <span class='ocrx_word' id='word_1_418' title='bbox 1069 3996 1119 4060; x_wconf 91' lang='lat' dir='ltr'>uhi</span> <span class='ocrx_word' id='word_1_419' title='bbox 1142 3997 1202 4058; x_wconf 92' lang='lat' dir='ltr'>illis</span> <span class='ocrx_word' id='word_1_420' title='bbox 1225 3999 1409 4082; x_wconf 88' lang='lat' dir='ltr'>respondeo,</span> <span class='ocrx_word' id='word_1_421' title='bbox 1442 4000 1491 4080; x_wconf 91' lang='lat' dir='ltr'>qni</span> <span class='ocrx_word' id='word_1_422' title='bbox 1515 3999 1627 4072; x_wconf 90' lang='lat' dir='ltr'>dicunt,</span> 
     </span>
     <span class='ocr_line' id='line_1_42' title="bbox 285 4086 1627 4167; baseline 0.002 -21"><span class='ocrx_word' id='word_1_423' title='bbox 285 4104 322 4147; x_wconf 88' lang='lat' dir='ltr'>ex</span> <span class='ocrx_word' id='word_1_424' title='bbox 346 4087 423 4149; x_wconf 81' lang='lat' dir='ltr'>falso</span> <span class='ocrx_word' id='word_1_425' title='bbox 445 4087 593 4150; x_wconf 88' lang='lat' dir='ltr'>interdum</span> <span class='ocrx_word' id='word_1_426' title='bbox 615 4086 700 4167; x_wconf 90' lang='lat' dir='ltr'>sequi</span> <span class='ocrx_word' id='word_1_427' title='bbox 722 4104 839 4149; x_wconf 86' lang='lat' dir='ltr'>verum:</span> <span class='ocrx_word' id='word_1_428' title='bbox 864 4086 954 4165; x_wconf 82' lang='lat' dir='ltr'>igitur</span> <span class='ocrx_word' id='word_1_429' title='bbox 976 4086 1039 4148; x_wconf 87' lang='lat' dir='ltr'>deri</span> <span class='ocrx_word' id='word_1_430' title='bbox 1063 4104 1162 4165; x_wconf 89' lang='lat' dir='ltr'>posse,</span> <span class='ocrx_word' id='word_1_431' title='bbox 1185 4094 1220 4148; x_wconf 92' lang='lat' dir='ltr'>ut</span> <span class='ocrx_word' id='word_1_432' title='bbox 1243 4086 1426 4167; x_wconf 83' lang='lat' dir='ltr'>Ooperuicus</span> <span class='ocrx_word' id='word_1_433' title='bbox 1450 4089 1557 4151; x_wconf 84' lang='lat' dir='ltr'>falsum</span> <span class='ocrx_word' id='word_1_434' title='bbox 1570 4105 1627 4167; x_wconf 88' lang='lat' dir='ltr'>po-</span> 
     </span>
     <span class='ocr_line' id='line_1_43' title="bbox 284 4174 1627 4257; baseline 0.001 -21"><span class='ocrx_word' id='word_1_435' title='bbox 284 4182 350 4252; x_wconf 90' lang='lat' dir='ltr'>nat,</span> <span class='ocrx_word' id='word_1_436' title='bbox 381 4176 438 4238; x_wconf 93' lang='lat' dir='ltr'>etsi</span> <span class='ocrx_word' id='word_1_437' title='bbox 463 4196 499 4238; x_wconf 81' lang='lat' dir='ltr'>ex</span> <span class='ocrx_word' id='word_1_438' title='bbox 521 4176 573 4238; x_wconf 94' lang='lat' dir='ltr'>illo</span> <span class='ocrx_word' id='word_1_439' title='bbox 596 4194 698 4239; x_wconf 86' lang='lat' dir='ltr'>verum</span> <span class='ocrx_word' id='word_1_440' title='bbox 720 4175 917 4255; x_wconf 86' lang='lat' dir='ltr'>pulcherrime</span> <span class='ocrx_word' id='word_1_441' title='bbox 941 4174 1136 4237; x_wconf 86' lang='lat' dir='ltr'>demonstret.</span> <span class='ocrx_word' id='word_1_442' title='bbox 1182 4175 1247 4256; x_wconf 81' lang='lat' dir='ltr'>Ego</span> <span class='ocrx_word' id='word_1_443' title='bbox 1272 4177 1394 4257; x_wconf 81' lang='lat' dir='ltr'>negavi,</span> <span class='ocrx_word' id='word_1_444' title='bbox 1419 4178 1475 4240; x_wconf 93' lang='lat' dir='ltr'>hoc</span> <span class='ocrx_word' id='word_1_445' title='bbox 1499 4177 1543 4239; x_wconf 90' lang='lat' dir='ltr'>ita</span> <span class='ocrx_word' id='word_1_446' title='bbox 1564 4174 1627 4239; x_wconf 84' lang='lat' dir='ltr'>deri</span> 
     </span>
     <span class='ocr_line' id='line_1_44' title="bbox 284 4263 1625 4347; baseline 0.001 -21"><span class='ocrx_word' id='word_1_447' title='bbox 284 4283 383 4344; x_wconf 90' lang='lat' dir='ltr'>posse.</span> <span class='ocrx_word' id='word_1_448' title='bbox 430 4265 537 4328; x_wconf 88' lang='lat' dir='ltr'>Altera</span> <span class='ocrx_word' id='word_1_449' title='bbox 559 4273 608 4327; x_wconf 92' lang='lat' dir='ltr'>est</span> <span class='ocrx_word' id='word_1_450' title='bbox 627 4265 761 4347; x_wconf 88' lang='lat' dir='ltr'>physica,</span> <span class='ocrx_word' id='word_1_451' title='bbox 786 4263 836 4326; x_wconf 94' lang='lat' dir='ltr'>ubi</span> <span class='ocrx_word' id='word_1_452' title='bbox 857 4264 1010 4343; x_wconf 86' lang='lat' dir='ltr'>promitto,</span> <span class='ocrx_word' id='word_1_453' title='bbox 1033 4282 1079 4325; x_wconf 91' lang='lat' dir='ltr'>me</span> <span class='ocrx_word' id='word_1_454' title='bbox 1103 4271 1198 4325; x_wconf 88' lang='lat' dir='ltr'>totam</span> <span class='ocrx_word' id='word_1_455' title='bbox 1217 4267 1324 4327; x_wconf 89' lang='lat' dir='ltr'>molem</span> <span class='ocrx_word' id='word_1_456' title='bbox 1339 4266 1548 4346; x_wconf 87' lang='lat' dir='ltr'>hypothesium</span> <span class='ocrx_word' id='word_1_457' title='bbox 1563 4263 1625 4329; x_wconf 83' lang='lat' dir='ltr'>Oo-</span> 
     </span>
     <span class='ocr_line' id='line_1_45' title="bbox 283 4353 1627 4433; baseline -0.001 -17"><span class='ocrx_word' id='word_1_458' title='bbox 283 4355 509 4433; x_wconf 85' lang='lat' dir='ltr'>peruioauarum</span> <span class='ocrx_word' id='word_1_459' title='bbox 531 4373 569 4415; x_wconf 86' lang='lat' dir='ltr'>ex</span> <span class='ocrx_word' id='word_1_460' title='bbox 591 4362 716 4416; x_wconf 87' lang='lat' dir='ltr'>naturae</span> <span class='ocrx_word' id='word_1_461' title='bbox 739 4353 870 4415; x_wconf 82' lang='lat' dir='ltr'>fontibus</span> <span class='ocrx_word' id='word_1_462' title='bbox 894 4353 981 4430; x_wconf 81' lang='lat' dir='ltr'>louge</span> <span class='ocrx_word' id='word_1_463' title='bbox 1005 4354 1116 4415; x_wconf 87' lang='lat' dir='ltr'>rectius</span> <span class='ocrx_word' id='word_1_464' title='bbox 1139 4361 1229 4433; x_wconf 91' lang='lat' dir='ltr'>atque</span> <span class='ocrx_word' id='word_1_465' title='bbox 1257 4357 1452 4429; x_wconf 89' lang='lat' dir='ltr'>contrarium,</span> <span class='ocrx_word' id='word_1_466' title='bbox 1483 4356 1627 4419; x_wconf 86' lang='lat' dir='ltr'>defensu-</span> 
     </span>
     <span class='ocr_line' id='line_1_46' title="bbox 285 4438 1625 4525; baseline 0.001 -21"><span class='ocrx_word' id='word_1_467' title='bbox 285 4461 357 4506; x_wconf 91' lang='lat' dir='ltr'>rum.</span> <span class='ocrx_word' id='word_1_468' title='bbox 403 4444 507 4506; x_wconf 87' lang='lat' dir='ltr'>Tertia</span> <span class='ocrx_word' id='word_1_469' title='bbox 529 4451 578 4504; x_wconf 93' lang='lat' dir='ltr'>est</span> <span class='ocrx_word' id='word_1_470' title='bbox 598 4451 668 4505; x_wconf 92' lang='lat' dir='ltr'>tuus</span> <span class='ocrx_word' id='word_1_471' title='bbox 689 4443 741 4505; x_wconf 91' lang='lat' dir='ltr'>ille</span> <span class='ocrx_word' id='word_1_472' title='bbox 765 4448 883 4503; x_wconf 90' lang='lat' dir='ltr'>cometa</span> <span class='ocrx_word' id='word_1_473' title='bbox 897 4442 1054 4503; x_wconf 85' lang='lat' dir='ltr'>Venereus</span> <span class='ocrx_word' id='word_1_474' title='bbox 1067 4438 1102 4512; x_wconf 78' lang='lat'>³).</span> <span class='ocrx_word' id='word_1_475' title='bbox 1148 4442 1205 4503; x_wconf 89' lang='lat' dir='ltr'>His</span> <span class='ocrx_word' id='word_1_476' title='bbox 1227 4443 1401 4524; x_wconf 87' lang='lat' dir='ltr'>praemissis</span> <span class='ocrx_word' id='word_1_477' title='bbox 1424 4445 1462 4505; x_wconf 88' lang='lat' dir='ltr'>ad</span> <span class='ocrx_word' id='word_1_478' title='bbox 1477 4445 1543 4525; x_wconf 88' lang='lat' dir='ltr'>ipsa</span> <span class='ocrx_word' id='word_1_479' title='bbox 1556 4463 1625 4506; x_wconf 89' lang='lat' dir='ltr'>cor-</span> 
     </span>
     <span class='ocr_line' id='line_1_47' title="bbox 284 4529 1627 4613; baseline 0.002 -22"><span class='ocrx_word' id='word_1_480' title='bbox 284 4549 357 4610; x_wconf 89' lang='lat' dir='ltr'>pora</span> <span class='ocrx_word' id='word_1_481' title='bbox 380 4532 499 4594; x_wconf 88' lang='lat' dir='ltr'>accedo.</span> <span class='ocrx_word' id='word_1_482' title='bbox 547 4530 719 4613; x_wconf 81' lang='lat' dir='ltr'>Syllugismi</span> <span class='ocrx_word' id='word_1_483' title='bbox 743 4531 891 4612; x_wconf 81' lang='lat' dir='ltr'>generalis</span> <span class='ocrx_word' id='word_1_484' title='bbox 915 4531 995 4592; x_wconf 89' lang='lat' dir='ltr'>idem</span> <span class='ocrx_word' id='word_1_485' title='bbox 1024 4529 1141 4611; x_wconf 91' lang='lat' dir='ltr'>quidem</span> <span class='ocrx_word' id='word_1_486' title='bbox 1167 4531 1329 4606; x_wconf 89' lang='lat' dir='ltr'>intentum,</span> <span class='ocrx_word' id='word_1_487' title='bbox 1363 4534 1417 4595; x_wconf 89' lang='lat' dir='ltr'>sed</span> <span class='ocrx_word' id='word_1_488' title='bbox 1446 4534 1536 4613; x_wconf 88' lang='lat' dir='ltr'>paulo</span> <span class='ocrx_word' id='word_1_489' title='bbox 1565 4532 1627 4595; x_wconf 87' lang='lat' dir='ltr'>alia</span> 
     </span>
     <span class='ocr_line' id='line_1_48' title="bbox 289 4619 1623 4702; baseline 0.004 -23"><span class='ocrx_word' id='word_1_490' title='bbox 289 4620 389 4696; x_wconf 89' lang='lat' dir='ltr'>verba,</span> <span class='ocrx_word' id='word_1_491' title='bbox 415 4640 502 4702; x_wconf 90' lang='lat' dir='ltr'>quam</span> <span class='ocrx_word' id='word_1_492' title='bbox 519 4621 585 4701; x_wconf 89' lang='lat' dir='ltr'>jam</span> <span class='ocrx_word' id='word_1_493' title='bbox 607 4620 699 4700; x_wconf 81' lang='lat' dir='ltr'>leges.</span> <span class='ocrx_word' id='word_1_494' title='bbox 746 4619 901 4694; x_wconf 91' lang='lat' dir='ltr'>Videmus,</span> <span class='ocrx_word' id='word_1_495' title='bbox 924 4620 1022 4681; x_wconf 89' lang='lat' dir='ltr'>Deum</span> <span class='ocrx_word' id='word_1_496' title='bbox 1044 4638 1163 4681; x_wconf 88' lang='lat' dir='ltr'>creasse</span> <span class='ocrx_word' id='word_1_497' title='bbox 1186 4639 1311 4701; x_wconf 89' lang='lat' dir='ltr'>corpora</span> <span class='ocrx_word' id='word_1_498' title='bbox 1333 4623 1481 4684; x_wconf 89' lang='lat' dir='ltr'>mundana</span> <span class='ocrx_word' id='word_1_499' title='bbox 1504 4623 1542 4683; x_wconf 93' lang='lat' dir='ltr'>ad</span> <span class='ocrx_word' id='word_1_500' title='bbox 1556 4641 1623 4686; x_wconf 84' lang='lat' dir='ltr'>esr-</span> 
     </span>
     <span class='ocr_line' id='line_1_49' title="bbox 284 4708 1626 4792; baseline 0.001 -20"><span class='ocrx_word' id='word_1_501' title='bbox 284 4718 347 4772; x_wconf 90' lang='lat' dir='ltr'>tum</span> <span class='ocrx_word' id='word_1_502' title='bbox 369 4728 530 4773; x_wconf 88' lang='lat' dir='ltr'>numerum.</span> <span class='ocrx_word' id='word_1_503' title='bbox 576 4709 723 4773; x_wconf 87' lang='lat' dir='ltr'>Numerus</span> <span class='ocrx_word' id='word_1_504' title='bbox 751 4717 851 4772; x_wconf 81' lang='lat' dir='ltr'>autem</span> <span class='ocrx_word' id='word_1_505' title='bbox 881 4718 929 4769; x_wconf 92' lang='lat' dir='ltr'>est</span> <span class='ocrx_word' id='word_1_506' title='bbox 956 4708 1134 4788; x_wconf 89' lang='lat' dir='ltr'>quantitatis</span> <span class='ocrx_word' id='word_1_507' title='bbox 1158 4708 1312 4784; x_wconf 88' lang='lat' dir='ltr'>accidens,</span> <span class='ocrx_word' id='word_1_508' title='bbox 1344 4712 1626 4792; x_wconf 71' lang='lat' dir='ltr'>numerusjiuquam</span> 
     </span>
     <span class='ocr_line' id='line_1_50' title="bbox 285 4797 1625 4880; baseline 0.001 -20"><span class='ocrx_word' id='word_1_509' title='bbox 285 4799 315 4861; x_wconf 93' lang='lat' dir='ltr'>in</span> <span class='ocrx_word' id='word_1_510' title='bbox 339 4799 457 4861; x_wconf 89' lang='lat' dir='ltr'>mundo.</span> <span class='ocrx_word' id='word_1_511' title='bbox 502 4798 582 4860; x_wconf 89' lang='lat' dir='ltr'>Nam</span> <span class='ocrx_word' id='word_1_512' title='bbox 604 4807 675 4859; x_wconf 89' lang='lat' dir='ltr'>aute</span> <span class='ocrx_word' id='word_1_513' title='bbox 698 4798 838 4860; x_wconf 90' lang='lat' dir='ltr'>muudum</span> <span class='ocrx_word' id='word_1_514' title='bbox 860 4797 957 4860; x_wconf 91' lang='lat' dir='ltr'>nullus</span> <span class='ocrx_word' id='word_1_515' title='bbox 980 4806 1198 4859; x_wconf 91' lang='lat' dir='ltr'>eratnumerus</span> <span class='ocrx_word' id='word_1_516' title='bbox 1212 4808 1333 4876; x_wconf 89' lang='lat' dir='ltr'>praeter</span> <span class='ocrx_word' id='word_1_517' title='bbox 1347 4800 1522 4875; x_wconf 87' lang='lat' dir='ltr'>trinitatem,</span> <span class='ocrx_word' id='word_1_518' title='bbox 1548 4820 1625 4880; x_wconf 88' lang='lat' dir='ltr'>quae</span> 
     </span>
    </p>
   </div>
   <div class='ocr_carea' id='block_1_9' title="bbox 286 4884 1673 4970">
    <p class='ocr_par' dir='ltr' id='par_1_9' title="bbox 286 4884 1673 4970">
     <span class='ocr_line' id='line_1_51' title="bbox 286 4884 1673 4970; baseline 0.001 -19"><span class='ocrx_word' id='word_1_519' title='bbox 286 4895 334 4951; x_wconf 86' lang='lat' dir='ltr'>est</span> <span class='ocrx_word' id='word_1_520' title='bbox 354 4887 419 4970; x_wconf 89' lang='lat' dir='ltr'>ipse</span> <span class='ocrx_word' id='word_1_521' title='bbox 442 4886 535 4951; x_wconf 88' lang='lat' dir='ltr'>Deus.</span> <span class='ocrx_word' id='word_1_522' title='bbox 582 4884 683 4958; x_wconf 77' lang='lat' dir='ltr'>Quare</span> <span class='ocrx_word' id='word_1_523' title='bbox 715 4886 742 4948; x_wconf 89' lang='lat' dir='ltr'>si</span> <span class='ocrx_word' id='word_1_524' title='bbox 773 4886 812 4948; x_wconf 92' lang='lat' dir='ltr'>ad</span> <span class='ocrx_word' id='word_1_525' title='bbox 840 4904 1026 4953; x_wconf 87' lang='lat' dir='ltr'>numerorum</span> <span class='ocrx_word' id='word_1_526' title='bbox 1053 4904 1220 4951; x_wconf 84' lang='lat' dir='ltr'>mensuram</span> <span class='ocrx_word' id='word_1_527' title='bbox 1247 4901 1296 4951; x_wconf 88' lang='lat' dir='ltr'>est</span> <span class='ocrx_word' id='word_1_528' title='bbox 1322 4889 1460 4955; x_wconf 89' lang='lat' dir='ltr'>conditus</span> <span class='ocrx_word' id='word_1_529' title='bbox 1490 4890 1624 4964; x_wconf 83' lang='lat' dir='ltr'>mundus,</span> <span class='ocrx_word' id='word_1_530' title='bbox 1669 4886 1673 4901; x_wconf 92' lang='lat'>&#39;</span> 
     </span>
    </p>
   </div>
   <div class='ocr_carea' id='block_1_10' title="bbox 0 0 1810 5634">
    <p class='ocr_par' dir='ltr' id='par_1_10' title="bbox 0 0 1810 5634">
     <span class='ocr_line' id='line_1_52' title="bbox 0 0 1810 5634; baseline 0 4"><span class='ocrx_word' id='word_1_531' title='bbox 0 0 1810 5634; x_wconf 95' lang='lat' dir='ltr'> </span> 
     </span>
    </p>
   </div>
  </div>
 </body>
</html>
