3609 5634
702 371 1052 451 ΝΜ·
1471 369 1622 467 ιλ

22 478 24 523 ³
132 516 1493 599 mamaeammmmaugamasssmsaavtmmnnaqmnsoa

130 596 203 646 'usit
221 597 284 648 clim
305 601 343 651 ab
363 605 415 668 ipso
434 604 600 668 conscriptus,
620 611 767 670 antequam,
786 620 849 670 qnae
866 607 988 670 penitiora
1004 605 1076 669 hnlus
1095 606 1213 655 scientiae
1231 611 1303 661 suut,
1326 604 1421 669 plenius
1439 621 1492 669 per-

21 718 22 727 .
129 675 261 719 »emtam
279 670 381 724 luerat
417 675 453 725 At
470 676 534 740 quod
551 676 648 734 scribis,
666 682 692 726 te
709 692 791 727 meum
809 677 944 728 auditorem
962 692 1016 728 esse
1034 676 1109 732 velle,
1126 677 1153 727 id
1170 677 1283 732 obsecro.
1306 676 1418 728 disertius
1435 677 1494 727 mibi

21 756 22 765 ¹
130 739 257 805 ΨΜ
279 742 368 796 davus
386 748 453 797 enirn
470 761 532 797 suen.
569 744 639 808 (Vid.
657 747 768 799 Hansclr.
785 764 809 814 p.
830 746 868 811 d.)

200 812 342 878 Raptam
360 817 585 883 haemmi&

743 942 776 1007 S.
800 944 835 1006 P.
859 944 899 1007 D.

222 1063 361 1129 Litcras
375 1075 453 1140 tuas,
470 1065 644 1131 Clarissima
657 1067 783 1131 Domine
797 1068 989 1150 Praeceptor,
1004 1063 1025 1130 4
1039 1068 1110 1130 Feb.
1126 1068 1265 1147 scriptas,
1280 1065 1312 1132 4.
1327 1063 1366 1131 14
1381 1068 1495 1148 Aprilis

129 1152 241 1237 accepi
266 1161 304 1217 et
331 1156 370 1218 ad
394 1175 447 1219 eas
469 1175 523 1236 per
543 1156 792 1221 Dmdschccbinm
814 1157 970 1238 respondi,
998 1164 1157 1237 propterea
1180 1157 1256 1238 quod
1280 1158 1494 1219 humanitatem

129 1249 217 1305 tuam
242 1244 524 1308 intricataemeae
546 1264 651 1309 manns
674 1245 802 1309 lectione
825 1246 984 1309 liberatam
998 1245 1151 1308 volebam:
1175 1246 1309 1327 qnodque
1327 1245 1400 1309 nibil
1420 1256 1498 1316 erat,

130 1331 214 1411 quod
240 1335 415 1397 tacendum
438 1342 529 1397 esset
574 1335 653 1398 Nam
676 1354 752 1415 qnae
775 1336 889 1415 etjam
914 1340 977 1398 tum
999 1334 1047 1397 hic
1070 1334 1263 1414 gerebantur,
1292 1342 1324 1397 et
1350 1336 1495 1398 hactenns

128 1419 222 1499 plura
247 1423 443 1494 acciderunt,
467 1442 542 1504 quae
565 1424 760 1487 mutationem
782 1432 882 1487 status
905 1424 962 1487 mei
985 1429 1133 1503 spectant,
1158 1423 1264 1505 quibus
1286 1423 1377 1487 etiam
1400 1443 1495 1504 erpe-

130 1508 260 1573 dieudis
286 1518 343 1575 tuo
366 1511 438 1575 milri
461 1512 584 1575 consilio
607 1531 681 1593 opus
709 1521 775 1576 est:
805 1513 859 1577 illa
885 1513 984 1576 omnia
1006 1513 1044 1574 Ι).
1069 1513 1108 1575 Ι).
1133 1512 1262 1593 Papio,
1293 1513 1402 1576 fautori
1429 1532 1495 1575 meo

132 1597 293 1679 singulari
327 1620 429 1664 coram
458 1601 593 1664 recensui
620 1609 652 1665 et
679 1604 749 1683 quia
775 1603 825 1666 ille
854 1603 954 1667 omnia
976 1602 1040 1683 jam
1068 1601 1183 1681 pridem
1211 1601 1328 1664 sciebat
1355 1621 1402 1664 me
1430 1603 1495 1683 ipso

131 1687 227 1767 longe
253 1690 383 1765 metius,
406 1703 495 1771 atque
519 1691 594 1753 adeo
617 1691 728 1755 certius
750 1694 861 1755 referre
884 1693 940 1756 tibi
962 1699 1099 1754 oretenus
1117 1698 1229 1771 potest,
1254 1710 1342 1771 qnam
1363 1709 1420 1772 ego
1442 1710 1496 1773 per

133 1776 269 1840 literam
304 1779 372 1841 ideo
396 1778 492 1861 ipsum
515 1779 731 1843 officiosissime
754 1781 850 1857 oravi,
879 1803 916 1843 ne
940 1780 1025 1855 mihi,
1054 1780 1103 1842 ubi
1125 1781 1165 1843 Η.
1176 1780 1271 1843 Tuam
1293 1781 1494 1855 convenisset,

133 1865 194 1929 bac
219 1886 325 1947 opera
348 1868 477 1932 deesset.
523 1866 583 1941 Qui
606 1889 663 1932 non
686 1871 782 1933 solum
804 1871 834 1935 id
857 1889 890 1933 se
919 1871 1065 1933 iacturum
1091 1870 1218 1951 recepit,
1249 1871 1304 1933 sed
1331 1870 1423 1935 etiam
1449 1889 1496 1931 me

133 1957 308 2035 praesenti
331 1964 363 2019 et
384 1959 509 2021 salutsui
533 1958 658 2021 consilio
685 1959 846 2022 instruxit:
880 1960 956 2022 adeo
985 1965 1020 2020 nt
1046 1958 1119 2021 nihil
1145 1965 1258 2033 restet,
1292 1978 1380 2040 quarn
1401 1966 1435 2022 nt
1456 1959 1496 2022 Η.

135 2044 239 2108 Tuam
254 2047 405 2126 majorem
420 2046 448 2109 in
463 2047 581 2111 modurn
596 2066 706 2127 rogem,
730 2069 767 2111 ne
781 2049 958 2129 dedignetur
970 2048 1000 2110 in
1020 2048 1077 2110 mei
1095 2049 1225 2129 gratim
1245 2048 1283 2110 ab
1302 2048 1353 2110 illo
1372 2048 1495 2121 discere,

134 2151 217 2214 quae
232 2153 289 2198 me
307 2154 417 2199 musae
432 2143 582 2210 mereant,
607 2138 762 2217 quominus
781 2138 948 2201 existimem
971 2137 1042 2199 mihi
1066 2137 1176 2201 diutius
1201 2143 1290 2219 atque
1313 2137 1343 2199 in
1367 2157 1495 2218 sequen-

135 2230 202 2285 tem
223 2244 341 2288 annum
355 2221 397 2291 96
418 2225 468 2289 bic
486 2227 745 2289 commorandum:
775 2227 881 2289 deinde
904 2245 974 2289 vero
997 2227 1152 2307 perpensis
1175 2227 1212 2289 iis
1235 2227 1335 2289 causis
1358 2246 1405 2290 me
1428 2245 1496 2289 cer-

135 2313 254 2377 tiorem
270 2315 391 2386 reddat,
413 2314 483 2396 qnid
503 2315 752 2378 consultissimum
773 2315 936 2379 existimet.
972 2314 1104 2396 Cumque
1118 2316 1209 2378 nolim
1221 2315 1378 2398 quicquam
1392 2322 1497 2378 contra

138 2401 364 2484 obligationem
386 2423 483 2466 meam
505 2404 621 2466 iacere:
651 2404 725 2467 illud
747 2405 839 2468 etiam
860 2405 939 2467 scire
961 2410 1085 2485 expeto,
1110 2405 1329 2467 consulendaoe
1352 2403 1393 2467 sit
1415 2404 1498 2467 curia

137 2489 226 2571 prius
252 2499 346 2572 atque
373 2493 441 2555 binc
464 2512 511 2555 me
534 2493 685 2556 conferam
707 2493 858 2557 aliorsum.
902 2494 997 2556 Putat
1019 2492 1097 2554 enirn
1119 2492 1158 2555 D.
1183 2493 1308 2574 Papius,
1338 2512 1427 2574 posse
1450 2511 1496 2555 me

138 2580 278 2644 honesto
293 2581 413 2657 salario,
437 2598 503 2644 cnm
526 2582 625 2662 aliquo
647 2582 791 2664 discipulo
809 2584 839 2645 in
859 2582 989 2662 aliquam
1003 2580 1188 2644 academiam
1207 2582 1368 2645 discedere.
1400 2581 1496 2643 Deni-

142 2688 202 2751 que
228 2671 260 2734 si
283 2689 356 2750 opus
379 2671 491 2734 habeat
512 2671 551 2732 H.
577 2671 642 2732 Tua
665 2671 837 2734 dilucidiora
864 2671 1081 2750 explicatione,
1110 2680 1200 2751 atque
1228 2671 1259 2732 id
1286 2671 1357 2732 mihi
1380 2670 1496 2751 signiti-

141 2759 267 2822 caverit
289 2759 434 2833 (fortasse
457 2761 549 2823 etiarn
566 2759 629 2821 sine
648 2759 719 2833 hcc)
742 2780 798 2842 ego
821 2760 936 2841 prolixe
959 2759 1098 2822 scribam.
1135 2760 1273 2823 Nondum
1297 2779 1379 2837 sane,
1401 2760 1496 2822 Prae-

143 2855 256 2928 ceptor
269 2848 559 2922 benevolentissime,
585 2856 703 2930 tempns
722 2857 778 2925 est,
802 2858 836 2911 ut
854 2868 983 2912 messem
1001 2856 1118 2911 tuorum
1140 2848 1348 2912 beneficiorum
1370 2868 1408 2911 ex
1429 2868 1497 2912 mea

145 2937 336 3017 gratitudine
367 2937 502 3018 colligas.
550 2936 650 3009 Quare
679 2939 755 3001 hanc
781 2957 870 3019 porro
897 2945 1061 3000 sementem
1090 2937 1190 3000 facere
1218 2957 1255 3000 nc
1285 2938 1408 3018 pigeat:
1440 2938 1495 2999 bac

145 3034 235 3090 certa
253 3045 317 3106 spe,
343 3028 404 3089 iore
423 3036 458 3090 ut
471 3027 617 3090 cumulate
633 3026 791 3109 aliqnando
810 3027 1018 3108 respondeam,
1040 3045 1106 3088 cnm
1120 3027 1204 3089 Dens
1226 3027 1297 3091 mibi
1322 3026 1495 3091 facultatem

146 3133 203 3194 pre
223 3135 281 3179 sua
295 3115 454 3178 clementia
467 3116 594 3195 largitus
609 3116 706 3179 luerit
740 3116 801 3180 Sed
824 3135 881 3179 non
905 3117 991 3196 plura
1014 3115 1160 3189 addo„nt
1180 3117 1228 3178 vel
1251 3117 1344 3178 semel
1366 3115 1498 3179 breviter

149 3204 300 3278 scribam,
329 3223 384 3266 nec
411 3213 442 3267 te
470 3212 503 3267 et
527 3212 580 3267 tua
607 3206 729 3285 negotia
750 3205 870 3268 nimium
892 3204 1072 3285 perturbem.
1118 3204 1183 3267 Deo
1207 3224 1261 3267 vos
1288 3224 1390 3268 omnes
1413 3224 1496 3268 ccm-

148 3295 270 3357 mendo.
303 3294 342 3355 H.
358 3293 440 3356 Tuae
462 3293 580 3375 conjugi
602 3290 831 3357 honestissimae
854 3294 1018 3356 officiosam
1041 3293 1168 3359 salutem
1191 3295 1268 3357 dico.
1301 3294 1369 3357 Erit
1391 3294 1442 3357 ubi
1460 3294 1497 3356 ad

148 3381 188 3446 D.
203 3390 433 3464 praeceptorem
448 3380 574 3446 Gellium
589 3382 729 3457 scribam,
752 3384 779 3446 si
798 3383 868 3466 qnid
890 3383 960 3445 novi
983 3382 1058 3445 baec
1077 3392 1179 3446 aestas
1196 3383 1379 3464 produxerit.
1411 3383 1497 3447 Nunc

150 3473 252 3535 omnia
279 3491 379 3535 coram
406 3473 444 3536 D.
473 3472 585 3552 Papius
614 3472 790 3538 recensebit.
841 3471 988 3536 Omnibus
1016 3478 1115 3535 antem
1149 3473 1223 3536 meis
1254 3473 1497 3554 praeceptoribus

151 3560 403 3633 ¹‹officiosissimsm
425 3561 555 3624 salntem
577 3561 653 3624 dico.

241 3650 320 3712 Vale
343 3648 373 3712 7.
402 3648 439 3714 17
462 3640 537 3730 Maji
559 3668 637 3713 anno
655 3646 707 3714 95.
943 3649 981 3711 Η.
1005 3648 1039 3710 Τ.
1065 3648 1269 3712 deditissimus
1292 3649 1455 3732 discipulus

1060 3738 1105 3801 Μ.
1128 3738 1181 3801 Jo.
1204 3737 1334 3822 Kepler.

210 3895 303 3967 *Quem
322 3910 397 3966 supra
408 3897 468 3948 dicit
478 3896 609 3962 Keplerus,
628 3896 738 3947 loannes
751 3895 878 3961 Papius,
897 3897 1032 3947 secundum
1044 3896 1197 3948 Hauschiurn
1215 3897 1263 3948 buc
1280 3912 1357 3963 usque
1375 3899 1497 3963 gymnasii

154 3969 304 4019 muneras
321 3969 422 4019 rectorls
439 3984 540 4019 munere
557 3969 655 4019 iunctus
674 3974 739 4025 erat,
759 3970 813 4031 lam
830 3981 886 4016 rero
905 3966 1044 4033 'l'nblngam
1062 3971 1178 4030 secssdt,
1198 3970 1239 4019 ubi
1257 3970 1389 4019 triennium
1407 3970 1498 4035 exegit,

154 4040 211 4089 inde
230 4038 373 4098 Onoldinm,
395 4047 483 4103 postea
499 4039 689 4106 Regicmcnmnr
711 4045 893 4104 mansgreasur,
917 4039 959 4088 nbi
981 4054 1069 4089 mnnns
1093 4040 1165 4091 aulici
1184 4040 1298 4091 archiami
1317 4046 1344 4090 et
1360 4040 1498 4090 medicinae

154 4111 295 4175 prciersoris
311 4126 356 4175 per
372 4111 519 4162 decennium
535 4112 625 4177 gessit,
651 4124 716 4162 auno
736 4107 804 4160 1822
826 4116 935 4161 mortuns
954 4116 1000 4161 est
1036 4111 1091 4161 Alio
1108 4112 1163 4163 icco
1180 4112 1287 4175 pluribus
1305 4111 1423 4162 dicendos
1441 4112 1496 4161 erit

156 4181 227 4244 Quae
244 4181 378 4245 Keplernrn
396 4196 488 4234 omae
505 4184 636 4243 moverint,
659 4188 689 4233 ut
705 4181 736 4232 de
754 4182 822 4232 abitu
840 4197 854 4232 e
872 4180 958 4245 styria
980 4182 1114 4248 cogitaret.
1137 4183 1217 4233 nubas
1234 4182 1353 4233 habemns
1370 4184 1417 4232 nisi
1436 4182 1497 4232 lcrte

154 4252 220 4304 bunc
236 4254 316 4318 ipsum
332 4252 404 4319 Papii
421 4253 555 4305 discesm
572 4261 599 4305 et
621 4252 767 4305 offensiones
789 4252 910 4319 quasdam
932 4253 958 4303 iu
980 4257 1122 4320 gymnasio,
1147 4268 1208 4319 qaas
1231 4255 1313 4320 tangit
1336 4254 1363 4303 iu
1385 4254 1499 4318 sequenti

224 4394 300 4446 circa
320 4394 368 4446 boe
391 4394 456 4445 idem
480 4401 590 4459 tempus,
615 4409 662 4460 quo
687 4395 777 4458 priores
801 4394 833 4445 ad
854 4393 1014 4449 Maestlinmn
1037 4394 1106 4446 dedit
1127 4393 1225 4452 literas,
1250 4400 1333 4445 menta
1355 4394 1498 4458 concepisse

155 4466 249 4517 ridetur
265 4466 388 4531 lieplerus
405 4466 537 4531 primordia
553 4466 665 4529 Mysterii
688 4468 727 4517 sul
752 4466 945 4533 counogrspbici
970 4463 1059 4530 (comp.
1083 4466 1159 4530 praei.
1177 4465 1279 4530 Kepleri
1302 4471 1446 4530 maerstem
1465 4466 1497 4517 ad

157 4539 260 4603 priorem
276 4534 430 4599 minam).
449 4551 527 4604 W
544 4538 671 4589 nuntiarit
687 4538 819 4589 llaestllno
836 4551 921 4588 mense
938 4537 1011 4598 lulio,
1031 4543 1060 4587 ut
1077 4552 1108 4588 ex
1123 4537 1161 4587 bia
1180 4543 1283 4602 apparet
1299 4536 1383 4588 literis·

752 4695 785 4760 S.
809 4696 844 4760 P.
867 4697 905 4758 D.

245 4821 348 4884 uerna
369 4786 444 4884 ussa
463 4819 591 4901 epistola
613 4818 685 4894 eet,
712 4817 886 4883 clamem.
903 4821 942 4882 n.
956 4820 1150 4901 Praeceptor,
1174 4820 1212 4881 ss
1234 4818 1341 4884 esrem
1358 4822 1494 4886 namna.

158 4909 287 4979 Pdmam
309 4909 377 4973 dedi
399 4908 582 4995 maregard
604 4908 762 4977 tabellario
785 4907 948 4988 scuriae,
972 4909 1027 4983 sub
1044 4909 1138 4992 'finem
1156 4909 1252 4977 nostri
1268 4908 1351 4981 Julii.
1387 4909 1496 4985 Alteri
