3609 5634
702 420 732 470 re
752 420 823 469 nem
841 401 1002 486 namma.
1289 505 1293 516 Ι
1469 427 1533 493 341

169 595 220 637 me
258 596 333 640 uxor
369 578 596 658 importunitate
634 601 703 651 sua,
741 591 787 656 ut,
827 582 905 662 quiav
929 583 1040 645 balnea
1074 585 1189 659 horret,
1227 587 1277 648 vel
1312 589 1437 650 tandem
1474 590 1534 652 ali-

170 667 293 745 qnando
325 687 434 748 corpus
468 670 630 733 abluerem·
677 672 829 733 lmmersit
851 691 898 732 rue
930 672 960 733 iu
990 673 1106 735 labrum
1130 693 1226 754 aquae
1250 676 1325 737 bene
1355 679 1534 752 calefactae,

170 755 221 834 qui
247 757 378 818 calonne
409 759 521 821 afflixit
551 779 655 840 meque
684 761 897 839 coangustavit
925 763 1006 824 circa
1034 763 1219 841 praecordia.
1270 762 1323 827 31.
1353 767 1430 847 Maji
1459 787 1532 847 pur-

170 845 257 922 gavi,
293 865 331 906 ex
364 865 445 908 ruore
478 867 549 910 usus
582 871 796 931 παγχυμαγωγῳ
829 850 897 912 leni.
956 849 984 914 l.
1007 852 1078 914 Jun.
1111 870 1217 914 venam
1246 854 1328 916 secui
1356 856 1464 918 iterum
1495 876 1533 918 ex

170 951 273 1006 ruore,
308 955 365 995 nou
394 945 520 1015 urgente
549 939 670 1013 morbo,
704 959 741 1000 ue
772 939 942 1020 suspicione
972 941 1089 1020 quidem
1115 940 1219 1002 morbi.
1268 944 1370 1022 Atque
1394 945 1451 1007 hoo
1474 963 1532 1007 noo

170 1041 245 1082 sane
279 1043 315 1084 ex
349 1027 536 1107 praescripto
569 1027 770 1106 astrologiae,
808 1037 843 1090 ut
875 1027 963 1089 facile
991 1029 1085 1091 vides.
1129 1030 1248 1092 Minuto
1279 1033 1425 1112 sanguine
1456 1035 1533 1097 bene
1624 1071 1630 1076 ·

171 1110 262 1173 habui
286 1131 340 1193 per
364 1114 453 1175 horas
477 1115 601 1197 aliquot,
627 1135 752 1196 vespere
777 1117 858 1179 facto
882 1117 1012 1180 difficilis
1037 1138 1083 1180 me
1108 1138 1228 1181 somnus
1254 1120 1379 1183 inritum
1403 1123 1432 1183 in
1448 1131 1531 1184 stra-

172 1201 245 1279 gula
269 1203 406 1282 conjecit,
433 1206 611 1282 praecordia
635 1206 921 1285 coangustabautur.
960 1207 1043 1268 Tunc
1067 1228 1110 1268 sc.
1126 1207 1196 1269 bilis
1214 1209 1367 1273 ferebatur
1382 1210 1411 1272 in
1428 1223 1528 1293 caput,

165 1290 258 1368 juxta
282 1292 459 1370 praecordia
482 1295 643 1356 transiens.
694 1293 726 1356 2.
750 1294 819 1357 Jun.
846 1315 903 1357 uon
929 1297 1042 1374 optima
1065 1305 1257 1375 tempestate,
1289 1300 1391 1361 calida
1415 1311 1528 1376 tamen,

173 1379 301 1439 transivi
334 1380 363 1440 in
398 1381 540 1444 minorem
571 1384 693 1458 urbem,
730 1393 761 1444 ut
784 1384 856 1445 mihi
887 1384 994 1445 melius
1019 1391 1102 1445 esset
1133 1395 1216 1447 motu
1241 1406 1305 1449 uso.
1352 1390 1450 1450 Biduo
1476 1390 1531 1451 hoc

171 1466 321 1530 Rhenauo
355 1471 423 1530 vino
455 1490 598 1552 perquam
626 1489 773 1558 generoso
807 1492 889 1534 eram
923 1492 1004 1534 usus.
1064 1471 1124 1534 Sed
1161 1474 1199 1534 ad
1228 1475 1317 1555 hujus
1347 1476 1403 1538 diei
1437 1497 1531 1557 pran-

172 1556 252 1617 dium
272 1558 430 1637 frugaliter
445 1561 524 1622 vixi:
550 1560 631 1625 circa
654 1562 758 1624 horam
782 1582 812 1643 p.
837 1582 876 1623 m.
903 1564 1025 1623 tertiam
1049 1561 1155 1623 horror
1177 1582 1223 1624 me
1248 1565 1369 1643 excepit
1384 1565 1453 1627 dum
1473 1568 1529 1628 do-

171 1664 251 1706 murn
276 1649 441 1720 contendo,
474 1659 506 1709 et
529 1660 562 1711 ut
585 1652 618 1711 tit
642 1651 719 1729 apud
743 1671 789 1713 me
817 1640 857 1712 iu‘
877 1650 1013 1712 omnibns
1044 1650 1193 1726 febribus,
1226 1653 1382 1715 cerebrum
1406 1655 1533 1716 invaluit

173 1753 294 1809 somno,
328 1737 453 1797 dormivi
477 1738 624 1817 inquiete,
655 1747 719 1800 toto
744 1759 818 1818 pene
842 1740 949 1815 biduo,
974 1738 1056 1801 nullo
1081 1759 1152 1801 usus
1176 1741 1257 1809 cibo,
1283 1741 1409 1805 subinde
1433 1745 1543 1806 vomui·
1609 1816 1614 1824 ,

172 1823 264 1884 bilem
288 1825 448 1886 admodum
471 1837 652 1906 corruptam.
697 1828 901 1908 Paroxysmoa
934 1829 1033 1891 nullos
1062 1828 1257 1890 vehementes
1289 1831 1388 1893 habui.
1435 1833 1532 1894 Totus

170 1914 294 1973 morbus
326 1912 355 1973 ia
380 1914 523 1976 effusione
547 1915 616 1977 bilis
640 1917 670 1976 iu
692 1917 888 1978 ventriculum
914 1917 979 1979 fuit.
1027 1917 1138 1979 Triduo
1162 1926 1246 1997 post,
1280 1940 1307 1980 n.
1331 1916 1361 1981 4.
1386 1920 1456 1983 Juu.
1483 1922 1531 1983 in·

172 2001 330 2062 cidit‘uua
352 2022 427 2064 naor
449 2022 516 2065 mea
539 2003 568 2064 in
594 2003 797 2083 quotidianam
813 2005 936 2074 febrem,
960 2014 1047 2067 tauto
1061 2006 1318 2085 periculosiorem,
1345 2010 1423 2089 quod
1447 2018 1530 2072 esset

170 2090 308 2168 gravida.
355 2091 485 2171 Reliqua
506 2091 702 2172 particularia
724 2112 782 2153 non
802 2096 954 2170 annotavi,
979 2093 1036 2156 nisi
1061 2096 1139 2174 quod
1164 2096 1204 2156 ad
1226 2093 1248 2159 6
1273 2098 1356 2164 veli
1381 2100 1529 2178 septima-

172 2200 227 2239 nas
243 2180 434 2242 conflictatus
450 2202 486 2243 ea
501 2202 576 2243 suru.
610 2181 764 2243 Interdum
787 2179 827 2244 10
842 2182 947 2244 diebus
967 2183 1050 2258 liber,
1075 2192 1109 2244 ut
1133 2203 1226 2246 sanus
1250 2186 1403 2262 crederer,
1428 2190 1530 2268 itaque

171 2289 226 2329 usu
238 2270 298 2332 vini
314 2271 352 2331 ad
367 2271 543 2332 vomitiones
557 2270 625 2332 bilis
640 2271 714 2332 redii
730 2271 814 2332 etad
829 2270 968 2332 horrores
978 2273 1040 2347 duc,
1058 2290 1127 2333 cum
1141 2273 1264 2335 duraret
1281 2275 1448 2339 obstructio
1462 2277 1530 2339 alvi.

172 2355 281 2430 Credo,
307 2377 353 2416 me
377 2378 415 2418 ex
438 2378 538 2420 eorum
562 2378 683 2421 uumero
707 2379 785 2434 esse,
811 2360 918 2439 quibus
940 2379 978 2421 ex
1001 2360 1070 2422 bilis
1094 2360 1231 2424 folliculo
1255 2372 1374 2425 meatus
1395 2358 1428 2426 ¹iu
1452 2386 1527 2427 ven·
1633 2429 1638 2444 ‚

171 2444 409 2518 triculuru'abit,
433 2446 481 2525 qui
506 2449 606 2509 solent
629 2468 696 2509 esse
720 2451 882 2530 βραχυβιοι.

243 2551 430 2602 Fabricius:
462 2552 568 2610 Moneo,
597 2559 625 2601 ut
643 2553 774 2617 diligenter
791 2554 900 2617 inquiras
920 2552 1092 2601 universalium
1117 2560 1142 2601 et
1166 2553 1337 2604 diuturnamm
1355 2562 1532 2620 tempestatum

171 2635 277 2680 cauaas;
297 2625 322 2673 iu
340 2625 370 2674 iis
388 2639 477 2698 nempe
496 2625 628 2673 consistere
648 2624 743 2673 ridetur
762 2627 837 2672 totius
855 2623 1045 2688 meteorologiae
1063 2623 1176 2673 scientia

262 2722 462 2802 Keplerns:
502 2720 590 2793 Quod
614 2741 730 2797 moues,
755 2722 841 2784 rides
864 2741 911 2782 me
937 2721 1043 2784 fecisse
1068 2721 1097 2781 in
1120 2721 1307 2800 prognostici
1329 2723 1529 2803 praefatione.

171 2809 217 2870 Tu
233 2810 300 2871 illas
315 2820 421 2873 excute
446 2811 629 2890 diligentius,
654 2812 798 2892 adjuncta
820 2831 887 2873 mea
906 2810 1111 2891 disputatione
1136 2810 1173 2871 de
1188 2811 1420 2890 Meteorologia,
1445 2813 1529 2890 cujus

173 2909 349 2978 argumenta
371 2910 476 2979 patere
501 2900 593 2961 altius
617 2900 646 2962 in
670 2910 755 2962 tuum
778 2901 907 2962 animum
932 2900 1129 2973 descendere,
1155 2908 1189 2961 ut
1212 2919 1249 2961 ea
1272 2899 1393 2980 penitus
1417 2920 1528 2980 appre-

173 2988 297 3063 hendas,
322 3008 380 3050 neu
404 2989 603 3049 transvolent.

243 3094 412 3144 Fabricius
432 3092 486 3155 (ts.
506 3095 564 3144 Jan.
587 3092 682 3155 1605);
710 3093 763 3158 Ego
782 3093 994 3142 altitudinem
1012 3093 1140 3142 nubium
1159 3109 1208 3142 non
1227 3107 1281 3143 raro
1300 3095 1426 3159 indagari,
1447 3102 1473 3144 st
1491 3095 1529 3143 in-

171 3166 229 3212 veni
247 3166 332 3215 diebus
351 3168 451 3215 scaevis
469 3181 519 3215 non
540 3166 606 3215 ultra
632 3163 700 3214 1000
717 3177 812 3228 passus.
850 3163 926 3213 Nulla
950 3164 1028 3212 nubes
1055 3163 1129 3213 altius
1156 3164 1250 3214 dimidii
1274 3166 1386 3215 milliaris
1405 3167 1528 3222 ascendit,
1553 3187 1558 3196 ¹

171 3248 228 3284 cum
247 3241 291 3285 aer
307 3238 344 3286 rel
361 3239 434 3299 juxta
451 3244 496 3286 tus
514 3237 645 3287 ratiocinia
667 3251 717 3286 uon
741 3235 797 3298 plus
819 3236 844 3283 tn
868 3235 947 3284 aluam
964 3236 1111 3299 porrigatur.
1147 3233 1265 3292 Memini,
1288 3252 1328 3288 me
1347 3236 1480 3301 aliquando
1499 3239 1530 3287 de

172 3308 310 3356 nominibus
329 3321 421 3357 arenae
440 3309 574 3357 summitati
594 3307 692 3372 Olympi
710 3307 834 3368 inscriptis
852 3305 941 3371 legisse
960 3304 1005 3356 te.
1043 3304 1138 3370 (Comp.
1161 3305 1300 3370 Opticam.)

243 3378 319 3428 Ratio
339 3379 483 3429 observandi
503 3379 546 3429 alt.
566 3379 667 3429 nubium
686 3379 762 3428 baec:
781 3379 806 3426 in
824 3377 899 3440 plano
919 3383 944 3426 at
963 3377 1038 3427 libero
1058 3377 1111 3426 loco
1130 3383 1240 3441 tempore
1258 3379 1369 3429 meridiei
1387 3387 1530 3444 expectetur
1581 3389 1582 3392 ’

172 3449 249 3499 nubes
269 3450 365 3515 aliqua,
390 3464 454 3513 quae
473 3464 520 3499 sua
537 3452 694 3500 extremitate
713 3450 830 3498 verticem
854 3449 1017 3498 observatoris
1037 3450 1153 3512 attingat.
1193 3448 1286 3498 Eodem
1305 3457 1429 3500 momento
1447 3452 1529 3500 obser-

172 3528 256 3578 vetur,
280 3537 406 3586 quousque
431 3522 518 3570 umbra
537 3523 698 3571 extremitatis
717 3523 787 3571 istius
805 3535 888 3568 versus
907 3521 1100 3582 septentrionem
1125 3521 1149 3567 in
1173 3520 1247 3582 plano
1266 3520 1358 3570 Terrae
1377 3522 1529 3584 proficiatur,

115 3618 118 3621 >
171 3594 337 3657 terminusque
356 3598 462 3642 notetur.
501 3591 542 3642 Sic
560 3592 666 3642 habetur
683 3592 832 3655 uiaugnlum
860 3590 1049 3656 rectiangulum,
1078 3593 1149 3652 cujus
1168 3592 1231 3640 alter
1254 3592 1320 3641 latus
1346 3598 1385 3641 est
1411 3592 1532 3642 munna

172 3665 273 3727 cognita
290 3664 400 3714 locorum
418 3671 445 3713 et
462 3664 568 3728 angulus
587 3664 724 3714 altitudinis
743 3662 807 3711 Solis
825 3662 979 3711 meridianae
998 3663 1111 3726 cognitus
1269 3675 1275 3683 ·

259 3753 458 3832 Keplerns:
494 3751 659 3813 confirmas
684 3770 781 3813 meum
803 3750 961 3829 problema
983 3749 1020 3810 de
1042 3749 1203 3812 altitudine
1227 3750 1307 3813 aeris
1323 3750 1529 3830 experimento

173 3841 306 3915 nubium3
341 3851 372 3902 et
395 3842 472 3902 forte
495 3850 527 3902 tu
553 3840 798 3921 probabilitatem
822 3839 917 3899 solam
942 3837 1099 3917 spectasti.
1142 3841 1188 3900 At
1209 3839 1310 3901 beasti
1333 3859 1394 3911 rue,
1425 3842 1528 3904 oFa-
1623 3905 1625 3910 ,

175 3929 257 4005 brici,
282 3930 475 4016 suppeditata
499 3930 756 3993 demonstratione
781 3929 962 3989 necessaria.
1009 3925 1043 3988 Si
1066 3927 1161 3988 nubes
1185 3938 1256 3990 sunt
1274 3930 1429 4008 graviores
1449 3936 1528 4004 atre,
1603 3985 1614 4004 „
1661 3941 1668 3954 ·

173 4037 239 4079 com
262 4020 399 4081 oriantur
426 4039 465 4080 ex
488 4021 596 4096 Terra,
626 4020 789 4082 manebunt
809 4036 900 4097 super
924 4017 1063 4089 Terram,
1089 4022 1122 4076 ut
1147 4018 1287 4094 nebulae,
1322 4020 1529 4079 tantummodo

173 4109 250 4168 mole
275 4128 329 4168 sua
351 4110 441 4186 paulo
465 4110 682 4182 elevabuntur,
718 4117 753 4168 ut
786 4107 919 4169 babeant
951 4106 1082 4184 spatium
1111 4104 1245 4183 justum,
1279 4126 1336 4188 quo
1360 4107 1529 4185 capiantur.

173 4193 225 4256 Sin
252 4202 354 4258 autem
378 4198 547 4260 ascendunt
570 4199 681 4272 nubes,
720 4206 807 4260 eruut
835 4194 1082 4276 levioresqatre,
1117 4205 1149 4254 ut
1177 4196 1203 4257 si
1232 4195 1334 4258 vesica
1363 4194 1469 4257 inflata
1493 4214 1530 4256 ex

172 4285 257 4362 aquis
281 4286 437 4348 ascendat.
484 4287 516 4348 Si
542 4286 670 4348 leviores
694 4293 783 4358 aere,
819 4304 877 4347 uon
901 4291 992 4344 vento
1017 4283 1145 4360 desuper
1168 4283 1357 4346 incumbente
1382 4284 1528 4362 agitatae,

172 4375 337 4436 ascendent
366 4375 459 4454 igitur
483 4394 674 4455 peromnem
706 4375 786 4436 stiria
811 4373 1013 4443 altitudinem,
1047 4379 1080 4432 et
1102 4371 1146 4432 sic
1170 4393 1227 4434 nou
1251 4372 1364 4453 poterit
1386 4380 1438 4435 atr
1462 4393 1528 4434 esse

172 4462 263 4523 altior
284 4464 411 4526 nubibus
435 4466 535 4543 quiete
560 4463 806 4526 consistentibus.
854 4464 934 4525 Nam
957 4460 1050 4523 nubes
1076 4462 1220 4523 estnihil
1244 4462 1300 4524 uisi
1325 4481 1432 4541 rapor3
1467 4462 1527 4523 ita-

171 4569 227 4630 que
251 4569 346 4631 vapor
369 4554 515 4614 densatus
540 4553 568 4613 iu
593 4562 713 4631 guttam
736 4553 841 4613 statim
866 4553 971 4611 iterum
996 4548 1118 4610 decidit.

242 4675 428 4726 sabricius:
453 4677 547 4726 Aeris
567 4676 776 4726 altitudinem
798 4690 847 4724 non
867 4674 956 4736 ubique
975 4672 1081 4722 eandem
1099 4687 1155 4722 esse
1172 4679 1241 4736 puto,
1259 4674 1285 4722 iu
1303 4672 1363 4723 loeis
1381 4674 1529 4736 usmadbus

169 4745 335 4879 humilioreni,
364 4761 438 4812 quam
465 4749 491 4796 iu
518 4746 665 4798 bomalibus.
704 4746 850 4809 (Rationes,
874 4760 937 4809 quas
963 4744 1036 4796 affert
1054 4744 1097 4799 F„
1124 4745 1240 4809 leguntur
1258 4745 1283 4793 iu
1302 4744 1352 4795 hae
1369 4744 1472 4812 Keplari
1489 4761 1527 4797 re-

170 4829 309 4882 monnone.

261 4883 469 5002 Keplerns:
502 4915 697 4982 Australibus
730 4925 762 4981 et
792 4916 925 4982 torridae
959 4925 1058 4980 aerem
1091 4919 1315 4999 profundiorem
1344 4918 1471 4998 probavi
1498 4920 1527 4982 iu
1628 4993 1633 5004 Ι
