3609 5634
302 362 346 431 er
891 361 1054 414 eamus

303 543 419 588 rursum
450 525 557 588 stellae
585 527 616 588 A
637 523 797 586 maximam
826 532 859 584 et
886 522 1039 585 minimam
1062 521 1260 585 altitudinem.
1307 522 1446 584 Necesse
1480 517 1590 598 igitur
1615 512 1686 588 t'nit,

39 585 44 596 ⁸
86 671 89 680 .
182 679 186 682 ,
302 615 331 676 in
356 613 485 676 maxima
508 613 664 677 altitudine
687 612 843 693 provenire
867 630 970 675 arcum
992 612 1059 685 AB,
1084 612 1133 692 qui
1156 612 1254 692 major
1274 609 1367 673 debet
1384 629 1461 673 esse
1485 622 1588 688 quam
1611 602 1687 678 ΑΚ,

302 702 329 764 si
352 721 422 764 vere
446 703 610 782 amplitudo
634 703 714 764 orbis
737 700 855 764 ELDM
878 711 927 763 est
958 700 1109 763 sensibilis
1141 702 1218 763 inter
1248 701 1334 762 tiras.
1386 696 1535 763 Callatis
1570 693 1687 755 obser-

303 791 472 854 vationibus
495 791 728 871 deprehendisse
750 790 871 866 videor,
897 790 975 870 quod
999 790 1167 852 differentis
1189 808 1324 865 arcuum,
1349 808 1426 870 qnae
1455 793 1513 850 est
1539 783 1615 858 KB,
1643 780 1688 843 sit

303 877 344 944 33
375 886 436 943 t'ere
466 881 668 960 scrupulorum
700 900 719 941 a
746 874 786 942 4⁰
802 878 890 956 lad
913 874 1011 953 ΡΘ,
1041 880 1236 960 quadrantem
1265 878 1377 941 circuli.
1424 875 1528 941 Unde
1562 889 1686 952 seque·

303 979 397 1045 retnr,
425 970 645 1051 proportionem
678 968 753 1031 coeli
776 969 930 1032 terrestris
957 968 1021 1029 sive
1045 969 1110 1049 ejus
1133 968 1269 1031 dimnetri
1297 967 1337 1029 ad
1366 968 1568 1030 diametrum
1599 962 1684 1022 fixa-

304 1078 368 1122 rum
397 1079 464 1121 esse
497 1068 530 1120 ut
556 1058 642 1121 unius
665 1058 705 1121 ad
731 1054 802 1122 100.
850 1057 912 1122 Sed
934 1057 1076 1134 videor,
1113 1057 1250 1137 iuquam,
1283 1055 1543 1138 deprehendisse.
1596 1050 1684 1115 Nam

302 1148 468 1229 hujusmodi
492 1148 676 1218 observatio,
699 1166 754 1228 per
776 1150 975 1211 instrumenta
997 1167 1054 1209 non
1078 1147 1242 1228 exquisita,
1269 1148 1384 1210 lubrica
1405 1153 1468 1209 est.

380 1289 411 1340 In
436 1291 546 1355 margine
574 1291 626 1355 ipse
649 1296 755 1340 annotat
781 1288 920 1352 Keplerus:
955 1289 1092 1352 tamenim
1118 1287 1155 1338 bia
1178 1289 1236 1352 ipsis
1266 1287 1351 1339 diebus
1385 1287 1525 1339 observavi
1560 1281 1684 1347 eiusdem
1792 1343 1793 1348 Ἰ

303 1360 390 1411 atellae
407 1360 570 1412 bumilitatem
587 1361 760 1420 meridianam,
780 1368 856 1411 noctu
872 1360 897 1410 ln
918 1358 967 1418 12,
995 1374 1060 1425 quae
1077 1359 1205 1409 ridebatur
1226 1359 1285 1410 milri
1308 1359 1446 1412 coincidere
1468 1374 1536 1411 cum
1556 1355 1607 1405 illa
1626 1353 1681 1404 De·
1792 1355 1793 1420 ξ

275 1424 282 1437 ’
303 1433 393 1483 cambri
411 1432 503 1483 habita.
541 1433 682 1498 Altrobiqne
709 1434 783 1498 igitur
809 1439 917 1482 erratum
944 1437 983 1482 est
1007 1433 1033 1481 in
1060 1431 1236 1482 observatione.
1274 1430 1371 1496 (Comp.
1395 1447 1452 1482 cum
1472 1430 1520 1500 lain¹
1540 1442 1591 1488 aa.
1612 1439 1682 1491 quaa
1792 1429 1793 1498 J

302 1503 425 1568 Keplerns
453 1504 564 1555 Galilaea
593 1505 749 1569 perscripsit,
783 1505 891 1554 invitm
918 1504 1001 1564 hunc,
1028 1509 1057 1552 nt
1083 1502 1189 1553 candem
1221 1504 1414 1554 ommonem
1439 1505 1470 1553 ln
1500 1516 1533 1551 ae
1567 1498 1683 1562 recipiat
1792 1529 1793 1532 =

301 1589 360 1641 pag.
378 1571 421 1632 ta,
441 1582 467 1626 et
484 1578 664 1641 responsionem
683 1574 806 1639 Tyohonis
823 1576 856 1625 ad
872 1575 976 1639 Kepleri
992 1575 1078 1624 literas
1096 1574 1127 1624 de
1143 1574 1232 1625 mem
1248 1576 1401 1641 quaestione,
1418 1589 1480 1641 pag.
1503 1567 1571 1633 47.)

390 1682 497 1762 Itaque
523 1683 658 1763 pluribus
681 1681 941 1745 observationibus
963 1681 1112 1744 dubitatio
1135 1683 1230 1744 omnis
1259 1681 1445 1744 excludenda
1479 1687 1557 1756 est,
1596 1693 1678 1759 quae
1792 1715 1793 1740 r

304 1791 353 1834 res
381 1771 502 1851 aliquod
526 1783 643 1852 tempus
666 1772 798 1852 requirit.
823 1803 865 1813 -
890 1770 969 1834 Sunt
991 1779 1023 1834 et
1045 1772 1097 1834 alii
1120 1772 1208 1848 modi,
1233 1771 1288 1833 sed
1310 1770 1507 1834 difficiliores.

392 1858 458 1921 Hoc
480 1860 530 1922 ubi
554 1869 636 1923 certn
658 1861 822 1923 innotuerit
844 1862 896 1934 (et
918 1861 1030 1930 velim,
1061 1860 1137 1923 alios
1168 1879 1283 1941 quoque
1306 1868 1499 1923 astronomos
1529 1858 1577 1920 in'
1593 1857 1677 1919 hano
1702 1834 1706 1842 ¹

303 1968 366 2013 rern
388 1949 520 2011 intentos
544 1953 642 2026 esse),
669 1951 797 2029 primurn
820 1949 986 2012 retexenda
1008 1950 1066 2012 erit
1088 1950 1228 2012 universa
1251 1950 1436 2012 astronomia
1463 1957 1500 2011 et
1530 1964 1676 2028 geogra·
1792 1977 1793 1996 .

304 2039 391 2119 phia,
416 2038 749 2119 demonstrandumque,
773 2038 851 2120 quud
877 2041 908 2102 in
932 2061 1118 2118 personasque
1140 2039 1272 2102 varietur
1299 2059 1353 2120 per
1380 2038 1458 2101 hano
1483 2035 1629 2100 Telluris
1654 2054 1675 2096 a
1792 2043 1793 2074 ³

305 2137 408 2191 centro
440 2130 612 2191 sensibilem
644 2129 829 2190 distantiam.
878 2129 989 2190 Postea
1021 2129 1286 2213 suppeditarentur
1316 2128 1389 2190 mihi
1418 2129 1563 2191 rationes
1588 2125 1673 2207 phy-

306 2218 387 2279 sicae
411 2217 448 2279 de
473 2219 571 2280 causis
595 2218 681 2298 hujus
710 2217 931 2298 proportionis;
957 2218 1039 2298 prins
1067 2219 1143 2280 euim
1171 2226 1291 2297 oportet
1312 2240 1348 2280 so
1370 2213 1416 2279 ὁτι
1438 2225 1602 2290 constare,
1632 2231 1673 2274 ex

304 2325 362 2386 quo
386 2328 421 2369 so
444 2312 517 2369 usna
540 2308 713 2370 deducatur.
742 2308 842 2389 Atque
866 2316 936 2369 tunc
959 2326 1006 2370 me
1029 2308 1226 2386 accingerem·
1240 2309 1280 2370 ad
1299 2315 1470 2388 susceptam
1484 2303 1670 2367 materiam.

393 2393 483 2466 Quod
514 2406 614 2459 autem
642 2398 733 2459 etiarn
761 2416 799 2458 ex
821 2396 936 2458 ratione
961 2405 1117 2459 ventorum
1148 2406 1181 2459 et
1202 2405 1300 2459 motus
1323 2398 1452 2462 marium
1470 2393 1590 2458 deduci
1615 2409 1669 2453 ar-

304 2495 447 2566 gumenta
483 2486 638 2550 existimas
675 2506 730 2567 pro
761 2494 841 2548 motu
872 2486 1014 2562 Telluris,
1052 2486 1187 2567 equidem
1216 2495 1248 2548 et
1275 2504 1332 2567 ego
1361 2484 1524 2548 nonnullas
1555 2484 1669 2546 harum

305 2594 401 2637 rerum
424 2575 622 2654 cogitationes
646 2576 757 2649 habeo;
786 2586 816 2639 et
844 2594 911 2637 oum
942 2595 1035 2657 nuper
1057 2575 1264 2651 Galilaeae,
1293 2575 1458 2638 Patavinae
1481 2573 1665 2636 mathema·

304 2663 392 2739 ticus,
415 2663 445 2725 in
470 2665 564 2727 literis
588 2665 696 2727 adme
720 2664 840 2746 scriptis
864 2666 907 2737 (v.
932 2684 1003 2744 pag.
1027 2660 1085 2740 40)
1108 2673 1241 2727 testatus
1269 2674 1369 2741 esset,
1398 2683 1432 2726 se
1459 2662 1666 2743 plurimarum

306 2771 402 2816 rernm
431 2754 611 2816 naturalium
640 2773 749 2816 causas
782 2773 819 2815 ex
850 2753 1067 2835 hypothesibus
1097 2751 1255 2835 Cupernici
1286 2753 1453 2817 rectissime
1482 2751 1663 2822 deduxisse,

304 2861 379 2923 quas
403 2841 600 2905 alihredoere
625 2863 662 2905 ex
684 2843 806 2905 usitatis
830 2843 1044 2922 nonpossint,
1068 2862 1163 2924 neque
1185 2851 1288 2904 tamen
1312 2842 1342 2904 in
1367 2842 1467 2924 specie
1491 2841 1664 2923 quidquam

254 2929 257 2936 ’
303 2940 556 3007 commemoraret,
572 2951 629 3013 ego
644 2929 700 2994 hoc
724 2933 760 2993 de
785 2931 876 2994 maris
899 2934 979 2994 fluxu
1002 2933 1173 3012 suspicatus
1197 2951 1272 2994 sum.
1310 2930 1373 2994 Sed
1393 2940 1505 3005 tamem
1526 2930 1581 2993 ubi
1597 2945 1663 2991 rem

304 3021 477 3102 diligentius
500 3023 661 3101 perpendo,
685 3041 743 3083 non
767 3021 901 3083 videmur
924 3041 943 3082 a
966 3021 1054 3083 Luna
1076 3021 1229 3083 discedere
1253 3020 1378 3097 debere,
1402 3020 1501 3102 quoad
1520 3020 1662 3082 rationes

305 3111 435 3171 fluxuum
465 3129 504 3171 ex
533 3129 569 3172 ea
597 3111 742 3172 deducere
772 3112 912 3191 quimus:
941 3111 1018 3191 qnod
1047 3110 1165 3190 quidem
1192 3111 1256 3173 fieri
1283 3129 1372 3191 posse
1396 3110 1549 3173 existimo.
1599 3104 1662 3178 Qui

190 3271 196 3282 .
304 3198 383 3259 enim
404 3199 515 3261 Terrae
539 3200 632 3262 motui
655 3200 761 3262 tribuit
783 3208 895 3263 motum
918 3200 1063 3273 marium,
1087 3218 1167 3261 mere
1196 3200 1360 3262 violentum
1388 3207 1500 3262 motum
1525 3197 1642 3261 statuit
1650 3213 1661 3269 ς

305 3295 339 3348 at
360 3288 409 3367 qui
432 3288 537 3350 Lunae
560 3289 655 3350 maria
677 3289 750 3351 dicit
773 3291 999 3363 adhaerescere,
1022 3309 1060 3350 ex
1082 3297 1169 3368 parte
1192 3290 1361 3352 naturalem
1383 3289 1466 3352 facit

393 3375 482 3447 Quod
514 3379 550 3439 de
580 3378 673 3441 Phil.
697 3378 956 3460 Landspergio
985 3377 1107 3453 scribis,
1138 3378 1168 3441 id
1200 3387 1270 3441 ante
1299 3379 1399 3459 ipsum
1430 3378 1659 3440 Reiumarus

305 3465 424 3529 Ursus
447 3467 537 3530 lecit:
561 3468 638 3528 fixas
662 3468 832 3549 quiescere,
870 3469 980 3531 Terrae
1004 3477 1140 3530 centrum
1163 3467 1330 3548 quiescere,
1360 3468 1547 3549 superficiem
1577 3468 1660 3531 circa

305 3565 457 3631 centrum,
488 3565 520 3618 et
547 3556 649 3619 Solem
673 3558 737 3638 (qui
761 3565 896 3619 centrum
920 3558 961 3619 sit
983 3555 1155 3620 omuinmb
1183 3557 1386 3638 planetarum)
1418 3557 1499 3621 circa
1530 3558 1658 3620 Terram

305 3645 493 3708 circumduci.
540 3647 623 3709 Idem
647 3646 708 3708 fere
732 3646 901 3726 Maginns
925 3646 1064 3710 initalia
1086 3646 1168 3720 fecit,
1191 3647 1327 3728 quamvis
1351 3645 1657 3710 etcircumferentiae

306 3734 387 3816 globi
419 3734 530 3796 Terrae
562 3743 674 3799 motum
708 3737 745 3796 ad
773 3737 848 3798 fixas
876 3737 1050 3800 transierat.
1103 3736 1201 3811 Idem,
1238 3737 1293 3798 sed
1321 3735 1527 3817 philosophice
1557 3733 1657 3815 magis

306 3843 395 3906 quarn
418 3827 635 3898 astronomiae,
659 3824 858 3887 Roesliuus
881 3826 911 3888 iu
935 3825 1072 3900 Alsatia,
1098 3825 1177 3887 idem
1200 3825 1322 3907 Tycho
1345 3826 1462 3888 Brnhe
1490 3825 1521 3887 iu
1544 3824 1656 3894 Dania,

305 3914 354 3993 qui
376 3912 488 3992 primus
511 3914 644 3988 videtur,
666 3914 857 3994 praestitere.
903 3913 1046 3978 Summas
1071 3914 1253 3997 hypotheses
1281 3934 1339 3977 non
1368 3933 1463 3976 novae
1487 3924 1573 3988 suut,
1602 3910 1655 3974 sed

306 4001 403 4064 forma
425 4019 517 4077 nova3
542 4004 655 4065 mixtae
679 4023 721 4066 sc.
746 4012 817 4066 sunt
839 4024 876 4066 ex
900 4004 1030 4083 antiquis
1053 4010 1086 4065 et
1107 4003 1192 4065 novis
1214 4001 1382 4085 Cupernici.
1428 4003 1494 4084 Ego
1521 4022 1593 4066 vero
1612 4001 1656 4063 sic

305 4109 429 4154 censeo:
463 4111 531 4153 cum
562 4093 726 4155 astronomi
756 4094 930 4155 sacerdotes
967 4092 1025 4154 Dei
1062 4093 1201 4155 altissimi
1239 4113 1276 4155 ex
1304 4101 1391 4174 parte
1423 4093 1492 4155 libri
1529 4102 1654 4156 naturae

308 4182 410 4256 simus,
435 4182 540 4243 decere
563 4201 622 4243 uon
644 4181 756 4261 ingenii
779 4182 906 4257 laudem,
931 4181 985 4243 sed
1008 4179 1162 4245 Creatoris
1185 4183 1343 4264 praecipue
1367 4183 1484 4245 laudern
1505 4191 1652 4264 spectare.

308 4268 368 4341 Qui
390 4271 447 4333 hoc
470 4271 528 4333 sibi
550 4290 726 4351 persuasum
749 4271 850 4341 habet,
874 4272 900 4334 is
919 4291 976 4333 uon
998 4272 1085 4333 facile
1100 4272 1180 4335 aliud
1199 4273 1359 4353 quidquam
1377 4272 1406 4333 in
1424 4273 1521 4334 lucem
1535 4271 1653 4346 emittit,

309 4378 397 4440 quam
420 4379 521 4422 secum
543 4362 607 4440 ipse
630 4361 810 4435 arenianes
833 4370 944 4422 temere
964 4361 1033 4441 qnid
1055 4362 1085 4423 in
1109 4362 1323 4444 hypothesibus
1346 4369 1452 4436 mutat,
1468 4362 1526 4423 uisi
1544 4360 1653 4425 certius

309 4468 346 4510 ex
368 4450 429 4512 illis
451 4449 657 4532 phaenomena
679 4449 877 4512 demonstrari
899 4469 989 4530 posse
1016 4459 1136 4530 speret3
1164 4471 1219 4514 nec
1252 4452 1374 4514 nimium
1402 4450 1572 4529 desiderat,
1602 4449 1655 4512 ills

309 4556 419 4618 magna
440 4539 564 4615 lumina,
589 4540 795 4603 Ptolemaeum
819 4548 851 4601 et
873 4537 1069 4621 Cupernicurn
1092 4541 1162 4612 duc„
1190 4540 1371 4604 inventionis
1394 4540 1490 4621 gloria
1511 4558 1652 4622 praever-

308 4634 383 4690 tere.
428 4629 530 4709 Atque
554 4630 645 4692 etiam
668 4630 757 4706 mihi,
777 4630 824 4691 cui
845 4629 1077 4710 persuasissima
1099 4637 1147 4692 est
1169 4627 1327 4710 Cupernici
1353 4630 1519 4706 sententia,
1539 4627 1653 4709 ⁴religio

310 4723 358 4778 est
386 4717 466 4779 alind
489 4736 668 4799 proponere,
701 4719 750 4781 vel
774 4719 804 4781 in
827 4718 945 4782 laudern
967 4718 1094 4798 ingenii,
1122 4718 1173 4781 vel
1199 4718 1239 4780 ad
1261 4720 1391 4802 gratiam
1413 4719 1578 4795 bominum,
1605 4716 1653 4799 qui

310 4805 497 4869 absurditate
521 4811 688 4872 sententiae
711 4808 829 4890 plurirni
853 4809 1048 4872 offenduntur.
1095 4807 1215 4871 Sufficit
1241 4809 1315 4873 haec
1338 4808 1449 4890 gloria,
1478 4829 1569 4891 posse
1593 4806 1653 4872 Co·

308 4895 444 4979 pernico,
476 4896 515 4980 ad
542 4916 681 4980 maguam
716 4917 800 4961 aram
831 4918 920 4963 sacra
952 4897 1093 4974 facienti,
1129 4907 1234 4979 portas
1263 4901 1369 4983 templi
1394 4916 1463 4963 mea
1483 4895 1652 4964 inventione
