<?xml version="1.0" encoding="UTF-8"?>
<!DOCTYPE html PUBLIC "-//W3C//DTD XHTML 1.0 Transitional//EN"
    "http://www.w3.org/TR/xhtml1/DTD/xhtml1-transitional.dtd">
<html xmlns="http://www.w3.org/1999/xhtml" xml:lang="en" lang="en">
 <head>
  <title>
</title>
<meta http-equiv="Content-Type" content="text/html;charset=utf-8" />
  <meta name='ocr-system' content='tesseract 3.04.00' />
  <meta name='ocr-capabilities' content='ocr_page ocr_carea ocr_par ocr_line ocrx_word'/>
</head>
<body>
  <div class='ocr_page' id='page_1' title='image "./joanniskepleria01unkngoog_0199.png"; bbox 0 0 3609 5634; ppageno 0'>
   <div class='ocr_carea' id='block_1_1' title="bbox 789 258 1561 373">
    <p class='ocr_par' dir='ltr' id='par_1_1' title="bbox 789 258 1561 373">
     <span class='ocr_line' id='line_1_1' title="bbox 789 258 1561 373; baseline 0 -15"><span class='ocrx_word' id='word_1_1' title='bbox 789 258 997 358; x_wconf 63' lang='lat' dir='ltr'>emm</span> <span class='ocrx_word' id='word_1_2' title='bbox 1106 362 1109 373; x_wconf 69' lang='grc'><strong>,</strong></span> <span class='ocrx_word' id='word_1_3' title='bbox 1498 290 1561 358; x_wconf 79' lang='lat' dir='ltr'>ier</span> 
     </span>
    </p>
   </div>
   <div class='ocr_carea' id='block_1_2' title="bbox 112 436 1628 4268">
    <p class='ocr_par' dir='ltr' id='par_1_2' title="bbox 112 436 1628 4268">
     <span class='ocr_line' id='line_1_2' title="bbox 142 436 1560 535; baseline 0.007 -26"><span class='ocrx_word' id='word_1_4' title='bbox 142 444 354 517; x_wconf 63' lang='lat' dir='ltr'>vbis-m</span> <span class='ocrx_word' id='word_1_5' title='bbox 375 473 395 516; x_wconf 87' lang='lat' dir='ltr'>s</span> <span class='ocrx_word' id='word_1_6' title='bbox 417 452 529 527; x_wconf 76' lang='lat' dir='ltr'>Terra,</span> <span class='ocrx_word' id='word_1_7' title='bbox 559 436 826 533; x_wconf 44' lang='lat' dir='ltr'>qaas‘Ptulemaei</span> <span class='ocrx_word' id='word_1_8' title='bbox 858 453 959 517; x_wconf 83' lang='lat' dir='ltr'>seculo</span> <span class='ocrx_word' id='word_1_9' title='bbox 987 460 1020 516; x_wconf 85' lang='lat' dir='ltr'>et</span> <span class='ocrx_word' id='word_1_10' title='bbox 1047 471 1124 535; x_wconf 79' lang='lat' dir='ltr'>quae</span> <span class='ocrx_word' id='word_1_11' title='bbox 1150 448 1255 515; x_wconf 78' lang='lat' dir='ltr'>nostro</span> <span class='ocrx_word' id='word_1_12' title='bbox 1284 451 1422 527; x_wconf 66' lang='lat' dir='ltr'>sumunt,</span> <span class='ocrx_word' id='word_1_13' title='bbox 1452 455 1560 519; x_wconf 81' lang='lat' dir='ltr'>eodem</span> 
     </span>
     <span class='ocr_line' id='line_1_3' title="bbox 144 533 1557 647; baseline 0.004 -48"><span class='ocrx_word' id='word_1_14' title='bbox 144 533 347 604; x_wconf 67' lang='lat' dir='ltr'>dadum</span> <span class='ocrx_word' id='word_1_15' title='bbox 369 549 462 623; x_wconf 89' lang='lat' dir='ltr'>atque</span> <span class='ocrx_word' id='word_1_16' title='bbox 485 560 524 605; x_wconf 84' lang='lat' dir='ltr'>ex</span> <span class='ocrx_word' id='word_1_17' title='bbox 545 538 680 623; x_wconf 75' lang='lat' dir='ltr'>utrisque</span> <span class='ocrx_word' id='word_1_18' title='bbox 704 542 832 605; x_wconf 85' lang='lat' dir='ltr'>eandem</span> <span class='ocrx_word' id='word_1_19' title='bbox 846 565 865 606; x_wconf 95' lang='lat' dir='ltr'>a</span> <span class='ocrx_word' id='word_1_20' title='bbox 879 540 951 606; x_wconf 90' lang='lat' dir='ltr'>Sole</span> <span class='ocrx_word' id='word_1_21' title='bbox 967 541 1224 606; x_wconf 84' lang='lat' dir='ltr'>eccentricitatem</span> <span class='ocrx_word' id='word_1_22' title='bbox 1237 541 1428 604; x_wconf 78' lang='lat' dir='ltr'>concludere.</span> <span class='ocrx_word' id='word_1_23' title='bbox 1461 542 1557 647; x_wconf 75' lang='lat' dir='ltr'>Atqui</span> 
     </span>
     <span class='ocr_line' id='line_1_4' title="bbox 145 625 1558 713; baseline 0.006 -26"><span class='ocrx_word' id='word_1_24' title='bbox 145 625 347 693; x_wconf 66' lang='lat' dir='ltr'>emensum</span> <span class='ocrx_word' id='word_1_25' title='bbox 370 631 512 704; x_wconf 87' lang='lat' dir='ltr'>consule,</span> <span class='ocrx_word' id='word_1_26' title='bbox 541 630 657 695; x_wconf 83' lang='lat' dir='ltr'>videbis</span> <span class='ocrx_word' id='word_1_27' title='bbox 681 631 737 692; x_wconf 92' lang='lat' dir='ltr'>hcc</span> <span class='ocrx_word' id='word_1_28' title='bbox 760 650 838 707; x_wconf 87' lang='lat' dir='ltr'>non,</span> <span class='ocrx_word' id='word_1_29' title='bbox 867 641 1085 713; x_wconf 77' lang='lat' dir='ltr'>obponeret,</span> <span class='ocrx_word' id='word_1_30' title='bbox 1117 630 1190 693; x_wconf 86' lang='lat' dir='ltr'>fieri.</span> <span class='ocrx_word' id='word_1_31' title='bbox 1238 630 1454 712; x_wconf 86' lang='lat' dir='ltr'>Discrepantes</span> <span class='ocrx_word' id='word_1_32' title='bbox 1478 650 1558 695; x_wconf 89' lang='lat' dir='ltr'>enuu</span> 
     </span>
     <span class='ocr_line' id='line_1_5' title="bbox 147 711 1559 799; baseline 0.006 -24"><span class='ocrx_word' id='word_1_33' title='bbox 147 711 327 781; x_wconf 72' lang='lat' dir='ltr'>invicem</span> <span class='ocrx_word' id='word_1_34' title='bbox 359 719 538 799; x_wconf 71' lang='lat' dir='ltr'><strong>provenient</strong></span> <span class='ocrx_word' id='word_1_35' title='bbox 568 720 662 783; x_wconf 84' lang='lat' dir='ltr'>etiam</span> <span class='ocrx_word' id='word_1_36' title='bbox 684 718 813 799; x_wconf 51' lang='grc' dir='ltr'>ἄπλοοι</span> <span class='ocrx_word' id='word_1_37' title='bbox 844 721 1098 784; x_wconf 83' lang='lat' dir='ltr'>eccentricitatas.</span> <span class='ocrx_word' id='word_1_38' title='bbox 1145 720 1230 783; x_wconf 89' lang='lat' dir='ltr'>Idem</span> <span class='ocrx_word' id='word_1_39' title='bbox 1257 719 1295 780; x_wconf 90' lang='lat' dir='ltr'>de</span> <span class='ocrx_word' id='word_1_40' title='bbox 1322 720 1397 781; x_wconf 89' lang='lat' dir='ltr'>locis</span> <span class='ocrx_word' id='word_1_41' title='bbox 1427 717 1559 799; x_wconf 71' lang='lat' dir='ltr'>denham</span> 
     </span>
     <span class='ocr_line' id='line_1_6' title="bbox 150 803 1422 890; baseline 0.006 -26"><span class='ocrx_word' id='word_1_42' title='bbox 150 803 310 869; x_wconf 74' lang='lat' dir='ltr'>dictum</span> <span class='ocrx_word' id='word_1_43' title='bbox 335 819 417 878; x_wconf 91' lang='lat' dir='ltr'>esto,</span> <span class='ocrx_word' id='word_1_44' title='bbox 441 808 512 889; x_wconf 89' lang='lat' dir='ltr'>quia</span> <span class='ocrx_word' id='word_1_45' title='bbox 535 808 609 871; x_wconf 85' lang='lat' dir='ltr'>haec</span> <span class='ocrx_word' id='word_1_46' title='bbox 632 816 736 871; x_wconf 86' lang='lat' dir='ltr'>mutuo</span> <span class='ocrx_word' id='word_1_47' title='bbox 760 829 896 873; x_wconf 72' lang='lat' dir='ltr'>conum</span> <span class='ocrx_word' id='word_1_48' title='bbox 919 819 1000 873; x_wconf 91' lang='lat' dir='ltr'>suut.</span> <span class='ocrx_word' id='word_1_49' title='bbox 1046 809 1149 890; x_wconf 87' lang='lat' dir='ltr'>Atque</span> <span class='ocrx_word' id='word_1_50' title='bbox 1173 808 1228 871; x_wconf 89' lang='lat' dir='ltr'>hoc</span> <span class='ocrx_word' id='word_1_51' title='bbox 1252 826 1341 870; x_wconf 89' lang='lat' dir='ltr'>unum</span> <span class='ocrx_word' id='word_1_52' title='bbox 1364 817 1422 872; x_wconf 92' lang='lat' dir='ltr'>est.</span> 
     </span>
     <span class='ocr_line' id='line_1_7' title="bbox 283 896 1558 981; baseline 0.001 -22"><span class='ocrx_word' id='word_1_53' title='bbox 283 898 404 960; x_wconf 89' lang='lat' dir='ltr'>Deinde</span> <span class='ocrx_word' id='word_1_54' title='bbox 427 896 517 959; x_wconf 80' lang='lat' dir='ltr'>facile</span> <span class='ocrx_word' id='word_1_55' title='bbox 540 898 691 978; x_wconf 76' lang='lat' dir='ltr'>colligitur</span> <span class='ocrx_word' id='word_1_56' title='bbox 714 917 751 961; x_wconf 85' lang='lat' dir='ltr'>ex</span> <span class='ocrx_word' id='word_1_57' title='bbox 775 907 900 981; x_wconf 87' lang='lat' dir='ltr'>aspectu</span> <span class='ocrx_word' id='word_1_58' title='bbox 924 899 1056 972; x_wconf 81' lang='lat' dir='ltr'>tabulae,</span> <span class='ocrx_word' id='word_1_59' title='bbox 1081 917 1148 963; x_wconf 90' lang='lat' dir='ltr'>cum</span> <span class='ocrx_word' id='word_1_60' title='bbox 1170 897 1370 977; x_wconf 73' lang='lat' dir='ltr'>inaequaliter</span> <span class='ocrx_word' id='word_1_61' title='bbox 1391 897 1558 978; x_wconf 87' lang='lat' dir='ltr'>procedant</span> 
     </span>
     <span class='ocr_line' id='line_1_8' title="bbox 153 984 1558 1066; baseline 0.006 -23"><span class='ocrx_word' id='word_1_62' title='bbox 153 990 202 1045; x_wconf 83' lang='lat' dir='ltr'>et</span> <span class='ocrx_word' id='word_1_63' title='bbox 233 984 364 1065; x_wconf 67' lang='grc' dir='ltr'>ἅφηλια</span> <span class='ocrx_word' id='word_1_64' title='bbox 386 995 418 1049; x_wconf 88' lang='lat' dir='ltr'>et</span> <span class='ocrx_word' id='word_1_65' title='bbox 440 985 571 1065; x_wconf 72' lang='lat' dir='ltr'>ducyaa,</span> <span class='ocrx_word' id='word_1_66' title='bbox 596 1006 737 1066; x_wconf 82' lang='lat' dir='ltr'>maguam</span> <span class='ocrx_word' id='word_1_67' title='bbox 760 989 829 1051; x_wconf 88' lang='lat' dir='ltr'>inde</span> <span class='ocrx_word' id='word_1_68' title='bbox 853 1008 995 1052; x_wconf 88' lang='lat' dir='ltr'>successu</span> <span class='ocrx_word' id='word_1_69' title='bbox 1019 988 1187 1051; x_wconf 86' lang='lat' dir='ltr'>seculorum</span> <span class='ocrx_word' id='word_1_70' title='bbox 1210 985 1389 1049; x_wconf 80' lang='lat' dir='ltr'>exstituram</span> <span class='ocrx_word' id='word_1_71' title='bbox 1412 985 1558 1066; x_wconf 63' lang='lat' dir='ltr'>erasme</span> 
     </span>
     <span class='ocr_line' id='line_1_9' title="bbox 155 1075 1556 1157; baseline 0.001 -20"><span class='ocrx_word' id='word_1_72' title='bbox 155 1091 290 1149; x_wconf 69' lang='lat' dir='ltr'>mma</span> <span class='ocrx_word' id='word_1_73' title='bbox 322 1076 540 1139; x_wconf 70' lang='lat' dir='ltr'>diversitatem.</span> <span class='ocrx_word' id='word_1_74' title='bbox 592 1076 689 1139; x_wconf 88' lang='lat' dir='ltr'>Hodie</span> <span class='ocrx_word' id='word_1_75' title='bbox 720 1075 845 1140; x_wconf 81' lang='lat' dir='ltr'>Saturni</span> <span class='ocrx_word' id='word_1_76' title='bbox 877 1087 910 1139; x_wconf 89' lang='lat' dir='ltr'>et</span> <span class='ocrx_word' id='word_1_77' title='bbox 937 1077 1066 1141; x_wconf 85' lang='lat' dir='ltr'>Telluris</span> <span class='ocrx_word' id='word_1_78' title='bbox 1097 1077 1219 1139; x_wconf 89' lang='lat' dir='ltr'>absides</span> <span class='ocrx_word' id='word_1_79' title='bbox 1252 1093 1345 1156; x_wconf 90' lang='lat' dir='ltr'>prope</span> <span class='ocrx_word' id='word_1_80' title='bbox 1378 1077 1556 1157; x_wconf 89' lang='lat' dir='ltr'>conjunctae</span> 
     </span>
     <span class='ocr_line' id='line_1_10' title="bbox 112 1164 1555 1245; baseline 0.001 -19"><span class='ocrx_word' id='word_1_81' title='bbox 112 1168 120 1181; x_wconf 87' lang='lat'><em>&#39;</em></span> <span class='ocrx_word' id='word_1_82' title='bbox 158 1172 275 1237; x_wconf 58' lang='lat'>⁸¹¹⁰*-</span> <span class='ocrx_word' id='word_1_83' title='bbox 302 1183 395 1245; x_wconf 88' lang='lat' dir='ltr'>quare</span> <span class='ocrx_word' id='word_1_84' title='bbox 417 1165 537 1245; x_wconf 85' lang='lat' dir='ltr'>integra</span> <span class='ocrx_word' id='word_1_85' title='bbox 561 1166 691 1228; x_wconf 82' lang='lat' dir='ltr'>Telluris</span> <span class='ocrx_word' id='word_1_86' title='bbox 714 1165 941 1229; x_wconf 81' lang='lat' dir='ltr'>accentuicitate</span> <span class='ocrx_word' id='word_1_87' title='bbox 964 1165 1061 1229; x_wconf 89' lang='lat' dir='ltr'>minor</span> <span class='ocrx_word' id='word_1_88' title='bbox 1084 1174 1133 1228; x_wconf 88' lang='lat' dir='ltr'>est</span> <span class='ocrx_word' id='word_1_89' title='bbox 1157 1164 1281 1228; x_wconf 88' lang='lat' dir='ltr'>Saturni</span> <span class='ocrx_word' id='word_1_90' title='bbox 1305 1184 1323 1226; x_wconf 93' lang='lat' dir='ltr'>a</span> <span class='ocrx_word' id='word_1_91' title='bbox 1347 1173 1450 1227; x_wconf 90' lang='lat' dir='ltr'>centro</span> <span class='ocrx_word' id='word_1_92' title='bbox 1474 1165 1555 1227; x_wconf 88' lang='lat' dir='ltr'>orbis</span> 
     </span>
     <span class='ocr_line' id='line_1_11' title="bbox 159 1250 1556 1337; baseline 0.003 -25"><span class='ocrx_word' id='word_1_93' title='bbox 159 1250 373 1327; x_wconf 79' lang='lat' dir='ltr'>Terrestris,</span> <span class='ocrx_word' id='word_1_94' title='bbox 398 1273 487 1335; x_wconf 86' lang='lat' dir='ltr'>quarn</span> <span class='ocrx_word' id='word_1_95' title='bbox 509 1275 530 1316; x_wconf 91' lang='lat' dir='ltr'>a</span> <span class='ocrx_word' id='word_1_96' title='bbox 551 1252 635 1328; x_wconf 87' lang='lat' dir='ltr'>Sole,</span> <span class='ocrx_word' id='word_1_97' title='bbox 660 1255 817 1319; x_wconf 82' lang='lat' dir='ltr'>distantia.</span> <span class='ocrx_word' id='word_1_98' title='bbox 862 1256 924 1318; x_wconf 89' lang='lat' dir='ltr'>Ubi</span> <span class='ocrx_word' id='word_1_99' title='bbox 946 1254 1114 1337; x_wconf 86' lang='lat' dir='ltr'>quadrante</span> <span class='ocrx_word' id='word_1_100' title='bbox 1138 1253 1313 1328; x_wconf 84' lang='lat' dir='ltr'>distiteriut,</span> <span class='ocrx_word' id='word_1_101' title='bbox 1338 1253 1474 1334; x_wconf 87' lang='lat' dir='ltr'>aequalis</span> <span class='ocrx_word' id='word_1_102' title='bbox 1498 1253 1556 1316; x_wconf 91' lang='lat' dir='ltr'>erit</span> 
     </span>
     <span class='ocr_line' id='line_1_12' title="bbox 163 1341 1554 1426; baseline 0.001 -24"><span class='ocrx_word' id='word_1_103' title='bbox 163 1346 323 1421; x_wconf 74' lang='lat' dir='ltr'>utu-aque</span> <span class='ocrx_word' id='word_1_104' title='bbox 347 1349 379 1405; x_wconf 92' lang='lat' dir='ltr'>et</span> <span class='ocrx_word' id='word_1_105' title='bbox 404 1363 425 1404; x_wconf 92' lang='lat' dir='ltr'>a</span> <span class='ocrx_word' id='word_1_106' title='bbox 447 1342 518 1405; x_wconf 89' lang='lat' dir='ltr'>Sole</span> <span class='ocrx_word' id='word_1_107' title='bbox 546 1352 579 1404; x_wconf 90' lang='lat' dir='ltr'>et</span> <span class='ocrx_word' id='word_1_108' title='bbox 606 1364 625 1404; x_wconf 90' lang='lat' dir='ltr'>a</span> <span class='ocrx_word' id='word_1_109' title='bbox 648 1344 755 1420; x_wconf 88' lang='lat' dir='ltr'>Terra,</span> <span class='ocrx_word' id='word_1_110' title='bbox 789 1352 907 1408; x_wconf 90' lang='lat' dir='ltr'>crescet</span> <span class='ocrx_word' id='word_1_111' title='bbox 934 1364 1040 1426; x_wconf 86' lang='lat' dir='ltr'>nempe</span> <span class='ocrx_word' id='word_1_112' title='bbox 1065 1343 1231 1424; x_wconf 84' lang='lat' dir='ltr'>Oopemico</span> <span class='ocrx_word' id='word_1_113' title='bbox 1259 1362 1316 1404; x_wconf 89' lang='lat' dir='ltr'>sua</span> <span class='ocrx_word' id='word_1_114' title='bbox 1343 1341 1554 1405; x_wconf 88' lang='lat' dir='ltr'>eccentricitas</span> 
     </span>
     <span class='ocr_line' id='line_1_13' title="bbox 164 1427 1555 1512; baseline 0.001 -20"><span class='ocrx_word' id='word_1_115' title='bbox 164 1427 343 1493; x_wconf 67' lang='lat' dir='ltr'>Samia</span> <span class='ocrx_word' id='word_1_116' title='bbox 365 1449 459 1511; x_wconf 83' lang='lat' dir='ltr'>usque</span> <span class='ocrx_word' id='word_1_117' title='bbox 483 1433 552 1493; x_wconf 92' lang='lat' dir='ltr'>dnm</span> <span class='ocrx_word' id='word_1_118' title='bbox 576 1442 767 1512; x_wconf 88' lang='lat' dir='ltr'>opponentur</span> <span class='ocrx_word' id='word_1_119' title='bbox 788 1434 918 1497; x_wconf 86' lang='lat' dir='ltr'>invicem</span> <span class='ocrx_word' id='word_1_120' title='bbox 936 1433 1059 1496; x_wconf 85' lang='lat' dir='ltr'>Saturni</span> <span class='ocrx_word' id='word_1_121' title='bbox 1082 1440 1114 1495; x_wconf 90' lang='lat' dir='ltr'>et</span> <span class='ocrx_word' id='word_1_122' title='bbox 1132 1429 1262 1495; x_wconf 84' lang='lat' dir='ltr'>Telluris</span> <span class='ocrx_word' id='word_1_123' title='bbox 1285 1430 1418 1495; x_wconf 89' lang='lat' dir='ltr'>absides.</span> <span class='ocrx_word' id='word_1_124' title='bbox 1457 1429 1555 1503; x_wconf 82' lang='lat' dir='ltr'>Quem</span> 
     </span>
     <span class='ocr_line' id='line_1_14' title="bbox 168 1519 1552 1601; baseline 0.001 -20"><span class='ocrx_word' id='word_1_125' title='bbox 168 1519 226 1581; x_wconf 80' lang='lat' dir='ltr'>ad</span> <span class='ocrx_word' id='word_1_126' title='bbox 257 1528 400 1583; x_wconf 81' lang='lat' dir='ltr'>eventum</span> <span class='ocrx_word' id='word_1_127' title='bbox 423 1520 482 1582; x_wconf 88' lang='lat' dir='ltr'>etsi</span> <span class='ocrx_word' id='word_1_128' title='bbox 505 1521 632 1583; x_wconf 90' lang='lat' dir='ltr'>mundns</span> <span class='ocrx_word' id='word_1_129' title='bbox 655 1541 713 1584; x_wconf 91' lang='lat' dir='ltr'>non</span> <span class='ocrx_word' id='word_1_130' title='bbox 736 1523 876 1586; x_wconf 85' lang='lat' dir='ltr'>durabit:</span> <span class='ocrx_word' id='word_1_131' title='bbox 906 1531 1007 1586; x_wconf 88' lang='lat' dir='ltr'>tamen</span> <span class='ocrx_word' id='word_1_132' title='bbox 1036 1523 1062 1584; x_wconf 87' lang='lat' dir='ltr'>si</span> <span class='ocrx_word' id='word_1_133' title='bbox 1089 1523 1226 1601; x_wconf 86' lang='lat' dir='ltr'>perfecta</span> <span class='ocrx_word' id='word_1_134' title='bbox 1249 1528 1333 1582; x_wconf 89' lang='lat' dir='ltr'>esset</span> <span class='ocrx_word' id='word_1_135' title='bbox 1356 1519 1552 1596; x_wconf 83' lang='lat' dir='ltr'>astronomia,</span> 
     </span>
     <span class='ocr_line' id='line_1_15' title="bbox 170 1608 1551 1693; baseline 0.002 -23"><span class='ocrx_word' id='word_1_136' title='bbox 170 1608 274 1671; x_wconf 75' lang='lat' dir='ltr'>talea</span> <span class='ocrx_word' id='word_1_137' title='bbox 297 1608 429 1671; x_wconf 82' lang='lat' dir='ltr'>debebat</span> <span class='ocrx_word' id='word_1_138' title='bbox 456 1609 639 1690; x_wconf 84' lang='lat' dir='ltr'>hypotheses</span> <span class='ocrx_word' id='word_1_139' title='bbox 666 1630 827 1690; x_wconf 83' lang='lat' dir='ltr'>usurpare,</span> <span class='ocrx_word' id='word_1_140' title='bbox 861 1631 939 1691; x_wconf 86' lang='lat' dir='ltr'>quae</span> <span class='ocrx_word' id='word_1_141' title='bbox 967 1611 1054 1693; x_wconf 87' lang='lat' dir='ltr'>quasi</span> <span class='ocrx_word' id='word_1_142' title='bbox 1081 1620 1205 1673; x_wconf 87' lang='lat' dir='ltr'>aeterno</span> <span class='ocrx_word' id='word_1_143' title='bbox 1232 1609 1342 1671; x_wconf 86' lang='lat' dir='ltr'>mundo</span> <span class='ocrx_word' id='word_1_144' title='bbox 1370 1610 1551 1673; x_wconf 80' lang='lat' dir='ltr'>sufficerent</span> 
     </span>
     <span class='ocr_line' id='line_1_16' title="bbox 170 1697 1553 1780; baseline 0.002 -22"><span class='ocrx_word' id='word_1_145' title='bbox 170 1697 291 1776; x_wconf 79' lang='lat' dir='ltr'>Atqui</span> <span class='ocrx_word' id='word_1_146' title='bbox 313 1697 387 1761; x_wconf 91' lang='lat' dir='ltr'>nihil</span> <span class='ocrx_word' id='word_1_147' title='bbox 410 1699 514 1760; x_wconf 87' lang='lat' dir='ltr'>horum</span> <span class='ocrx_word' id='word_1_148' title='bbox 537 1708 640 1761; x_wconf 89' lang='lat' dir='ltr'>monet</span> <span class='ocrx_word' id='word_1_149' title='bbox 662 1720 756 1780; x_wconf 88' lang='lat' dir='ltr'>neque</span> <span class='ocrx_word' id='word_1_150' title='bbox 780 1698 964 1780; x_wconf 88' lang='lat' dir='ltr'>Ooperuicns</span> <span class='ocrx_word' id='word_1_151' title='bbox 988 1719 1084 1780; x_wconf 88' lang='lat' dir='ltr'>neque</span> <span class='ocrx_word' id='word_1_152' title='bbox 1106 1699 1329 1761; x_wconf 85' lang='lat' dir='ltr'>Rheinhcldns.</span> <span class='ocrx_word' id='word_1_153' title='bbox 1369 1697 1438 1760; x_wconf 91' lang='lat' dir='ltr'>Nou</span> <span class='ocrx_word' id='word_1_154' title='bbox 1461 1698 1553 1777; x_wconf 82' lang='lat' dir='ltr'>igitur</span> 
     </span>
     <span class='ocr_line' id='line_1_17' title="bbox 174 1786 1553 1872; baseline 0.002 -25"><span class='ocrx_word' id='word_1_155' title='bbox 174 1786 407 1862; x_wconf 66' lang='lat' dir='ltr'>mrtemissimi</span> <span class='ocrx_word' id='word_1_156' title='bbox 431 1795 502 1849; x_wconf 92' lang='lat' dir='ltr'>sunt</span> <span class='ocrx_word' id='word_1_157' title='bbox 525 1806 626 1850; x_wconf 89' lang='lat' dir='ltr'>eorum</span> <span class='ocrx_word' id='word_1_158' title='bbox 649 1789 776 1862; x_wconf 89' lang='lat' dir='ltr'>numeri,</span> <span class='ocrx_word' id='word_1_159' title='bbox 806 1808 902 1872; x_wconf 89' lang='lat' dir='ltr'>neque</span> <span class='ocrx_word' id='word_1_160' title='bbox 926 1789 1061 1869; x_wconf 89' lang='lat' dir='ltr'>integras</span> <span class='ocrx_word' id='word_1_161' title='bbox 1084 1788 1274 1869; x_wconf 87' lang='lat' dir='ltr'>planetarum</span> <span class='ocrx_word' id='word_1_162' title='bbox 1297 1786 1443 1867; x_wconf 86' lang='lat' dir='ltr'>sphaeras</span> <span class='ocrx_word' id='word_1_163' title='bbox 1466 1787 1553 1850; x_wconf 91' lang='lat' dir='ltr'>nobis</span> 
     </span>
     <span class='ocr_line' id='line_1_18' title="bbox 175 1875 1368 1963; baseline 0.003 -29"><span class='ocrx_word' id='word_1_164' title='bbox 175 1875 362 1955; x_wconf 81' lang='lat' dir='ltr'>explicant,</span> <span class='ocrx_word' id='word_1_165' title='bbox 386 1875 494 1956; x_wconf 89' lang='lat' dir='ltr'>quibus</span> <span class='ocrx_word' id='word_1_166' title='bbox 517 1876 586 1937; x_wconf 90' lang='lat' dir='ltr'>illos</span> <span class='ocrx_word' id='word_1_167' title='bbox 608 1895 694 1938; x_wconf 88' lang='lat' dir='ltr'>seros</span> <span class='ocrx_word' id='word_1_168' title='bbox 716 1885 815 1940; x_wconf 89' lang='lat' dir='ltr'>motus</span> <span class='ocrx_word' id='word_1_169' title='bbox 838 1879 977 1940; x_wconf 88' lang='lat' dir='ltr'>accidere</span> <span class='ocrx_word' id='word_1_170' title='bbox 999 1896 1090 1957; x_wconf 90' lang='lat' dir='ltr'>posse</span> <span class='ocrx_word' id='word_1_171' title='bbox 1114 1877 1330 1958; x_wconf 78' lang='lat' dir='ltr'>intelligamus.</span> <span class='ocrx_word' id='word_1_172' title='bbox 1357 1922 1368 1963; x_wconf 60' lang='lat' dir='ltr'>s</span> 
     </span>
     <span class='ocr_line' id='line_1_19' title="bbox 282 1961 1552 2058; baseline 0.001 -33"><span class='ocrx_word' id='word_1_173' title='bbox 282 1964 367 2026; x_wconf 84' lang='lat' dir='ltr'>Haeo</span> <span class='ocrx_word' id='word_1_174' title='bbox 390 1972 423 2026; x_wconf 90' lang='lat' dir='ltr'>et</span> <span class='ocrx_word' id='word_1_175' title='bbox 443 1961 614 2045; x_wconf 85' lang='lat' dir='ltr'>hujusmodi</span> <span class='ocrx_word' id='word_1_176' title='bbox 640 1965 750 2029; x_wconf 87' lang='lat' dir='ltr'>similia</span> <span class='ocrx_word' id='word_1_177' title='bbox 777 1984 843 2028; x_wconf 87' lang='lat' dir='ltr'>cum</span> <span class='ocrx_word' id='word_1_178' title='bbox 871 1986 918 2058; x_wconf 70' lang='lat' dir='ltr'>me</span> <span class='ocrx_word' id='word_1_179' title='bbox 947 1967 1078 2029; x_wconf 90' lang='lat' dir='ltr'>nonnihil</span> <span class='ocrx_word' id='word_1_180' title='bbox 1110 1967 1343 2036; x_wconf 84' lang='lat' dir='ltr'>conturbarent,</span> <span class='ocrx_word' id='word_1_181' title='bbox 1376 1969 1468 2044; x_wconf 86' lang='lat' dir='ltr'>atque</span> <span class='ocrx_word' id='word_1_182' title='bbox 1496 1982 1552 2044; x_wconf 87' lang='lat' dir='ltr'>ego</span> 
     </span>
     <span class='ocr_line' id='line_1_20' title="bbox 180 2052 1553 2136; baseline 0 -21"><span class='ocrx_word' id='word_1_183' title='bbox 180 2052 349 2115; x_wconf 63' lang='lat' dir='ltr'>merem</span> <span class='ocrx_word' id='word_1_184' title='bbox 375 2054 462 2134; x_wconf 89' lang='lat' dir='ltr'>inops</span> <span class='ocrx_word' id='word_1_185' title='bbox 490 2054 620 2129; x_wconf 88' lang='lat' dir='ltr'>consilii,</span> <span class='ocrx_word' id='word_1_186' title='bbox 655 2054 740 2135; x_wconf 90' lang='lat' dir='ltr'>qnasi</span> <span class='ocrx_word' id='word_1_187' title='bbox 773 2056 822 2135; x_wconf 94' lang='lat' dir='ltr'>qui</span> <span class='ocrx_word' id='word_1_188' title='bbox 856 2055 1002 2136; x_wconf 89' lang='lat' dir='ltr'>disjectas</span> <span class='ocrx_word' id='word_1_189' title='bbox 1030 2056 1194 2119; x_wconf 87' lang='lat' dir='ltr'>autumatis</span> <span class='ocrx_word' id='word_1_190' title='bbox 1224 2055 1340 2118; x_wconf 88' lang='lat' dir='ltr'>rotulas</span> <span class='ocrx_word' id='word_1_191' title='bbox 1364 2053 1395 2115; x_wconf 94' lang='lat' dir='ltr'>in</span> <span class='ocrx_word' id='word_1_192' title='bbox 1418 2052 1553 2115; x_wconf 90' lang='lat' dir='ltr'>ordinem</span> 
     </span>
     <span class='ocr_line' id='line_1_21' title="bbox 183 2141 1550 2221; baseline 0 -18"><span class='ocrx_word' id='word_1_193' title='bbox 183 2142 332 2221; x_wconf 77' lang='lat' dir='ltr'>redigere</span> <span class='ocrx_word' id='word_1_194' title='bbox 355 2144 467 2217; x_wconf 90' lang='lat' dir='ltr'>nescit,</span> <span class='ocrx_word' id='word_1_195' title='bbox 497 2143 680 2205; x_wconf 87' lang='lat' dir='ltr'>Maestlinus</span> <span class='ocrx_word' id='word_1_196' title='bbox 703 2164 750 2207; x_wconf 89' lang='lat' dir='ltr'>me</span> <span class='ocrx_word' id='word_1_197' title='bbox 773 2145 961 2221; x_wconf 88' lang='lat' dir='ltr'>consolatus,</span> <span class='ocrx_word' id='word_1_198' title='bbox 991 2145 1049 2207; x_wconf 90' lang='lat' dir='ltr'>imo</span> <span class='ocrx_word' id='word_1_199' title='bbox 1072 2146 1249 2207; x_wconf 80' lang='lat' dir='ltr'>dehortatus</span> <span class='ocrx_word' id='word_1_200' title='bbox 1273 2150 1321 2205; x_wconf 90' lang='lat' dir='ltr'>est</span> <span class='ocrx_word' id='word_1_201' title='bbox 1344 2142 1382 2204; x_wconf 88' lang='lat' dir='ltr'>ab</span> <span class='ocrx_word' id='word_1_202' title='bbox 1405 2142 1453 2204; x_wconf 90' lang='lat' dir='ltr'>his</span> <span class='ocrx_word' id='word_1_203' title='bbox 1477 2141 1550 2203; x_wconf 89' lang='lat' dir='ltr'>snb·</span> 
     </span>
     <span class='ocr_line' id='line_1_22' title="bbox 182 2230 1551 2314; baseline -0.001 -22"><span class='ocrx_word' id='word_1_204' title='bbox 182 2230 378 2295; x_wconf 86' lang='lat' dir='ltr'>tilitatibus:</span> <span class='ocrx_word' id='word_1_205' title='bbox 407 2233 474 2294; x_wconf 87' lang='lat' dir='ltr'>Non</span> <span class='ocrx_word' id='word_1_206' title='bbox 493 2251 584 2312; x_wconf 88' lang='lat' dir='ltr'>posse</span> <span class='ocrx_word' id='word_1_207' title='bbox 604 2250 668 2306; x_wconf 89' lang='lat' dir='ltr'>nos,</span> <span class='ocrx_word' id='word_1_208' title='bbox 691 2232 804 2314; x_wconf 88' lang='lat' dir='ltr'>ajebat,</span> <span class='ocrx_word' id='word_1_209' title='bbox 829 2253 933 2297; x_wconf 84' lang='lat' dir='ltr'>omnes</span> <span class='ocrx_word' id='word_1_210' title='bbox 957 2243 1083 2296; x_wconf 85' lang='lat' dir='ltr'>naturae</span> <span class='ocrx_word' id='word_1_211' title='bbox 1108 2234 1266 2296; x_wconf 89' lang='lat' dir='ltr'>thesauros</span> <span class='ocrx_word' id='word_1_212' title='bbox 1289 2230 1468 2294; x_wconf 80' lang='lat' dir='ltr'>exhaurire:</span> <span class='ocrx_word' id='word_1_213' title='bbox 1493 2249 1551 2292; x_wconf 95' lang='lat' dir='ltr'>uon</span> 
     </span>
     <span class='ocr_line' id='line_1_23' title="bbox 184 2320 1550 2402; baseline -0.001 -21"><span class='ocrx_word' id='word_1_214' title='bbox 184 2320 371 2382; x_wconf 78' lang='lat' dir='ltr'>mouendum</span> <span class='ocrx_word' id='word_1_215' title='bbox 395 2340 462 2383; x_wconf 89' lang='lat' dir='ltr'>esse</span> <span class='ocrx_word' id='word_1_216' title='bbox 486 2321 597 2383; x_wconf 90' lang='lat' dir='ltr'>malum</span> <span class='ocrx_word' id='word_1_217' title='bbox 620 2321 697 2383; x_wconf 89' lang='lat' dir='ltr'>bene</span> <span class='ocrx_word' id='word_1_218' title='bbox 724 2321 897 2387; x_wconf 87' lang='lat' dir='ltr'>conditum:</span> <span class='ocrx_word' id='word_1_219' title='bbox 923 2330 955 2385; x_wconf 93' lang='lat' dir='ltr'>et</span> <span class='ocrx_word' id='word_1_220' title='bbox 976 2323 1164 2385; x_wconf 87' lang='lat' dir='ltr'>tolerandam</span> <span class='ocrx_word' id='word_1_221' title='bbox 1188 2321 1288 2402; x_wconf 89' lang='lat' dir='ltr'>potius</span> <span class='ocrx_word' id='word_1_222' title='bbox 1313 2326 1402 2400; x_wconf 88' lang='lat' dir='ltr'>atque</span> <span class='ocrx_word' id='word_1_223' title='bbox 1426 2326 1550 2381; x_wconf 90' lang='lat' dir='ltr'>susten-</span> 
     </span>
     <span class='ocr_line' id='line_1_24' title="bbox 184 2407 1551 2491; baseline -0.002 -19"><span class='ocrx_word' id='word_1_224' title='bbox 184 2407 316 2472; x_wconf 78' lang='lat' dir='ltr'>tandam</span> <span class='ocrx_word' id='word_1_225' title='bbox 339 2409 537 2472; x_wconf 83' lang='lat' dir='ltr'>levaminibus</span> <span class='ocrx_word' id='word_1_226' title='bbox 560 2409 739 2491; x_wconf 88' lang='lat' dir='ltr'>quibusdam</span> <span class='ocrx_word' id='word_1_227' title='bbox 761 2411 838 2475; x_wconf 85' lang='lat' dir='ltr'>baso</span> <span class='ocrx_word' id='word_1_228' title='bbox 861 2412 953 2474; x_wconf 85' lang='lat' dir='ltr'>veluti</span> <span class='ocrx_word' id='word_1_229' title='bbox 977 2419 1131 2491; x_wconf 87' lang='lat' dir='ltr'>rupturam</span> <span class='ocrx_word' id='word_1_230' title='bbox 1149 2409 1270 2472; x_wconf 84' lang='lat' dir='ltr'>humani</span> <span class='ocrx_word' id='word_1_231' title='bbox 1290 2408 1435 2487; x_wconf 89' lang='lat' dir='ltr'>corporis,</span> <span class='ocrx_word' id='word_1_232' title='bbox 1460 2425 1551 2488; x_wconf 87' lang='lat' dir='ltr'>quarn</span> 
     </span>
     <span class='ocr_line' id='line_1_25' title="bbox 186 2496 1549 2580; baseline -0.001 -21"><span class='ocrx_word' id='word_1_233' title='bbox 186 2505 226 2559; x_wconf 89' lang='lat' dir='ltr'>ut</span> <span class='ocrx_word' id='word_1_234' title='bbox 248 2506 313 2559; x_wconf 88' lang='lat' dir='ltr'>tam</span> <span class='ocrx_word' id='word_1_235' title='bbox 334 2498 486 2578; x_wconf 82' lang='lat' dir='ltr'>exquisita</span> <span class='ocrx_word' id='word_1_236' title='bbox 508 2507 649 2561; x_wconf 75' lang='lat' dir='ltr'>anatome</span> <span class='ocrx_word' id='word_1_237' title='bbox 677 2498 855 2578; x_wconf 83' lang='lat' dir='ltr'>conjiciatur</span> <span class='ocrx_word' id='word_1_238' title='bbox 881 2519 973 2580; x_wconf 80' lang='lat' dir='ltr'>aeger</span> <span class='ocrx_word' id='word_1_239' title='bbox 1001 2501 1029 2562; x_wconf 93' lang='lat' dir='ltr'>in</span> <span class='ocrx_word' id='word_1_240' title='bbox 1058 2499 1338 2580; x_wconf 87' lang='lat' dir='ltr'>praesentissimum</span> <span class='ocrx_word' id='word_1_241' title='bbox 1360 2497 1442 2558; x_wconf 88' lang='lat' dir='ltr'>vitae</span> <span class='ocrx_word' id='word_1_242' title='bbox 1465 2496 1549 2576; x_wconf 91' lang='lat' dir='ltr'>peri-</span> 
     </span>
     <span class='ocr_line' id='line_1_26' title="bbox 187 2587 1615 2671; baseline -0.004 -23"><span class='ocrx_word' id='word_1_243' title='bbox 187 2587 300 2649; x_wconf 85' lang='lat' dir='ltr'>eulum.</span> <span class='ocrx_word' id='word_1_244' title='bbox 337 2587 517 2652; x_wconf 80' lang='lat' dir='ltr'>Protembat</span> <span class='ocrx_word' id='word_1_245' title='bbox 538 2587 610 2650; x_wconf 90' lang='lat' dir='ltr'>mihi</span> <span class='ocrx_word' id='word_1_246' title='bbox 633 2589 801 2668; x_wconf 78' lang='lat' dir='ltr'>exemplum</span> <span class='ocrx_word' id='word_1_247' title='bbox 823 2589 956 2662; x_wconf 91' lang='lat' dir='ltr'>Rhetici,</span> <span class='ocrx_word' id='word_1_248' title='bbox 979 2608 1139 2671; x_wconf 90' lang='lat' dir='ltr'>curamque</span> <span class='ocrx_word' id='word_1_249' title='bbox 1163 2587 1227 2667; x_wconf 90' lang='lat' dir='ltr'>ejus</span> <span class='ocrx_word' id='word_1_250' title='bbox 1251 2587 1291 2648; x_wconf 93' lang='lat' dir='ltr'>ad</span> <span class='ocrx_word' id='word_1_251' title='bbox 1314 2603 1442 2666; x_wconf 86' lang='lat' dir='ltr'>unguem</span> <span class='ocrx_word' id='word_1_252' title='bbox 1464 2602 1549 2645; x_wconf 88' lang='lat' dir='ltr'>meae</span> <span class='ocrx_word' id='word_1_253' title='bbox 1612 2638 1615 2643; x_wconf 91' lang='grc'><em>,</em></span> 
     </span>
     <span class='ocr_line' id='line_1_27' title="bbox 188 2671 1549 2759; baseline -0.001 -23"><span class='ocrx_word' id='word_1_254' title='bbox 188 2673 332 2737; x_wconf 86' lang='lat' dir='ltr'>similiter</span> <span class='ocrx_word' id='word_1_255' title='bbox 359 2676 508 2739; x_wconf 77' lang='lat' dir='ltr'>annosam</span> <span class='ocrx_word' id='word_1_256' title='bbox 536 2686 568 2738; x_wconf 91' lang='lat' dir='ltr'>et</span> <span class='ocrx_word' id='word_1_257' title='bbox 595 2676 801 2758; x_wconf 80' lang='lat' dir='ltr'>increpantem</span> <span class='ocrx_word' id='word_1_258' title='bbox 831 2698 886 2757; x_wconf 89' lang='lat' dir='ltr'>pro</span> <span class='ocrx_word' id='word_1_259' title='bbox 914 2698 947 2741; x_wconf 92' lang='lat' dir='ltr'>se</span> <span class='ocrx_word' id='word_1_260' title='bbox 972 2676 1181 2759; x_wconf 83' lang='lat' dir='ltr'>Ocpernicum.</span> <span class='ocrx_word' id='word_1_261' title='bbox 1227 2674 1369 2755; x_wconf 81' lang='lat' dir='ltr'>Epistola</span> <span class='ocrx_word' id='word_1_262' title='bbox 1392 2680 1441 2736; x_wconf 91' lang='lat' dir='ltr'>est</span> <span class='ocrx_word' id='word_1_263' title='bbox 1462 2671 1549 2735; x_wconf 87' lang='lat' dir='ltr'>Rhe·</span> 
     </span>
     <span class='ocr_line' id='line_1_28' title="bbox 190 2761 1550 2848; baseline -0.002 -23"><span class='ocrx_word' id='word_1_264' title='bbox 190 2764 246 2825; x_wconf 89' lang='lat' dir='ltr'>tici</span> <span class='ocrx_word' id='word_1_265' title='bbox 267 2763 459 2843; x_wconf 82' lang='lat' dir='ltr'>Epherneridi</span> <span class='ocrx_word' id='word_1_266' title='bbox 488 2766 558 2827; x_wconf 90' lang='lat' dir='ltr'>anni</span> <span class='ocrx_word' id='word_1_267' title='bbox 585 2762 664 2829; x_wconf 79' lang='lat'><strong>155¹</strong></span> <span class='ocrx_word' id='word_1_268' title='bbox 698 2766 846 2845; x_wconf 79' lang='lat' dir='ltr'>praelixa,</span> <span class='ocrx_word' id='word_1_269' title='bbox 877 2786 954 2848; x_wconf 90' lang='lat' dir='ltr'>quae</span> <span class='ocrx_word' id='word_1_270' title='bbox 982 2768 1053 2848; x_wconf 91' lang='lat' dir='ltr'>quia</span> <span class='ocrx_word' id='word_1_271' title='bbox 1079 2786 1139 2829; x_wconf 90' lang='lat' dir='ltr'>nou</span> <span class='ocrx_word' id='word_1_272' title='bbox 1165 2765 1281 2846; x_wconf 89' lang='lat' dir='ltr'>passim</span> <span class='ocrx_word' id='word_1_273' title='bbox 1310 2772 1359 2826; x_wconf 86' lang='lat' dir='ltr'>est</span> <span class='ocrx_word' id='word_1_274' title='bbox 1386 2761 1489 2837; x_wconf 82' lang='lat' dir='ltr'>obvia,</span> <span class='ocrx_word' id='word_1_275' title='bbox 1517 2767 1550 2823; x_wconf 87' lang='lat' dir='ltr'>st</span> 
     </span>
     <span class='ocr_line' id='line_1_29' title="bbox 190 2850 1548 2936; baseline -0.002 -23"><span class='ocrx_word' id='word_1_276' title='bbox 190 2860 291 2915; x_wconf 89' lang='lat' dir='ltr'>totum</span> <span class='ocrx_word' id='word_1_277' title='bbox 313 2853 369 2915; x_wconf 88' lang='lat' dir='ltr'>hoc</span> <span class='ocrx_word' id='word_1_278' title='bbox 392 2862 483 2932; x_wconf 86' lang='lat' dir='ltr'>caput</span> <span class='ocrx_word' id='word_1_279' title='bbox 504 2854 607 2916; x_wconf 88' lang='lat' dir='ltr'>multis</span> <span class='ocrx_word' id='word_1_280' title='bbox 631 2855 705 2916; x_wconf 89' lang='lat' dir='ltr'>locis</span> <span class='ocrx_word' id='word_1_281' title='bbox 734 2854 856 2917; x_wconf 84' lang='lat' dir='ltr'>mirifice</span> <span class='ocrx_word' id='word_1_282' title='bbox 878 2857 987 2936; x_wconf 87' lang='lat' dir='ltr'>juvat,</span> <span class='ocrx_word' id='word_1_283' title='bbox 1020 2855 1183 2936; x_wconf 82' lang='lat' dir='ltr'>praecipue</span> <span class='ocrx_word' id='word_1_284' title='bbox 1209 2853 1279 2916; x_wconf 92' lang='lat' dir='ltr'>inde</span> <span class='ocrx_word' id='word_1_285' title='bbox 1306 2871 1361 2932; x_wconf 90' lang='lat' dir='ltr'>pro</span> <span class='ocrx_word' id='word_1_286' title='bbox 1385 2850 1548 2931; x_wconf 88' lang='lat' dir='ltr'>colophone</span> 
     </span>
     <span class='ocr_line' id='line_1_30' title="bbox 190 2936 1628 3031; baseline -0.003 -28"><span class='ocrx_word' id='word_1_287' title='bbox 190 2941 260 3003; x_wconf 88' lang='lat' dir='ltr'>hnic</span> <span class='ocrx_word' id='word_1_288' title='bbox 283 2942 375 3020; x_wconf 88' lang='lat' dir='ltr'>capiti</span> <span class='ocrx_word' id='word_1_289' title='bbox 399 2942 588 3022; x_wconf 78' lang='lat' dir='ltr'>subjungam.</span> <span class='ocrx_word' id='word_1_290' title='bbox 627 2941 679 3005; x_wconf 87' lang='lat' dir='ltr'>Sic</span> <span class='ocrx_word' id='word_1_291' title='bbox 698 2944 790 3024; x_wconf 88' lang='lat' dir='ltr'>igitur</span> <span class='ocrx_word' id='word_1_292' title='bbox 802 2943 951 3007; x_wconf 85' lang='lat' dir='ltr'>Rheticus</span> <span class='ocrx_word' id='word_1_293' title='bbox 972 2945 1011 3006; x_wconf 92' lang='lat' dir='ltr'>ad</span> <span class='ocrx_word' id='word_1_294' title='bbox 1034 2945 1179 3007; x_wconf 91' lang='lat' dir='ltr'>lectorem</span> <span class='ocrx_word' id='word_1_295' title='bbox 1197 2945 1276 3006; x_wconf 91' lang='lat' dir='ltr'>iuter</span> <span class='ocrx_word' id='word_1_296' title='bbox 1295 2950 1417 3031; x_wconf 80' lang='lat' dir='ltr'>cetera:</span> <span class='ocrx_word' id='word_1_297' title='bbox 1448 2936 1549 3014; x_wconf 81' lang='lat' dir='ltr'>„Suae</span> <span class='ocrx_word' id='word_1_298' title='bbox 1619 3012 1628 3021; x_wconf 44' lang='grc'><strong><em>,</em></strong></span> 
     </span>
     <span class='ocr_line' id='line_1_31' title="bbox 189 3028 1548 3111; baseline -0.003 -19"><span class='ocrx_word' id='word_1_299' title='bbox 189 3037 293 3093; x_wconf 85' lang='lat' dir='ltr'>autem</span> <span class='ocrx_word' id='word_1_300' title='bbox 316 3029 533 3110; x_wconf 82' lang='lat' dir='ltr'>(Oepemicus)</span> <span class='ocrx_word' id='word_1_301' title='bbox 556 3031 771 3111; x_wconf 78' lang='lat' dir='ltr'>exquisitiones</span> <span class='ocrx_word' id='word_1_302' title='bbox 794 3034 971 3103; x_wconf 87' lang='lat' dir='ltr'>mediocres,</span> <span class='ocrx_word' id='word_1_303' title='bbox 996 3053 1054 3096; x_wconf 92' lang='lat' dir='ltr'>uon</span> <span class='ocrx_word' id='word_1_304' title='bbox 1078 3033 1185 3097; x_wconf 89' lang='lat' dir='ltr'>nimias</span> <span class='ocrx_word' id='word_1_305' title='bbox 1209 3050 1277 3094; x_wconf 82' lang='lat' dir='ltr'>esse</span> <span class='ocrx_word' id='word_1_306' title='bbox 1298 3028 1403 3092; x_wconf 80' lang='lat' dir='ltr'>uoluit.</span> <span class='ocrx_word' id='word_1_307' title='bbox 1441 3028 1548 3107; x_wconf 87' lang='lat' dir='ltr'>ltaque</span> 
     </span>
     <span class='ocr_line' id='line_1_32' title="bbox 189 3114 1547 3203; baseline -0.004 -22"><span class='ocrx_word' id='word_1_308' title='bbox 189 3120 347 3191; x_wconf 87' lang='lat' dir='ltr'>consulto,</span> <span class='ocrx_word' id='word_1_309' title='bbox 374 3139 432 3182; x_wconf 89' lang='lat' dir='ltr'>nun</span> <span class='ocrx_word' id='word_1_310' title='bbox 464 3119 575 3182; x_wconf 88' lang='lat' dir='ltr'>inertia</span> <span class='ocrx_word' id='word_1_311' title='bbox 607 3129 660 3182; x_wconf 90' lang='lat' dir='ltr'>aut</span> <span class='ocrx_word' id='word_1_312' title='bbox 687 3122 789 3184; x_wconf 83' lang='lat' dir='ltr'>taedio</span> <span class='ocrx_word' id='word_1_313' title='bbox 818 3116 1047 3203; x_wconf 69' lang='lat' dir='ltr'>defatigationis</span> <span class='ocrx_word' id='word_1_314' title='bbox 1075 3142 1128 3185; x_wconf 89' lang='lat' dir='ltr'>eas</span> <span class='ocrx_word' id='word_1_315' title='bbox 1156 3119 1404 3185; x_wconf 89' lang='lat' dir='ltr'>comminutiones</span> <span class='ocrx_word' id='word_1_316' title='bbox 1428 3114 1547 3188; x_wconf 81' lang='lat' dir='ltr'>vitavit,</span> 
     </span>
     <span class='ocr_line' id='line_1_33' title="bbox 189 3202 1546 3293; baseline -0.001 -25"><span class='ocrx_word' id='word_1_317' title='bbox 189 3226 264 3288; x_wconf 90' lang='lat' dir='ltr'>quas</span> <span class='ocrx_word' id='word_1_318' title='bbox 288 3208 420 3270; x_wconf 90' lang='lat' dir='ltr'>nonnulli</span> <span class='ocrx_word' id='word_1_319' title='bbox 444 3209 535 3271; x_wconf 90' lang='lat' dir='ltr'>etiam</span> <span class='ocrx_word' id='word_1_320' title='bbox 558 3211 757 3286; x_wconf 84' lang='lat' dir='ltr'>affectarunt,</span> <span class='ocrx_word' id='word_1_321' title='bbox 788 3221 818 3274; x_wconf 91' lang='lat' dir='ltr'>et</span> <span class='ocrx_word' id='word_1_322' title='bbox 845 3219 916 3274; x_wconf 88' lang='lat' dir='ltr'>sunt</span> <span class='ocrx_word' id='word_1_323' title='bbox 939 3213 988 3293; x_wconf 91' lang='lat' dir='ltr'>qui</span> <span class='ocrx_word' id='word_1_324' title='bbox 1017 3211 1160 3291; x_wconf 82' lang='lat' dir='ltr'>exigant,</span> <span class='ocrx_word' id='word_1_325' title='bbox 1189 3208 1288 3291; x_wconf 88' lang='lat' dir='ltr'>qualis</span> <span class='ocrx_word' id='word_1_326' title='bbox 1311 3215 1361 3270; x_wconf 93' lang='lat' dir='ltr'>est</span> <span class='ocrx_word' id='word_1_327' title='bbox 1376 3202 1546 3269; x_wconf 78' lang='lat' dir='ltr'>’Purbachli</span> 
     </span>
     <span class='ocr_line' id='line_1_34' title="bbox 187 3296 1548 3381; baseline -0.004 -22"><span class='ocrx_word' id='word_1_328' title='bbox 187 3296 218 3359; x_wconf 92' lang='lat' dir='ltr'>in</span> <span class='ocrx_word' id='word_1_329' title='bbox 238 3296 395 3376; x_wconf 87' lang='lat' dir='ltr'>eclipsium</span> <span class='ocrx_word' id='word_1_330' title='bbox 418 3297 530 3359; x_wconf 89' lang='lat' dir='ltr'>tabulis</span> <span class='ocrx_word' id='word_1_331' title='bbox 549 3298 713 3362; x_wconf 88' lang='lat' dir='ltr'>subtilitas.</span> <span class='ocrx_word' id='word_1_332' title='bbox 748 3299 865 3363; x_wconf 88' lang='lat' dir='ltr'>Videas</span> <span class='ocrx_word' id='word_1_333' title='bbox 885 3309 987 3363; x_wconf 86' lang='lat' dir='ltr'>autem</span> <span class='ocrx_word' id='word_1_334' title='bbox 1011 3301 1157 3381; x_wconf 89' lang='lat' dir='ltr'>quosdam</span> <span class='ocrx_word' id='word_1_335' title='bbox 1180 3299 1209 3361; x_wconf 94' lang='lat' dir='ltr'>in</span> <span class='ocrx_word' id='word_1_336' title='bbox 1234 3297 1281 3360; x_wconf 92' lang='lat' dir='ltr'>his</span> <span class='ocrx_word' id='word_1_337' title='bbox 1305 3314 1422 3357; x_wconf 89' lang='lat' dir='ltr'>omnem</span> <span class='ocrx_word' id='word_1_338' title='bbox 1445 3312 1548 3356; x_wconf 88' lang='lat' dir='ltr'>curam</span> 
     </span>
     <span class='ocr_line' id='line_1_35' title="bbox 187 3382 1548 3469; baseline -0.001 -24"><span class='ocrx_word' id='word_1_339' title='bbox 187 3403 309 3466; x_wconf 89' lang='lat' dir='ltr'>ponere,</span> <span class='ocrx_word' id='word_1_340' title='bbox 334 3395 367 3449; x_wconf 93' lang='lat' dir='ltr'>ut</span> <span class='ocrx_word' id='word_1_341' title='bbox 390 3388 477 3466; x_wconf 91' lang='lat' dir='ltr'>plane</span> <span class='ocrx_word' id='word_1_342' title='bbox 501 3388 675 3467; x_wconf 87' lang='lat' dir='ltr'>scrupulose</span> <span class='ocrx_word' id='word_1_343' title='bbox 699 3389 766 3451; x_wconf 88' lang='lat' dir='ltr'>loca</span> <span class='ocrx_word' id='word_1_344' title='bbox 789 3388 920 3451; x_wconf 85' lang='lat' dir='ltr'>siderum</span> <span class='ocrx_word' id='word_1_345' title='bbox 940 3397 1121 3463; x_wconf 87' lang='lat' dir='ltr'>scrutentur,</span> <span class='ocrx_word' id='word_1_346' title='bbox 1145 3389 1195 3469; x_wconf 87' lang='lat' dir='ltr'>qni</span> <span class='ocrx_word' id='word_1_347' title='bbox 1220 3388 1289 3449; x_wconf 92' lang='lat' dir='ltr'>dum</span> <span class='ocrx_word' id='word_1_348' title='bbox 1312 3382 1492 3447; x_wconf 89' lang='lat' dir='ltr'>secundanis</span> <span class='ocrx_word' id='word_1_349' title='bbox 1516 3390 1548 3444; x_wconf 94' lang='lat' dir='ltr'>et</span> 
     </span>
     <span class='ocr_line' id='line_1_36' title="bbox 189 3473 1545 3559; baseline -0.002 -24"><span class='ocrx_word' id='word_1_350' title='bbox 189 3473 340 3555; x_wconf 86' lang='lat' dir='ltr'>tertianis,</span> <span class='ocrx_word' id='word_1_351' title='bbox 364 3475 530 3556; x_wconf 88' lang='lat' dir='ltr'>quartanis,</span> <span class='ocrx_word' id='word_1_352' title='bbox 555 3475 707 3559; x_wconf 86' lang='lat' dir='ltr'>quintanis</span> <span class='ocrx_word' id='word_1_353' title='bbox 730 3477 862 3543; x_wconf 87' lang='lat' dir='ltr'>minutiis</span> <span class='ocrx_word' id='word_1_354' title='bbox 885 3478 1015 3557; x_wconf 88' lang='lat' dir='ltr'>inhiant,</span> <span class='ocrx_word' id='word_1_355' title='bbox 1038 3478 1173 3559; x_wconf 85' lang='lat' dir='ltr'>integras</span> <span class='ocrx_word' id='word_1_356' title='bbox 1187 3475 1309 3538; x_wconf 89' lang='lat' dir='ltr'>interim</span> <span class='ocrx_word' id='word_1_357' title='bbox 1326 3482 1431 3554; x_wconf 86' lang='lat' dir='ltr'>partes</span> <span class='ocrx_word' id='word_1_358' title='bbox 1454 3490 1545 3551; x_wconf 89' lang='lat' dir='ltr'>prae-</span> 
     </span>
     <span class='ocr_line' id='line_1_37' title="bbox 188 3561 1546 3645; baseline -0.004 -20"><span class='ocrx_word' id='word_1_359' title='bbox 188 3571 309 3626; x_wconf 85' lang='lat' dir='ltr'>tereunt</span> <span class='ocrx_word' id='word_1_360' title='bbox 339 3584 434 3645; x_wconf 89' lang='lat' dir='ltr'>neque</span> <span class='ocrx_word' id='word_1_361' title='bbox 458 3564 639 3644; x_wconf 87' lang='lat' dir='ltr'>respiciunt;</span> <span class='ocrx_word' id='word_1_362' title='bbox 674 3572 706 3627; x_wconf 84' lang='lat' dir='ltr'>et</span> <span class='ocrx_word' id='word_1_363' title='bbox 728 3565 758 3628; x_wconf 91' lang='lat' dir='ltr'>in</span> <span class='ocrx_word' id='word_1_364' title='bbox 781 3564 940 3629; x_wconf 83' lang='lat' dir='ltr'>momentis</span> <span class='ocrx_word' id='word_1_365' title='bbox 964 3589 1023 3631; x_wconf 74' lang='lat' dir='ltr'>ror</span> <span class='ocrx_word' id='word_1_366' title='bbox 1046 3587 1229 3644; x_wconf 70' lang='grc' dir='ltr'><strong><em>φαινομηων</em></strong></span> <span class='ocrx_word' id='word_1_367' title='bbox 1252 3582 1343 3643; x_wconf 87' lang='lat' dir='ltr'>saepe</span> <span class='ocrx_word' id='word_1_368' title='bbox 1368 3561 1462 3634; x_wconf 85' lang='lat' dir='ltr'>horis,</span> <span class='ocrx_word' id='word_1_369' title='bbox 1487 3578 1546 3621; x_wconf 94' lang='lat' dir='ltr'>uon</span> 
     </span>
     <span class='ocr_line' id='line_1_38' title="bbox 188 3647 1560 3733; baseline -0.004 -20"><span class='ocrx_word' id='word_1_370' title='bbox 188 3651 281 3713; x_wconf 91' lang='lat' dir='ltr'>etiam</span> <span class='ocrx_word' id='word_1_371' title='bbox 304 3672 453 3733; x_wconf 89' lang='lat' dir='ltr'>nunquam</span> <span class='ocrx_word' id='word_1_372' title='bbox 476 3652 580 3714; x_wconf 90' lang='lat' dir='ltr'>diebus</span> <span class='ocrx_word' id='word_1_373' title='bbox 607 3655 682 3717; x_wconf 89' lang='lat' dir='ltr'>totis</span> <span class='ocrx_word' id='word_1_374' title='bbox 710 3655 867 3717; x_wconf 80' lang='lat' dir='ltr'>aberrant</span> <span class='ocrx_word' id='word_1_375' title='bbox 911 3656 977 3717; x_wconf 88' lang='lat' dir='ltr'>Hoc</span> <span class='ocrx_word' id='word_1_376' title='bbox 1005 3655 1143 3718; x_wconf 88' lang='lat' dir='ltr'>nimirum</span> <span class='ocrx_word' id='word_1_377' title='bbox 1171 3661 1237 3724; x_wconf 85' lang='lat' dir='ltr'>est,</span> <span class='ocrx_word' id='word_1_378' title='bbox 1269 3653 1348 3733; x_wconf 92' lang='lat' dir='ltr'>quod</span> <span class='ocrx_word' id='word_1_379' title='bbox 1377 3650 1406 3713; x_wconf 91' lang='lat' dir='ltr'>in</span> <span class='ocrx_word' id='word_1_380' title='bbox 1435 3647 1560 3711; x_wconf 71' lang='lat' dir='ltr'>subulis*</span> 
     </span>
     <span class='ocr_line' id='line_1_39' title="bbox 148 3736 1545 3825; baseline -0.002 -23"><span class='ocrx_word' id='word_1_381' title='bbox 148 3740 151 3749; x_wconf 78' lang='lat'><em>&#39;</em></span> <span class='ocrx_word' id='word_1_382' title='bbox 187 3742 347 3822; x_wconf 84' lang='lat' dir='ltr'>Aesopicis</span> <span class='ocrx_word' id='word_1_383' title='bbox 370 3743 404 3803; x_wconf 90' lang='lat' dir='ltr'>fit</span> <span class='ocrx_word' id='word_1_384' title='bbox 427 3742 465 3804; x_wconf 92' lang='lat' dir='ltr'>ab</span> <span class='ocrx_word' id='word_1_385' title='bbox 489 3761 533 3816; x_wconf 91' lang='lat' dir='ltr'>eo,</span> <span class='ocrx_word' id='word_1_386' title='bbox 559 3744 607 3822; x_wconf 90' lang='lat' dir='ltr'>qui</span> <span class='ocrx_word' id='word_1_387' title='bbox 632 3745 731 3825; x_wconf 88' lang='lat' dir='ltr'>jussus</span> <span class='ocrx_word' id='word_1_388' title='bbox 755 3743 861 3805; x_wconf 84' lang='lat' dir='ltr'>bovem</span> <span class='ocrx_word' id='word_1_389' title='bbox 885 3744 1028 3807; x_wconf 90' lang='lat' dir='ltr'>amissum</span> <span class='ocrx_word' id='word_1_390' title='bbox 1052 3745 1209 3818; x_wconf 90' lang='lat' dir='ltr'>reducere,</span> <span class='ocrx_word' id='word_1_391' title='bbox 1235 3743 1304 3805; x_wconf 89' lang='lat' dir='ltr'>dum</span> <span class='ocrx_word' id='word_1_392' title='bbox 1328 3739 1452 3801; x_wconf 87' lang='lat' dir='ltr'>aviculis</span> <span class='ocrx_word' id='word_1_393' title='bbox 1477 3736 1545 3819; x_wconf 91' lang='lat' dir='ltr'>qui-</span> 
     </span>
     <span class='ocr_line' id='line_1_40' title="bbox 187 3828 1545 3914; baseline -0.001 -24"><span class='ocrx_word' id='word_1_394' title='bbox 187 3828 313 3893; x_wconf 90' lang='lat' dir='ltr'>busdam</span> <span class='ocrx_word' id='word_1_395' title='bbox 336 3831 496 3911; x_wconf 85' lang='lat' dir='ltr'>captandis</span> <span class='ocrx_word' id='word_1_396' title='bbox 520 3833 639 3908; x_wconf 88' lang='lat' dir='ltr'>studet,</span> <span class='ocrx_word' id='word_1_397' title='bbox 674 3852 769 3913; x_wconf 88' lang='lat' dir='ltr'>neque</span> <span class='ocrx_word' id='word_1_398' title='bbox 798 3833 846 3895; x_wconf 91' lang='lat' dir='ltr'>his</span> <span class='ocrx_word' id='word_1_399' title='bbox 875 3833 990 3914; x_wconf 90' lang='lat' dir='ltr'>potitur</span> <span class='ocrx_word' id='word_1_400' title='bbox 1023 3841 1054 3893; x_wconf 89' lang='lat' dir='ltr'>et</span> <span class='ocrx_word' id='word_1_401' title='bbox 1086 3832 1163 3895; x_wconf 85' lang='lat' dir='ltr'>bove</span> <span class='ocrx_word' id='word_1_402' title='bbox 1195 3833 1286 3894; x_wconf 85' lang='lat' dir='ltr'>etiam</span> <span class='ocrx_word' id='word_1_403' title='bbox 1310 3829 1375 3910; x_wconf 89' lang='lat' dir='ltr'>ipso</span> <span class='ocrx_word' id='word_1_404' title='bbox 1398 3828 1545 3907; x_wconf 87' lang='lat' dir='ltr'>privatur.</span> 
     </span>
     <span class='ocr_line' id='line_1_41' title="bbox 187 3913 1548 4002; baseline -0.004 -22"><span class='ocrx_word' id='word_1_405' title='bbox 187 3917 342 3982; x_wconf 89' lang='lat' dir='ltr'>Recordor</span> <span class='ocrx_word' id='word_1_406' title='bbox 365 3939 433 3983; x_wconf 88' lang='lat' dir='ltr'>cum</span> <span class='ocrx_word' id='word_1_407' title='bbox 456 3929 488 3981; x_wconf 88' lang='lat' dir='ltr'>et</span> <span class='ocrx_word' id='word_1_408' title='bbox 511 3919 575 4001; x_wconf 85' lang='lat' dir='ltr'>ipse</span> <span class='ocrx_word' id='word_1_409' title='bbox 594 3920 722 3998; x_wconf 90' lang='lat' dir='ltr'>juvenili</span> <span class='ocrx_word' id='word_1_410' title='bbox 746 3922 924 3985; x_wconf 90' lang='lat' dir='ltr'>curiositate</span> <span class='ocrx_word' id='word_1_411' title='bbox 948 3922 1134 4002; x_wconf 88' lang='lat' dir='ltr'>impellebar,</span> <span class='ocrx_word' id='word_1_412' title='bbox 1160 3929 1192 3983; x_wconf 92' lang='lat' dir='ltr'>et</span> <span class='ocrx_word' id='word_1_413' title='bbox 1214 3918 1300 4001; x_wconf 88' lang='lat' dir='ltr'>quasi</span> <span class='ocrx_word' id='word_1_414' title='bbox 1325 3919 1354 3980; x_wconf 90' lang='lat' dir='ltr'>in</span> <span class='ocrx_word' id='word_1_415' title='bbox 1377 3913 1548 3997; x_wconf 86' lang='lat' dir='ltr'>penetralia</span> 
     </span>
     <span class='ocr_line' id='line_1_42' title="bbox 187 4004 1546 4093; baseline 0.001 -25"><span class='ocrx_word' id='word_1_416' title='bbox 187 4007 318 4071; x_wconf 84' lang='lat' dir='ltr'>siderum</span> <span class='ocrx_word' id='word_1_417' title='bbox 344 4008 501 4088; x_wconf 88' lang='lat' dir='ltr'>pervenire</span> <span class='ocrx_word' id='word_1_418' title='bbox 530 4010 696 4089; x_wconf 87' lang='lat' dir='ltr'>cupiebam.</span> <span class='ocrx_word' id='word_1_419' title='bbox 743 4012 851 4093; x_wconf 84' lang='lat' dir='ltr'>Itaque</span> <span class='ocrx_word' id='word_1_420' title='bbox 882 4012 920 4073; x_wconf 92' lang='lat' dir='ltr'>de</span> <span class='ocrx_word' id='word_1_421' title='bbox 952 4012 1010 4074; x_wconf 87' lang='lat' dir='ltr'>hac</span> <span class='ocrx_word' id='word_1_422' title='bbox 1042 4010 1240 4091; x_wconf 83' lang='lat' dir='ltr'>exquisitione</span> <span class='ocrx_word' id='word_1_423' title='bbox 1271 4006 1420 4069; x_wconf 85' lang='lat' dir='ltr'>interdurn</span> <span class='ocrx_word' id='word_1_424' title='bbox 1453 4004 1546 4069; x_wconf 84' lang='lat' dir='ltr'>etiam</span> 
     </span>
     <span class='ocr_line' id='line_1_43' title="bbox 187 4091 1547 4180; baseline -0.003 -25"><span class='ocrx_word' id='word_1_425' title='bbox 187 4096 309 4161; x_wconf 82' lang='lat' dir='ltr'>rixabar</span> <span class='ocrx_word' id='word_1_426' title='bbox 331 4116 400 4159; x_wconf 86' lang='lat' dir='ltr'>cum</span> <span class='ocrx_word' id='word_1_427' title='bbox 423 4098 535 4178; x_wconf 86' lang='lat' dir='ltr'>optimo</span> <span class='ocrx_word' id='word_1_428' title='bbox 558 4106 591 4160; x_wconf 88' lang='lat' dir='ltr'>et</span> <span class='ocrx_word' id='word_1_429' title='bbox 614 4099 743 4165; x_wconf 83' lang='lat' dir='ltr'>maximo</span> <span class='ocrx_word' id='word_1_430' title='bbox 757 4102 822 4163; x_wconf 86' lang='lat' dir='ltr'>viro</span> <span class='ocrx_word' id='word_1_431' title='bbox 838 4098 1015 4180; x_wconf 86' lang='lat' dir='ltr'>Cepernico.</span> <span class='ocrx_word' id='word_1_432' title='bbox 1053 4098 1116 4163; x_wconf 89' lang='lat' dir='ltr'>Sed</span> <span class='ocrx_word' id='word_1_433' title='bbox 1139 4100 1201 4169; x_wconf 88' lang='lat' dir='ltr'>ille.</span> <span class='ocrx_word' id='word_1_434' title='bbox 1224 4116 1290 4159; x_wconf 88' lang='lat' dir='ltr'>oum</span> <span class='ocrx_word' id='word_1_435' title='bbox 1314 4095 1432 4175; x_wconf 87' lang='lat' dir='ltr'>quidem</span> <span class='ocrx_word' id='word_1_436' title='bbox 1456 4091 1547 4153; x_wconf 89' lang='lat' dir='ltr'>animi</span> 
     </span>
     <span class='ocr_line' id='line_1_44' title="bbox 188 4178 1546 4268; baseline -0.004 -22"><span class='ocrx_word' id='word_1_437' title='bbox 188 4186 248 4247; x_wconf 89' lang='lat' dir='ltr'>mei</span> <span class='ocrx_word' id='word_1_438' title='bbox 270 4186 399 4248; x_wconf 88' lang='lat' dir='ltr'>honesta</span> <span class='ocrx_word' id='word_1_439' title='bbox 421 4187 585 4267; x_wconf 88' lang='lat' dir='ltr'>cupiditate</span> <span class='ocrx_word' id='word_1_440' title='bbox 611 4189 829 4263; x_wconf 87' lang='lat' dir='ltr'>delectaretur,</span> <span class='ocrx_word' id='word_1_441' title='bbox 860 4189 944 4252; x_wconf 90' lang='lat' dir='ltr'>molli</span> <span class='ocrx_word' id='word_1_442' title='bbox 972 4189 1095 4252; x_wconf 88' lang='lat' dir='ltr'>brachio</span> <span class='ocrx_word' id='word_1_443' title='bbox 1119 4188 1277 4268; x_wconf 88' lang='lat' dir='ltr'>objurgare</span> <span class='ocrx_word' id='word_1_444' title='bbox 1301 4202 1348 4245; x_wconf 75' lang='lat' dir='ltr'>ne</span> <span class='ocrx_word' id='word_1_445' title='bbox 1377 4190 1409 4245; x_wconf 90' lang='lat' dir='ltr'>et</span> <span class='ocrx_word' id='word_1_446' title='bbox 1430 4178 1546 4243; x_wconf 88' lang='lat' dir='ltr'>hortari</span> 
     </span>
    </p>
   </div>
   <div class='ocr_carea' id='block_1_3' title="bbox 188 4268 1614 4897">
    <p class='ocr_par' dir='ltr' id='par_1_3' title="bbox 188 4268 1614 4897">
     <span class='ocr_line' id='line_1_45' title="bbox 188 4268 1546 4359; baseline 0.001 -24"><span class='ocrx_word' id='word_1_447' title='bbox 188 4274 321 4350; x_wconf 90' lang='lat' dir='ltr'>solebat,</span> <span class='ocrx_word' id='word_1_448' title='bbox 351 4284 385 4339; x_wconf 91' lang='lat' dir='ltr'>ut</span> <span class='ocrx_word' id='word_1_449' title='bbox 409 4294 529 4359; x_wconf 82' lang='lat' dir='ltr'>menum</span> <span class='ocrx_word' id='word_1_450' title='bbox 553 4277 644 4339; x_wconf 89' lang='lat' dir='ltr'>etiam</span> <span class='ocrx_word' id='word_1_451' title='bbox 668 4278 705 4339; x_wconf 93' lang='lat' dir='ltr'>de</span> <span class='ocrx_word' id='word_1_452' title='bbox 728 4280 835 4341; x_wconf 88' lang='lat' dir='ltr'>tabula</span> <span class='ocrx_word' id='word_1_453' title='bbox 863 4279 970 4341; x_wconf 88' lang='lat' dir='ltr'>tbllere</span> <span class='ocrx_word' id='word_1_454' title='bbox 995 4276 1159 4340; x_wconf 87' lang='lat' dir='ltr'>discerem:</span> <span class='ocrx_word' id='word_1_455' title='bbox 1197 4275 1282 4354; x_wconf 86' lang='lat' dir='ltr'>Ego,</span> <span class='ocrx_word' id='word_1_456' title='bbox 1311 4270 1428 4352; x_wconf 84' lang='lat' dir='ltr'>inquit,</span> <span class='ocrx_word' id='word_1_457' title='bbox 1457 4269 1483 4330; x_wconf 80' lang='lat' dir='ltr'>si</span> <span class='ocrx_word' id='word_1_458' title='bbox 1507 4268 1546 4329; x_wconf 66' lang='lat' dir='ltr'>sd</span> 
     </span>
     <span class='ocr_line' id='line_1_46' title="bbox 188 4354 1546 4444; baseline -0.006 -19"><span class='ocrx_word' id='word_1_459' title='bbox 188 4370 355 4433; x_wconf 65' lang='lat' dir='ltr'>sumnus.</span> <span class='ocrx_word' id='word_1_460' title='bbox 379 4383 456 4444; x_wconf 86' lang='lat' dir='ltr'>quae</span> <span class='ocrx_word' id='word_1_461' title='bbox 480 4374 551 4427; x_wconf 89' lang='lat' dir='ltr'>sunt</span> <span class='ocrx_word' id='word_1_462' title='bbox 573 4368 714 4444; x_wconf 88' lang='lat' dir='ltr'>scrupula</span> <span class='ocrx_word' id='word_1_463' title='bbox 735 4369 850 4440; x_wconf 88' lang='lat' dir='ltr'>decem,</span> <span class='ocrx_word' id='word_1_464' title='bbox 874 4368 1036 4430; x_wconf 89' lang='lat' dir='ltr'>veritatem</span> <span class='ocrx_word' id='word_1_465' title='bbox 1056 4366 1204 4427; x_wconf 87' lang='lat' dir='ltr'>adducere</span> <span class='ocrx_word' id='word_1_466' title='bbox 1224 4371 1342 4442; x_wconf 85' lang='lat' dir='ltr'>potero,</span> <span class='ocrx_word' id='word_1_467' title='bbox 1366 4377 1425 4420; x_wconf 92' lang='lat' dir='ltr'>non</span> <span class='ocrx_word' id='word_1_468' title='bbox 1449 4354 1546 4419; x_wconf 89' lang='lat' dir='ltr'>minus</span> 
     </span>
     <span class='ocr_line' id='line_1_47' title="bbox 189 4444 1546 4537; baseline -0.007 -24"><span class='ocrx_word' id='word_1_469' title='bbox 189 4453 331 4515; x_wconf 82' lang='lat' dir='ltr'>exultabo</span> <span class='ocrx_word' id='word_1_470' title='bbox 353 4452 471 4529; x_wconf 87' lang='lat' dir='ltr'>animis,</span> <span class='ocrx_word' id='word_1_471' title='bbox 496 4474 584 4537; x_wconf 88' lang='lat' dir='ltr'>quarn</span> <span class='ocrx_word' id='word_1_472' title='bbox 609 4455 725 4517; x_wconf 88' lang='lat' dir='ltr'>ratione</span> <span class='ocrx_word' id='word_1_473' title='bbox 749 4474 871 4517; x_wconf 90' lang='lat' dir='ltr'>normae</span> <span class='ocrx_word' id='word_1_474' title='bbox 895 4464 1018 4536; x_wconf 89' lang='lat' dir='ltr'>reperta</span> <span class='ocrx_word' id='word_1_475' title='bbox 1036 4454 1240 4536; x_wconf 80' lang='lat' dir='ltr'>Pythagoram</span> <span class='ocrx_word' id='word_1_476' title='bbox 1265 4449 1445 4530; x_wconf 87' lang='lat' dir='ltr'>accepimus.</span> <span class='ocrx_word' id='word_1_477' title='bbox 1483 4444 1546 4507; x_wconf 87' lang='lat' dir='ltr'>Mi·</span> 
     </span>
     <span class='ocr_line' id='line_1_48' title="bbox 189 4534 1545 4621; baseline -0.004 -19"><span class='ocrx_word' id='word_1_478' title='bbox 189 4550 275 4604; x_wconf 90' lang='lat' dir='ltr'>rante</span> <span class='ocrx_word' id='word_1_479' title='bbox 308 4562 355 4605; x_wconf 91' lang='lat' dir='ltr'>me</span> <span class='ocrx_word' id='word_1_480' title='bbox 384 4549 416 4604; x_wconf 90' lang='lat' dir='ltr'>et</span> <span class='ocrx_word' id='word_1_481' title='bbox 444 4542 638 4606; x_wconf 88' lang='lat' dir='ltr'>annitendum</span> <span class='ocrx_word' id='word_1_482' title='bbox 667 4563 734 4605; x_wconf 92' lang='lat' dir='ltr'>esse</span> <span class='ocrx_word' id='word_1_483' title='bbox 764 4544 802 4604; x_wconf 90' lang='lat' dir='ltr'>ad</span> <span class='ocrx_word' id='word_1_484' title='bbox 826 4545 958 4607; x_wconf 88' lang='lat' dir='ltr'>certiora</span> <span class='ocrx_word' id='word_1_485' title='bbox 981 4544 1119 4619; x_wconf 81' lang='lat' dir='ltr'>dicente,</span> <span class='ocrx_word' id='word_1_486' title='bbox 1152 4541 1209 4603; x_wconf 87' lang='lat' dir='ltr'>hnc</span> <span class='ocrx_word' id='word_1_487' title='bbox 1232 4539 1351 4621; x_wconf 88' lang='lat' dir='ltr'>quidem</span> <span class='ocrx_word' id='word_1_488' title='bbox 1375 4556 1441 4598; x_wconf 89' lang='lat' dir='ltr'>cum</span> <span class='ocrx_word' id='word_1_489' title='bbox 1465 4534 1545 4598; x_wconf 86' lang='lat' dir='ltr'>diffi-</span> 
     </span>
     <span class='ocr_line' id='line_1_49' title="bbox 188 4626 1546 4712; baseline -0.007 -17"><span class='ocrx_word' id='word_1_490' title='bbox 188 4631 302 4695; x_wconf 88' lang='lat' dir='ltr'>cultate</span> <span class='ocrx_word' id='word_1_491' title='bbox 326 4634 417 4695; x_wconf 87' lang='lat' dir='ltr'>etiam</span> <span class='ocrx_word' id='word_1_492' title='bbox 442 4640 619 4712; x_wconf 89' lang='lat' dir='ltr'>perventum</span> <span class='ocrx_word' id='word_1_493' title='bbox 642 4632 678 4695; x_wconf 92' lang='lat' dir='ltr'>iri</span> <span class='ocrx_word' id='word_1_494' title='bbox 702 4634 940 4706; x_wconf 86' lang='lat' dir='ltr'>demonstrabat,</span> <span class='ocrx_word' id='word_1_495' title='bbox 965 4652 1032 4697; x_wconf 91' lang='lat' dir='ltr'>cum</span> <span class='ocrx_word' id='word_1_496' title='bbox 1056 4631 1133 4706; x_wconf 89' lang='lat' dir='ltr'>aliis,</span> <span class='ocrx_word' id='word_1_497' title='bbox 1159 4636 1221 4692; x_wconf 90' lang='lat' dir='ltr'>tnm</span> <span class='ocrx_word' id='word_1_498' title='bbox 1237 4629 1333 4693; x_wconf 89' lang='lat' dir='ltr'>tribus</span> <span class='ocrx_word' id='word_1_499' title='bbox 1355 4626 1546 4708; x_wconf 90' lang='lat' dir='ltr'>potissimum</span> 
     </span>
     <span class='ocr_line' id='line_1_50' title="bbox 189 4713 1544 4802; baseline -0.004 -21"><span class='ocrx_word' id='word_1_500' title='bbox 189 4720 226 4781; x_wconf 92' lang='lat' dir='ltr'>de</span> <span class='ocrx_word' id='word_1_501' title='bbox 250 4720 361 4782; x_wconf 88' lang='lat' dir='ltr'>causis.</span> <span class='ocrx_word' id='word_1_502' title='bbox 399 4721 513 4784; x_wconf 90' lang='lat' dir='ltr'>Harum</span> <span class='ocrx_word' id='word_1_503' title='bbox 536 4722 665 4802; x_wconf 90' lang='lat' dir='ltr'>primam</span> <span class='ocrx_word' id='word_1_504' title='bbox 688 4742 757 4784; x_wconf 89' lang='lat' dir='ltr'>esse</span> <span class='ocrx_word' id='word_1_505' title='bbox 781 4721 893 4802; x_wconf 86' lang='lat' dir='ltr'>ajebat,</span> <span class='ocrx_word' id='word_1_506' title='bbox 919 4723 998 4802; x_wconf 90' lang='lat' dir='ltr'>quod</span> <span class='ocrx_word' id='word_1_507' title='bbox 1019 4720 1280 4793; x_wconf 79' lang='lat' dir='ltr'>animadverteret,</span> <span class='ocrx_word' id='word_1_508' title='bbox 1304 4716 1465 4798; x_wconf 86' lang='lat' dir='ltr'>plerasque</span> <span class='ocrx_word' id='word_1_509' title='bbox 1488 4713 1544 4777; x_wconf 94' lang='lat' dir='ltr'>ob-</span> 
     </span>
     <span class='ocr_line' id='line_1_51' title="bbox 189 4805 1614 4897; baseline -0.008 -24"><span class='ocrx_word' id='word_1_510' title='bbox 189 4809 378 4873; x_wconf 77' lang='lat' dir='ltr'>seruationes</span> <span class='ocrx_word' id='word_1_511' title='bbox 392 4817 530 4874; x_wconf 81' lang='lat' dir='ltr'>ueterum</span> <span class='ocrx_word' id='word_1_512' title='bbox 548 4811 684 4875; x_wconf 82' lang='lat' dir='ltr'>sinceras</span> <span class='ocrx_word' id='word_1_513' title='bbox 705 4829 762 4872; x_wconf 94' lang='lat' dir='ltr'>non</span> <span class='ocrx_word' id='word_1_514' title='bbox 778 4829 855 4885; x_wconf 86' lang='lat' dir='ltr'>esse,</span> <span class='ocrx_word' id='word_1_515' title='bbox 880 4811 935 4875; x_wconf 91' lang='lat' dir='ltr'>sed</span> <span class='ocrx_word' id='word_1_516' title='bbox 959 4808 1202 4873; x_wconf 81' lang='lat' dir='ltr'>accommodatas</span> <span class='ocrx_word' id='word_1_517' title='bbox 1226 4808 1265 4870; x_wconf 83' lang='lat' dir='ltr'>ad</span> <span class='ocrx_word' id='word_1_518' title='bbox 1290 4825 1357 4870; x_wconf 88' lang='lat' dir='ltr'>eam</span> <span class='ocrx_word' id='word_1_519' title='bbox 1380 4805 1547 4868; x_wconf 89' lang='lat' dir='ltr'>doctrinam</span> <span class='ocrx_word' id='word_1_520' title='bbox 1610 4888 1614 4897; x_wconf 19' lang='lat'>⁸</span> 
     </span>
    </p>
   </div>
   <div class='ocr_carea' id='block_1_4' title="bbox 0 0 1810 5634">
    <p class='ocr_par' dir='ltr' id='par_1_4' title="bbox 0 0 1810 5634">
     <span class='ocr_line' id='line_1_52' title="bbox 0 0 1810 5634; baseline 0 1"><span class='ocrx_word' id='word_1_521' title='bbox 0 0 1810 5634; x_wconf 95' lang='lat' dir='ltr'> </span> 
     </span>
    </p>
   </div>
  </div>
 </body>
</html>
