3609 5634
290 329 355 398 384
708 327 809 378 Litsras
825 326 929 391 Kepisn'
948 326 1099 392 thome
1116 332 1218 377 ructuas

289 486 310 568 ij
335 495 366 548 et
388 484 419 560 11
442 484 523 548 circs
545 491 649 547 tonum
671 484 826 558 minorem,
851 502 945 564 eoque
968 484 1065 546 minus
1089 483 1203 566 aliquid
1215 489 1384 559 1111111111,
1411 483 1437 558 9
1459 483 1512 546 vix
1527 499 1658 546 cerm

295 571 363 658 ml„
394 573 529 654 attingit.
574 575 619 635 At
643 575 664 650 ti
686 581 759 653 puto
783 572 906 653 assequi
929 577 1144 653 msoocpor,
1169 572 1277 635 antid
1300 574 1379 635 forte
1401 591 1555 653 superare.
1600 570 1657 634 Ut

291 663 311 742 li
336 673 368 726 et
390 664 419 738 11
443 669 572 744 possunt
595 681 760 724 consonare
783 663 908 724 tertiam
931 662 1045 737 duram,
1068 672 1197 741 possunt
1218 669 1251 724 et
1265 661 1409 743 quintam,
1433 666 1652 725 1111111111.

290 755 349 816 Hic
372 758 578 830 imreoocpor
610 751 644 811 fit
666 752 805 813 medium.
851 751 903 812 Fit
925 751 1016 831 igitur
1039 751 1096 813 hac
1118 751 1286 816 intentione
1318 757 1352 813 et
1379 750 1554 813 remissione
1576 767 1655 812 mo-

291 854 374 905 tuum
397 841 580 921 singulorum
603 840 804 919 planetarum,
828 849 862 902 ut
885 839 1044 904 continuae
1068 841 1287 919 quodammodo
1310 839 1374 902 sint
1395 839 1425 901 in
1445 838 1654 902 coelodisso·

291 931 428 1005 nantiae,
453 929 663 992 interstinctus
687 936 787 991 11111111
812 928 903 990 111111
926 928 1045 1008 punctis
1068 937 1344 991 momentanearum
1367 926 1653 1000 consonantiarum

291 1019 541 1102 quemadmodum
572 1018 657 1096 ipsae
689 1018 781 1079 etiam
813 1017 1000 1079 radiationes
1032 1027 1182 1080 astrorum
1214 1018 1355 1080 continue
1387 1024 1495 1079 carent
1519 1025 1653 1097 aspmsu

291 1109 493 1191 geometrico,
527 1107 663 1169 incidunt
689 1115 790 1169 tamen
822 1106 1018 1186 inaspectos
1045 1107 1246 1186 geometricos
1268 1106 1360 1169 certis
1382 1106 1541 1169 momentis
1562 1113 1652 1167 tcm-

292 1218 406 1279 pouum,
431 1196 552 1259 circiter
575 1192 618 1257 70
641 1195 670 1256 in
695 1196 782 1257 annis
805 1194 944 1275 singulis.
990 1196 1097 1276 ltaque
1125 1195 1155 1257 in
1181 1194 1406 1277 „disputatione
1438 1194 1648 1273 astralogica“

292 1286 543 1350 considerandum
565 1284 683 1364 reliqui,
706 1304 744 1346 an
768 1283 847 1346 sicut
869 1284 901 1345 hi
924 1292 1067 1365 aspectus
1090 1285 1292 1348 momentanei
1305 1283 1472 1347 incidentes
1490 1283 1653 1346 concitant

292 1385 430 1440 naturam
454 1375 494 1436 ad
516 1374 625 1436 cienda
647 1383 801 1448 meteora,
832 1393 898 1434 cum
923 1375 1068 1453 langueat
1090 1374 1144 1435 illa
1166 1381 1200 1436 ut
1221 1373 1399 1454 plurimum,
1430 1373 1549 1453 quando
1571 1371 1651 1434 nulli

292 1474 363 1528 sunt
387 1471 545 1544 aspectus,
581 1463 673 1532 adeo,
706 1471 740 1525 ut
761 1464 935 1541 plerumque
968 1481 1106 1524 serenum
1135 1472 1168 1525 et
1199 1462 1392 1544 tranquillum
1418 1462 1461 1523 sit
1482 1469 1568 1536 tuuc3
1601 1460 1661 1523 sic·

293 1557 384 1620 etiam
404 1555 460 1615 hae
476 1552 659 1620 harmoniae,
684 1551 850 1613 incidentes
865 1553 956 1614 certis
971 1551 1140 1626 momentis,
1166 1551 1280 1632 aliquid
1299 1553 1330 1612 in
1344 1550 1453 1613 mundo
1471 1558 1650 1613 esmensur.

383 1642 577 1705 Amicissime
600 1641 724 1716 Tancki,
749 1639 820 1702 boni
834 1641 975 1703 consulas
990 1641 1158 1702 discursum
1179 1639 1272 1703 istum
1289 1658 1380 1719 super
1392 1639 1560 1701 Reinhardi
1572 1657 1651 1718 spe-

293 1734 455 1796 culatione.
500 1730 602 1792 Prima
625 1730 700 1792 haec
723 1730 824 1809 opella
849 1737 907 1800 est,
931 1748 1008 1810 quae
1032 1748 1078 1790 me
1101 1750 1121 1791 a
1134 1728 1410 1809 strepitunuptiali
1432 1727 1589 1790 1111111111
1607 1725 1651 1788 ad

293 1824 464 1894 Musarum,
495 1818 555 1880 imo
579 1816 755 1880 Gratiamm
788 1837 886 1882 sacra.
933 1818 1045 1881 Martis
1073 1818 1153 1880 enim
1180 1818 1270 1880 lituos
1299 1837 1357 1880 non
1386 1835 1472 1893 curo,
1505 1810 1577 1898 q⁸uia
1600 1833 1650 1876 mc

293 1911 424 1973 nondum
448 1908 586 1969 attinent

383 1997 518 2060 Libellos
532 2014 615 2057 meos
638 1994 761 2070 11111111,
786 2001 821 2056 ut
842 1995 899 2058 vis.
945 1995 1036 2058 Mitte
1050 1995 1189 2076 pagellas
1207 1994 1389 2057 successive.
1435 1993 1525 2056 Vale.
1567 1994 1650 2058 Prn-

294 2090 373 2151 nime
397 2084 522 2148 movebo
546 2085 650 2163 aliqua
672 2084 799 2158 medica,
823 2101 881 2146 non
905 2102 977 2146 vero
1001 2103 1040 2146 ex
1062 2082 1190 2160 Gaiano,
1215 2084 1270 2146 sed
1293 2103 1333 2145 ex
1357 2102 1414 2144 me.

384 2175 503 2253 magas
527 2172 556 2235 r.
585 2170 634 2235 11.
657 2172 735 2251 11111
760 2169 854 2236 roos.

367 2264 480 2328 Apparet
502 2277 516 2311 e
534 2262 675 2326 praemissis
693 2260 796 2325 Kepleri
814 2260 892 2311 literis
911 2266 937 2311 et
954 2261 997 2319 iis,
1023 2274 1089 2326 quas
1106 2260 1223 2327 leguntur
1239 2274 1316 2326 supra
1333 2256 1370 2324 (p.
1391 2257 1467 2321 1117),
1492 2260 1575 2323 ipsum
1590 2257 1652 2308 iuda

296 2337 328 2387 ab
347 2350 412 2386 anno
433 2331 502 2383 1601)
519 2335 673 2397 proposuisse
692 2333 738 2381 sibi
757 2332 962 2382 conscribendum
979 2333 1068 2383 librum
1085 2332 1163 2389 illum,
1181 2347 1255 2395 quem
1268 2346 1334 2381 anno
1348 2330 1446 2380 demum
1462 2327 1538 2380 1619.
1559 2330 1651 2394 publici

294 2409 356 2472 juris
374 2408 447 2466 iecit,
476 2404 660 2464 „Harmonicsn
678 2401 792 2460 Mundi“,
812 2411 851 2461 et,
869 2403 1027 2468 Pythagorae
1046 2411 1158 2453 secutum
1176 2402 1403 2466 philosophemate,
1430 2407 1511 2451 motus
1529 2401 1652 2452 coelestes

297 2491 441 2543 comparare
458 2489 586 2540 nunquam
607 2475 708 2524 desiisse
732 2490 788 2524 cum
806 2477 914 2524 numeris
931 2475 1079 2524 harmonicis
1097 2477 1212 2538 sonhque
1229 2473 1401 2531 musicalibus,
1426 2487 1524 2537 semper
1540 2474 1653 2522 inermum

297 2549 505 2604 theorematibus,
524 2547 632 2611 quaein
653 2545 817 2604 „Prodromo“
836 2547 970 2610 proposuit
1008 2545 1124 2596 Ceterum
1147 2545 1194 2596 hoc
1216 2544 1270 2595 loco
1293 2545 1367 2595 verbo
1391 2551 1490 2594 tantem
1511 2544 1577 2595 haas
1598 2557 1651 2592 mn·

299 2623 382 2671 unisse
401 2627 441 2668 111
460 2625 506 2675 est,
525 2617 633 2681 pluribus
651 2619 678 2666 in
696 2618 850 2680 praefatione
870 2617 903 2667 ad
917 2616 1110 2675 „Harmoniam
1131 2616 1161 2667 de
1173 2616 1212 2666 his
1230 2617 1355 2682 agendum
1367 2618 1422 2666 erit.
1459 2615 1517 2677 Qua
1543 2629 1603 2665 usus
1619 2616 1655 2663 dt

299 2694 394 2742 ratione
413 2689 612 2740 Reinhardus
637 2689 663 2737 in
689 2688 807 2756 divisione
832 2688 1005 2750 monochordi,
1031 2703 1087 2738 cnm
1114 2703 1165 2738 nen
1193 2690 1325 2753 contigerit
1350 2689 1420 2737 nobis
1438 2688 1561 2751 inspicere
1586 2686 1651 2735 illins

298 2764 394 2819 librum,
413 2762 545 2818 nescimus,
564 2773 644 2824 neque
664 2758 731 2808 eliud
750 2760 780 2808 de
800 2767 900 2809 auctore
920 2758 1008 2809 1111111
1027 2774 1163 2822 possumus,
1182 2773 1256 2823 qnam
1274 2774 1376 2808 munere
1394 2760 1505 2807 functum
1522 2772 1652 2808 11111111-

299 2835 358 2883 toris
376 2835 403 2881 in
421 2832 509 2896 oppido
522 2830 689 2895 Scbneeberg.
726 2830 817 2880 Eodem
844 2832 952 2879 cantoris
975 2844 1076 2880 munere
1103 2829 1253 2894 fungebatur
1271 2827 1386 2880 Setbns
1405 2827 1566 2878 Calvisius
1586 2825 1652 2889 (nat.

300 2902 369 2954 ihbd
388 2903 520 2958 Forslehii.
548 2916 614 2967 pago
633 2899 811 2967 thuringiae),
836 2903 903 2966 prius
921 2901 1028 2959 Portae,
1053 2901 1158 2964 posthac
1177 2902 1284 2964 Lipsiae.
1321 2900 1368 2951 lile
1394 2911 1528 2950 veronen
1554 2905 1654 2949 tunm

298 2977 398 3026 musicis
416 2989 444 3025 se
462 2972 539 3032 dedit,
558 2973 603 3023 sed
621 2975 797 3023 astronomiam
817 2987 913 3037 qnoque
932 2979 958 3023 et
975 2972 1159 3039 chronologiam
1172 2972 1278 3030 colebat,
1298 2978 1325 3023 et
1336 2971 1415 3022 dehis
1427 2972 1562 3035 disciplinis
1573 2970 1655 3021 nutes

301 3062 346 3111 per
357 3048 443 3096 literas
462 3046 514 3110 egit
533 3059 590 3094 cum
607 3044 660 3094 Jos.
679 3042 816 3109 Scaligaro,
835 3043 945 3108 Keplero
965 3051 991 3093 11
1009 3043 1077 3101 aliis,
1105 3058 1214 3109 opusque
1234 3044 1312 3093 edidit
1330 3042 1614 3109 chronologicum.
1637 3055 1655 3091 a

302 3116 479 3182 posterioribus
497 3118 590 3179 passim
608 3115 745 3164 laudatum.
782 3115 812 3164 In
831 3115 1009 3180 chronologicis
1018 3131 1068 3165 non
1086 3114 1160 3179 plane
1179 3116 1303 3164 consentit
1321 3129 1377 3164 cum
1395 3114 1519 3177 Keplero,
1548 3127 1654 3178 quocum

299 3190 397 3253 publice
423 3202 468 3251 per
487 3186 572 3235 literas
592 3186 726 3249 disputarit
746 3186 793 3244 ,de
812 3199 878 3235 anno
895 3187 1033 3235 11111111111
1047 3186 1164 3244 christia
1188 3200 1292 3250 eamque
1311 3186 1342 3234 ob
1361 3199 1463 3236 causam
1489 3185 1598 3249 pluribus
1616 3183 1653 3233 di·

303 3260 396 3309 cendus
422 3259 469 3307 erit
492 3259 519 3306 in
542 3256 609 3306 libris
627 3256 730 3319 Keplsri
747 3257 934 3321 chronologicis.
971 3256 1039 3317 Quos
1063 3256 1124 3307 dicit
1141 3257 1264 3321 Keplerus
1282 3255 1318 3321 (p.
1338 3254 1402 3318 179)
1423 3255 1654 3316 ἰ11111111111111111-

300 3330 408 3380 sianos¹⁶=
427 3330 445 3377 ii
463 3329 548 3378 insunt
565 3327 627 3378 torte
646 3327 727 3376 libello
738 3327 837 3377 Calvisii
855 3328 988 3391 inscripto:
1008 3328 1177 3385 ,Exercitatio
1194 3329 1316 3387 musica“‚
1335 3343 1409 3394 quam
1425 3330 1492 3393 typis
1509 3330 1655 3393 impresm

301 3403 362 3452 dicit
380 3400 523 3452 Joecberus.
543 3397 680 3460 (Mortrmm
706 3398 839 3447 Calvisium
861 3400 966 3448 nunciat
982 3399 1092 3463 Keplero
1110 3399 1177 3450 Petr.
1198 3399 1321 3465 Critgerus
1345 3399 1384 3450 his
1402 3400 1494 3450 serbis:
1521 3399 1655 3450 Calvisium

300 3488 386 3523 meuse
404 3471 537 3522 Novembri
556 3467 649 3532 [1615]
669 3471 789 3520 decidisse
806 3467 927 3532 corfini)
947 3494 979 3505 —

370 3545 416 3594 His
434 3543 574 3607 praemissis
593 3541 705 3592 addimus
724 3542 771 3590 duo
792 3541 948 3600 „themata“,
968 3542 1073 3592 alterum
1091 3539 1184 3610 Medici
1203 3541 1339 3604 cniusdam,
1358 3542 1385 3591 in
1403 3557 1450 3606 qno
1468 3557 1520 3592 rem
1531 3540 1654 3606 Keplero:

302 3622 397 3667 tractat
407 3618 467 3678 joca
485 3615 554 3664 seriis
572 3615 693 3671 miscens,
713 3612 817 3663 alterum
831 3613 1075 3671 Wallcnstsnii,
1094 3613 1159 3677 quod
1176 3626 1251 3676 supra
1268 3615 1356 3677 paucis
1374 3613 1487 3663 diximus.

302 3719 305 3726 .
390 3686 436 3748 ct.
462 3686 501 3748 D.
525 3686 650 3748 Doctor.
696 3685 766 3747 Etsi
789 3685 918 3747 mihi'es
942 3686 978 3746 de
1003 3684 1080 3746 facie
1103 3685 1244 3764 ignotus,
1278 3683 1531 3762 commonacum
1552 3693 1654 3746 tamen

302 3788 421 3839 tuarum
445 3776 599 3837 literarum
623 3773 663 3835 ad
686 3793 734 3835 me
757 3774 882 3837 missum
906 3793 926 3834 a
947 3773 1111 3847 Friderico,
1137 3774 1233 3836 amico
1257 3782 1320 3850 tuo,
1345 3775 1382 3836 de
1406 3775 1467 3838 tuis
1490 3772 1655 3855 postulatis

301 3884 348 3927 me
371 3863 530 3926 certiorem
554 3858 694 3938 reddidit,
719 3881 824 3943 meque
848 3863 982 3924 vicissim
1004 3861 1163 3943 permovit,
1187 3870 1222 3924 nt
1244 3864 1283 3926 sd
1310 3872 1341 3926 te
1365 3863 1539 3927 scriberem.
1576 3862 1654 3924 Peto

302 3965 404 4017 autem
428 3953 484 4014 aba
506 3961 547 4027 te,
573 3959 608 4013 ut
630 3952 660 4013 iu
683 3971 730 4014 me
755 3952 836 4014 feras
860 3971 928 4014 eam
951 3952 1134 4025 libertatem,
1160 3971 1248 4033 quam
1272 3953 1349 4016 inte
1374 3954 1476 4017 ferunt
1497 3952 1582 4033 aegri
1599 3951 1654 4013 tui.

303 4042 445 4124 Epistola
467 4049 521 4102 tua
542 4040 635 4121 plena
659 4050 707 4104 est
730 4040 966 4122 superstitionis.
1014 4039 1102 4111 Quod
1128 4041 1331 4105 valetudinem
1358 4043 1486 4118 attinet,
1518 4042 1568 4103 ita
1590 4047 1655 4102 est:

305 4142 455 4194 astrorum
480 4150 572 4193 causa
594 4131 682 4192 homo
707 4129 867 4212 aliquando
891 4129 995 4192 multis
1019 4140 1148 4193 vexatur
1170 4132 1381 4208 incommodis,
1407 4132 1475 4212 ipsa
1496 4138 1598 4194 tamen
1620 4129 1680 4190 ss'

302 4221 388 4302 ipsis,
413 4220 458 4281 nti
481 4239 540 4282 nou
565 4220 632 4282 sola
654 4228 821 4299 genuemnt
844 4220 976 4295 morbos,
1000 4217 1045 4281 ita
1068 4221 1135 4282 sola
1157 4220 1335 4283 medicinam
1350 4228 1511 4303 praestant
1532 4220 1656 4282 nullam.

301 4310 396 4373 Utere
422 4319 487 4372 arte
512 4316 575 4383 tua,
600 4310 716 4388 corrige
740 4310 888 4383 diaetam,
914 4308 1004 4370 animi
1028 4309 1280 4390 tranquillitatem
1303 4311 1518 4391 complectere,
1542 4316 1577 4372 11
1597 4309 1657 4371 im·-
1720 4345 1723 4346 ν

305 4399 410 4480 primis
432 4399 530 4460 Deum
553 4398 657 4478 placa:
690 4416 744 4477 per
767 4398 823 4460 has
847 4398 926 4460 enim
949 4406 1161 4461 concurrentes
1185 4418 1309 4475 11111111,
1342 4418 1420 4480 quae
1441 4399 1562 4480 positae
1585 4404 1657 4460 sunt

306 4491 337 4550 in
360 4494 413 4550 tuo
437 4488 572 4562 arbitrio,
597 4488 640 4563 fit,
665 4495 698 4548 ut
720 4486 922 4549 incertissima
945 4486 987 4549 sit
1011 4489 1103 4551 etiam
1117 4487 1302 4551 valetudinis
1316 4488 1494 4569 praedictio.
1539 4488 1587 4550 De
1602 4487 1657 4549 lite

302 4596 375 4640 vero
409 4584 481 4639 tuae
500 4595 569 4638 een
599 4576 817 4651 „assertionis“
853 4596 908 4638 sen
941 4577 1150 4654 „affectionis“
1176 4578 1294 4658 (legere
1328 4585 1382 4641 ant
1414 4578 1565 4658 conjicere
1597 4595 1656 4638 non

302 4668 403 4746 potui)
425 4665 637 4746 pronunciare,
662 4664 879 4728 alienissimum
902 4674 951 4728 111
975 4687 994 4728 a
1016 4675 1134 4729 natura.
1181 4666 1390 4749 Symtomste,
1415 4686 1491 4748 quae
1513 4684 1657 4730 11111111

304 4763 339 4817 ot
360 4755 509 4830 medicus,
539 4755 616 4817 bene
642 4755 802 4831 aestimas3
827 4775 895 4818 esse
918 4755 1136 4820 melancholiae
1159 4756 1307 4833 sobolem,
1336 4765 1371 4820 ut
1394 4775 1499 4836 aeger,
1528 4755 1655 4820 falleris.

303 4843 363 4908 Illa
385 4844 463 4906 enim
485 4843 627 4906 bestiola‘
644 4851 693 4906 est
714 4844 835 4909 soboles
858 4845 1097 4925 imaginationis,
1128 4846 1233 4909 laesae
1262 4867 1282 4909 a
1307 4846 1510 4909 melancholia
1536 4854 1569 4909 ct
1591 4846 1657 4927 ejus
