3609 5634
255 247 318 315 tot
765 246 878 311 nysam
896 246 1098 315 commune

250 413 340 488 posui,
355 413 408 469 imo
422 414 529 469 olorem
545 409 732 467 astronomiae
745 411 843 466 merito
858 410 1016 482 appellavi:
1041 412 1114 483 quod
1128 428 1165 465 ox
1179 410 1248 481 ipris
1261 410 1380 467 mouban
1394 410 1495 469 Martis
1508 412 1616 485 liquido

251 492 445 558 demonstravi,
470 509 518 547 seu
542 492 614 547 Solio
637 508 685 546 seu
705 493 809 545 Terrae
830 499 935 547 motum
959 508 1079 548 annuum
1100 491 1226 564 regulari
1248 491 1323 546 circa
1344 493 1467 549 alienum
1486 500 1615 549 muttum

253 576 400 648 aequantm
422 573 537 643 ejusque
560 571 795 627 eooeutrioitatem
818 573 926 627 orbitae
951 571 1088 626 dimidium
1109 572 1199 627 solum
1219 572 1326 627 habere
1345 574 1561 629 eocentrioitntis
1574 575 1614 629 ab

254 655 413 713 auctoribus
435 653 565 708 creditae.
1591 708 1594 715 ,

332 735 416 790 Vides
431 735 536 804 itaque,
558 735 646 786 lector
660 731 793 797 studiose,
811 732 908 786 libello
923 733 975 787 hoo
995 732 1100 786 semina
1113 735 1213 802 sparsa
1227 748 1288 786 esse
1303 732 1421 787 omnium
1444 740 1474 787 et
1488 734 1614 807 singulo·

252 833 323 883 rum,
346 831 417 887 quae
432 832 469 869 ex
482 831 516 867 eo
530 821 654 883 tempore
674 811 702 865 in
717 813 886 867 astronomia
899 829 972 867 nova
986 820 1016 867 et
1033 812 1119 885 vulgo
1134 813 1255 867 absurda
1278 830 1315 867 ex
1339 813 1496 869 certissimis
1509 814 1615 869 Brahei

210 940 213 945 .
253 895 493 954 observationibus
518 910 592 949 ame
614 893 767 947 constituta
789 899 820 946 et
833 895 1024 948 demonstrata
1046 899 1128 946 sunt:
1153 893 1248 964 itaquo
1271 910 1353 963 spero
1379 900 1407 948 te
1419 896 1511 966 jocum
1523 911 1616 950 meum

253 978 301 1033 lib.
317 977 364 1032 1v.
385 971 463 1046 (cap.
478 970 518 1039 7.)
534 975 629 1030 Herm.
654 974 688 1026 de
711 973 778 1029 meis
800 973 968 1045 imaginibus
989 990 1026 1027 ex
1038 973 1130 1027 Procli
1149 973 1390 1046 paradigmatibus
1414 976 1535 1047 delapsis
1559 992 1617 1030 nou

241 1057 349 1132 'iniqua
361 1071 480 1113 censura
492 1056 711 1128 flagellatorum.

841 1237 1034 1250 *⁸⁶*-

791 1398 912 1499 Caput
936 1396 1082 1472 XXIII.

440 1561 497 1624 Do
514 1558 606 1621 initio
625 1566 654 1621 et
664 1559 732 1639 fine
749 1557 861 1620 mundi
879 1558 1088 1621 ostronornr'co
1106 1565 1135 1621 et
1154 1576 1237 1619 nono
1255 1553 1435 1620 Ptonvooo.

346 1702 424 1765 Post
446 1701 561 1781 epulas,
586 1710 656 1780 post
680 1701 835 1763 fastidium
859 1718 897 1762 ex
919 1700 1091 1770 saturitate,
1115 1698 1270 1762 veniamus
1295 1696 1333 1761 a'd
1355 1700 1493 1763 bellaria.
1541 1702 1622 1764 Pro-

136 1864 140 1869 ,
259 1795 394 1857 blemata
416 1791 474 1851 duo
488 1809 567 1870 pono
582 1790 703 1852 nobilia.
736 1789 870 1852 Primum
894 1798 943 1851 eet
965 1790 1003 1851 de
1027 1789 1171 1869 principio
1195 1797 1313 1864 motns3
1337 1790 1466 1859 alterum
1490 1790 1526 1851 de
1549 1790 1617 1852 fine.

261 1880 353 1947 Certe
377 1898 435 1943 nou
459 1887 572 1940 temero
595 1879 679 1942 Deus
702 1876 837 1941 instituit
858 1887 970 1954 motus,
995 1880 1049 1940 sed
1073 1878 1111 1941 ab
1134 1897 1193 1941 uuo
1217 1881 1344 1960 quodam
1368 1887 1451 1941 corto
1474 1877 1622 1960 principio

261 1979 294 2034 et
315 1968 425 2033 illustri
450 1967 605 2031 stellarum
630 1968 854 2047 conjunctione,
879 1969 963 2030 etin
987 1967 1074 2029 initio
1096 1966 1225 2041 zodiaci,
1251 1968 1328 2049 quod
1353 1977 1472 2030 creator
1494 1989 1549 2049 per
1572 1969 1620 2030 in-

260 2058 453 2123 clinationem
468 2056 597 2119 Telluris
621 2056 762 2119 domicilii
785 2057 881 2120 nostri
905 2057 1031 2132 ellinxit,
1056 2056 1126 2134 qnia
1149 2056 1249 2117 omnia
1270 2065 1395 2136 propter
1417 2057 1576 2119 hominem.
1593 2061 1621 2132 ⁸)

261 2148 369 2211 Annus
392 2147 484 2225 igitur
507 2143 623 2208 Christi
651 2142 733 2210 1595
759 2146 784 2207 si
809 2146 959 2209 referatur
982 2145 1012 2207 in
1037 2142 1125 2208 5572
1155 2144 1255 2206 mnndi
1280 2146 1345 2225 (qui
1369 2147 1566 2207 communiter
1589 2155 1623 2209 et

261 2259 280 2299 a
302 2234 526 2317 probatissimis
554 2232 641 2298 5557
666 2238 835 2310 censetur),
870 2234 973 2296 veniet
995 2233 1109 2295 creatio
1132 2232 1162 2295 iu
1184 2234 1348 2296 illustrem·
1363 2235 1623 2297 constellationem

261 2326 290 2388 iu
314 2324 460 2406 principio
476 2322 564 2401 Y').
597 2326 676 2387 Nam
701 2342 779 2386 anno
802 2324 897 2405 primo
922 2322 1050 2386 assumti
1072 2323 1195 2397 numeri,
1221 2323 1268 2385 die
1292 2322 1407 2404 Aprilis
1431 2322 1483 2388 27.
1499 2323 1621 2387 Juliauo

261 2423 342 2477 retro
357 2420 540 2493 computato,
567 2413 642 2476 feria
656 2413 762 2493 prima,
789 2414 837 2494 qni
861 2413 926 2475 dies
949 2412 1112 2475 creationis
1130 2413 1260 2475 omnium
1284 2420 1342 2485 est,
1367 2411 1443 2474 bora
1466 2414 1623 2475 undecima

262 2502 396 2567 meridiei
414 2501 588 2578 Bessadae,
614 2522 690 2584 quae
714 2511 763 2565 est
786 2511 875 2566 sexta
897 2502 1071 2581 vespertina
1094 2502 1124 2563 in
1148 2501 1244 2575 ludia,
1269 2501 1340 2563 talis
1363 2501 1523 2564 exhibetur
1546 2502 1620 2565 coeli

236 2592 357 2656 ‚facies
380 2612 400 2654 a
421 2591 581 2654 Prutenico
606 2592 731 2655 calculo.
1134 2670 1139 2677 1

797 2677 838 2756 Θ
930 2674 975 2741 3⁰
1049 2676 1085 2754 r

804 2769 830 2840 I
929 2764 949 2830 3

808 2852 829 2933 o
910 2853 949 2920 1⁵
1012 2929 1035 2946 ,,

800 2944 831 3019 ll
908 2942 948 3009 10

806 3041 832 3104 d
905 3028 949 3097 24

804 3120 830 3195 Ω
909 3119 950 3185 10

807 3210 830 3287 Q
931 3206 952 3272 3

801 3302 833 3369 il
910 3295 950 3362 18

353 3437 456 3499 Motus
480 3443 520 3508 d,
555 3434 580 3508 Ω
604 3442 637 3497 et
658 3441 690 3507 tl
713 3438 867 3519 paulisper
890 3458 1007 3502 morare
1036 3448 1089 3503 ant
1116 3456 1273 3519 promove,
1307 3445 1339 3499 et
1361 3437 1484 3498 venient
1505 3436 1535 3497 in
1560 3436 1627 3498 loca

264 3534 404 3607 cognata,
430 3532 463 3587 et
485 3525 563 3587 forte
586 3530 619 3596 gl
641 3524 673 3587 iu
696 3526 789 3593 ΟΕ
813 3528 851 3590 ad
874 3529 915 3602 b.
963 3528 1101 3610 Scaliger
1123 3527 1200 3590 male
1224 3526 1407 3588 novilunium
1429 3526 1504 3588 vult.
1547 3526 1626 3587 Nam

266 3616 354 3678 Luna
382 3614 411 3675 in
435 3619 620 3695 potestatem
649 3616 746 3679 noctis
774 3618 897 3680 condita
924 3625 1013 3680 nocte
1036 3618 1138 3699 ntique
1160 3616 1258 3696 primo
1281 3615 1375 3678 fulsit
1421 3614 1625 3677 Verisimilius

265 3703 384 3766 initium
407 3703 539 3766 calculus
564 3703 666 3766 multia
688 3713 770 3768 retro
793 3726 942 3789 porroque
962 3707 1048 3774 aunis
1063 3726 1120 3769 uon
1137 3705 1321 3785 suppeditat.
1356 3703 1418 3767 Sed
1442 3703 1467 3765 si
1491 3703 1626 3766 rationes

266 3811 444 3872 sequamur,
472 3798 593 3872 oportet
614 3794 671 3856 hoo
694 3794 829 3872 initium,
861 3794 900 3874 Θ
925 3797 955 3858 in
979 3806 1027 3863 :ca
1049 3803 1211 3869 versante,
1241 3813 1404 3874 quaerere,
1434 3812 1540 3874 nempe
1569 3794 1626 3855 bac

266 3882 341 3944 coeli
366 3881 455 3945 facie.

354 3966 389 4047 ii,
413 3969 458 4046 Q,
482 3977 518 4045 dr
542 3975 589 4040 253
614 3966 735 4048 01.γῖ
758 3974 803 4044 ff
828 3970 950 4051 00165
975 3980 1021 4048 55,
1048 3970 1088 4047 Ω,
1113 3975 1149 4049 §r
1175 3969 1232 4049 Q:
1258 3967 1304 4033 ⁰⁰
1327 3981 1389 4035 Q·

355 4060 433 4123 Vult
455 4061 511 4121 hoc
534 4066 668 4121 veterum
694 4063 878 4136 auctoritas,
912 4063 1052 4125 mnndum
1080 4061 1110 4124 in
1134 4070 1276 4123 autumno
1300 4066 1454 4132 creatum,
1489 4066 1520 4119 et
1548 4058 1626 4120 ratio

265 4149 334 4230 ipsa
357 4168 395 4210 ex
411 4147 586 4229 Copernico,
612 4157 645 4210 ut
668 4148 771 4211 Tellus
795 4150 850 4211 sub
874 4152 980 4214 eodem
1003 4150 1088 4214 initio
1112 4158 1266 4228 stet,.qno
1289 4148 1406 4228 reliqui.
1423 4150 1449 4221 ο)
1483 4147 1626 4228 Appare-

266 4237 341 4300 bunt
363 4236 455 4317 igitur
477 4238 646 4316 superiores
671 4238 699 4299 in
715 4238 760 4315 Υ,
784 4238 941 4302 inferiores
965 4248 996 4303 et
1015 4238 1055 4318 Θ
1078 4239 1108 4300 in
1128 4249 1189 4313 ἐ’-ἓ,
1216 4239 1302 4300 Luna
1321 4256 1386 4299 cum
1408 4236 1489 4299 circa
1504 4236 1625 4298 Terram

267 4326 435 4407 sitneque
459 4326 488 4386 in
512 4325 549 4401 Υ
572 4346 667 4407 neque
691 4326 720 4388 iu
742 4338 790 4393 ἑ
809 4330 963 4408 competit,
987 4349 1024 4390 ne
1048 4329 1150 4390 turbet
1173 4345 1324 4389 numerum
1349 4325 1512 4388 ternarium
1535 4343 1624 4403 snpe-

265 4415 374 4478 riorom
398 4424 429 4477 et
451 4413 633 4490 interiorum,
659 4423 691 4477 ot
704 4415 776 4478 Sole
796 4417 952 4480 occidente
976 4418 1035 4492 (sic
1058 4418 1137 4478 enim
1157 4414 1294 4479 conditus
1311 4415 1437 4478 mundus
1457 4416 1519 4487 est)
1545 4411 1625 4475 nocti

267 4503 371 4564 nullibi
393 4503 505 4565 rectius
536 4504 723 4580 dominatur,
757 4525 847 4586 qnam
874 4525 913 4567 ex
940 4507 1036 4568 medio
1065 4506 1160 4580 coeli,
1192 4505 1272 4585 qnod
1296 4511 1344 4564 est
1367 4502 1399 4567 0.
1423 4508 1467 4581 ᾖ.
1516 4500 1626 4582 Sicque

267 4590 430 4669 potentin
455 4592 579 4675 epioycli
604 4613 720 4655 summa
744 4595 848 4656 abside
872 4595 1047 4658 consistere.
1086 4594 1128 4656 Et
1151 4594 1221 4675 quia
1244 4592 1325 4655 orbis
1349 4592 1415 4671 ejus
1439 4589 1625 4653 adventitius

268 4686 324 4753 ert,
348 4680 493 4743 sortiatur
517 4690 548 4742 et
571 4682 638 4762 ipsa
661 4682 859 4745 adventitium
884 4692 916 4745 et
938 4684 1120 4764 peculiarem
1143 4684 1235 4746 sitnm
1257 4681 1402 4762 principii.
1440 4680 1625 4743 Lunationss

268 4766 360 4829 etiam
383 4768 448 4847 ejus
472 4768 615 4832 nobilitas
639 4777 671 4831 et
698 4773 779 4833 lama
806 4772 884 4835 iuter
911 4773 1060 4849 homines,
1094 4771 1336 4853 lunationumque
1363 4769 1623 4852 potissimaque-
