3609 5634
361 3290 450 3363 Quod
473 3293 500 3355 si
524 3293 674 3356 crassitiei
703 3291 785 3355 orbis
808 3292 933 3356 Terreni
962 3301 1161 3357 accenseatur
1189 3300 1324 3376 systema
1345 3292 1482 3368 Lunare,
1512 3310 1584 3372 ergo
1608 3290 1633 3353 si

270 3381 333 3444 ima
364 3382 538 3463 superficies
572 3381 653 3444 orbis
676 3381 799 3443 Terreni
823 3388 856 3442 et
878 3382 997 3444 Lunam
1025 3384 1281 3463 comprehendens
1310 3390 1359 3444 est
1384 3379 1484 3458 1000,
1517 3399 1635 3445 summa

271 3468 403 3533 Veneris
418 3480 468 3533 est
480 3470 510 3534 in
526 3469 693 3550 Goperuico
707 3465 784 3535 stt.
816 3469 859 3532 Et
873 3471 998 3533 Terreni
1022 3472 1103 3535 orbis
1120 3491 1186 3536 com
1201 3473 1288 3535 Lnna
1311 3490 1443 3534 summus
1466 3490 1572 3551 margo
1587 3477 1636 3533 est

272 3555 355 3623 80i:
380 3560 407 3623 si
430 3568 456 3631 ό
479 3560 539 3624 ima
561 3558 656 3622 habet
682 3556 776 3623 1000.
813 3558 872 3622 Hie
894 3560 985 3623 velim
1008 3567 1040 3624 te
1062 3561 1229 3624 identidem
1251 3563 1402 3643 respicere
1426 3561 1465 3623 ad
1488 3559 1635 3623 tabellam

273 3647 343 3710 huic
358 3647 435 3710 libro
449 3648 660 3729 praemissam,
675 3667 782 3728 nempe
797 3648 836 3710 ad
851 3648 941 3729 hujus
955 3649 1195 3730 interpositionis
1214 3651 1448 3731 qualemcunque
1462 3649 1634 3731 imaginem.

363 3735 410 3798 En
444 3756 584 3800 numeros
607 3737 770 3817 parallelos
804 3738 986 3819 propinquos
1009 3737 1184 3814 invicem,⁰)
1215 3746 1246 3801 et
1269 3738 1379 3802 Martis
1403 3739 1521 3820 quidem
1546 3749 1635 3819 atque

274 3824 406 3887 Veneris
430 3827 563 3890 eosdem.
611 3827 740 3890 Telluris
763 3844 835 3889 vero
858 3834 892 3889 et
909 3827 1051 3890 Mercurii
1073 3848 1131 3891 non
1156 3820 1315 3905 idmpdnm
1331 3827 1518 3903 diversos‚‘)
1543 3827 1636 3890 solius

275 3913 362 3976 Jovis
386 3913 542 3978 immodice
567 3915 785 3995 discrepantes,
810 3916 863 3977 sed
888 3916 966 3996 qnod
990 3916 1020 3978 in
1045 3923 1134 3980 tauta
1148 3917 1294 3981 distantia
1316 3937 1404 3980 nemo
1419 3917 1553 3980 miretur.
1594 3916 1638 3979 Et

275 4002 305 4064 in
328 4002 431 4065 Marte
455 4004 574 4084 quidem
597 4014 688 4086 atque
712 4004 845 4073 Venere,
868 4004 976 4067 vicinis
999 4005 1063 4067 orbi
1083 4006 1227 4081 Telluris,
1251 4008 1337 4069 vides
1361 4014 1506 4088 quantam
1525 4005 1638 4069 efficiat

276 4090 486 4155 diversitatem
510 4093 660 4156 orbiculus
687 4094 792 4156 Lunae
816 4094 988 4157 recensitus
1010 4094 1160 4158 crassitiei
1184 4095 1266 4158 orbis
1290 4096 1431 4159 'lenonis
1455 4096 1507 4178 qui
1535 4103 1636 4158 tameo

277 4180 430 4245 orbiculus
452 4179 549 4246 vix'3
573 4183 715 4264 sompnis
738 4191 858 4264 aequat,
884 4183 1017 4264 qualium
1040 4184 1121 4247 orbis
1145 4185 1257 4248 Terrae
1279 4186 1374 4249 habet
1396 4182 1450 4250 60.
1463 4186 1492 4260 ⁸)

367 4271 456 4334 Unde
488 4272 631 4351 colligere
662 4279 766 4353 potes,
800 4292 889 4354 qnam
918 4272 1006 4335 lacile
1039 4274 1280 4338 animadversum
1312 4275 1434 4351 luisset,
1467 4281 1638 4357 quantaque

278 4377 467 4423 numerorum
491 4361 648 4424 extit-isset
669 4361 881 4442 inaequalitas,
905 4363 931 4424 si
957 4361 1032 4424 haec
1055 4370 1162 4425 contra
1176 4364 1252 4426 coeli
1275 4371 1416 4428 naturam
1438 4372 1637 4438 tentarentur,

279 4447 337 4509 lroe
367 4456 432 4522 est,
467 4449 492 4512 si
515 4448 600 4513 Dens
631 4449 696 4532 ipss
727 4451 762 4512 io
785 4450 939 4513 creatione
966 4470 1026 4513 non
1055 4453 1093 4514 sd
1121 4452 1178 4514 lrss
1203 4453 1413 4535 proportiones
1442 4453 1638 4534 respexisset

280 4533 373 4599 Certe
396 4538 475 4601 enim
495 4538 656 4611 ,fortuitum
684 4538 741 4602 hoc
764 4557 832 4601 esse
862 4559 921 4602 nou
944 4547 1062 4621 potest,
1096 4549 1217 4605 uttam
1243 4543 1427 4624 propinquae
1455 4542 1521 4605 siut
1541 4543 1639 4606 inter·

229 4682 232 4687 .
279 4623 370 4687 vallis
397 4625 482 4690 hisce
504 4629 714 4709 proportiones
737 4646 913 4708 corporum,
946 4648 1013 4693 cunr
1041 4637 1165 4711 propter
1189 4631 1269 4706 alia,
1303 4640 1366 4695 tum
1388 4630 1536 4707 maxime,
1570 4631 1641 4712 quia

282 4712 362 4775 idem
377 4715 449 4778 ordo
464 4722 513 4778 est
526 4717 760 4789 intervallorum,
778 4735 866 4796 quern
880 4737 971 4798 supra
985 4718 1154 4782 rationibus
1169 4720 1291 4800 optimis
1312 4721 1486 4799 corporibus
1501 4720 1638 4802 ascripsi,

281 4800 352 4863 vide
374 4820 441 4883 cap.
465 4801 496 4868 3.
543 4805 623 4868 Nam
646 4806 704 4868 etsi
729 4802 793 4871 635
818 4827 837 4869 a
860 4804 926 4871 577
950 4808 1118 4891 discrepat,
1153 4809 1226 4872 nulli
1250 4817 1351 4874 umen
1375 4808 1569 4894 propinquior
1592 4818 1641 4873 est

282 4897 373 4973 atque
395 4891 464 4954 hnic
486 4892 554 4973 ipsi.
