3609 5634
302 350 365 420 140
811 346 926 412 ΠΜ
943 342 1145 412 miphlat

297 514 378 578 inter
402 532 435 576 se
459 519 492 576 et
514 531 580 575 cum
603 511 722 589 integra
744 515 920 571 consonent.
936 505 965 583 ¹)
1010 506 1104 569 Porro
1129 510 1272 585 qnotnam
1298 499 1460 565 illiusmodi
1488 519 1578 564 voees
1602 518 1660 562 oc-

298 611 429 679 currant,
454 621 544 665 eures
567 600 711 663 indicant.
758 596 825 678 Ego
849 597 1005 659 schemate
1029 604 1062 657 et
1083 593 1214 657 numeris
1237 591 1343 653 dicam.

391 1002 471 1062 vide
495 1021 571 1062 nunc
597 1008 630 1061 et
652 1000 735 1080 ipsas
758 998 941 1071 harmonias,
965 1007 997 1059 et
1019 996 1120 1058 fidium
1142 993 1350 1076 proportiones
1373 990 1402 1053 in
1428 990 1575 1053 numeris.
1608 991 1659 1052 nbi

298 1100 373 1153 nota
395 1090 457 1152 ima
480 1089 632 1170 siguificat
659 1108 764 1151 vocem
792 1087 929 1167 integrae
957 1086 1042 1161 fidis,
1076 1104 1216 1165 suprema
1245 1101 1348 1144 vocem
1375 1081 1470 1161 partis
1500 1078 1658 1154 brevioris,

297 1180 396 1242 media
417 1197 523 1241 vocem
550 1179 647 1259 partis
676 1176 838 1258 longioris;
872 1194 1012 1238 numerus
1046 1174 1123 1237 imus
1152 1170 1302 1235 indicat'
1293 1191 1323 1233 ιιι
1352 1179 1425 1251 quot
1451 1178 1556 1249 partes
1582 1168 1659 1230 lidos

296 1269 458 1330 dividenda
481 1268 542 1343 sit3
566 1267 687 1347 reliqui,
712 1265 915 1345 longitudines
938 1263 1079 1346 partium.

383 1847 486 1926 Atque
509 1845 567 1907 hae
589 1846 675 1907 solae
699 1864 789 1908 voces
813 1845 885 1908 mihi
910 1846 1066 1908 naturales
1085 1843 1236 1916 videntur,
1260 1850 1421 1924 propterea
1443 1839 1521 1923 qnod
1545 1840 1658 1903 habent

294 1934 497 1997 indubitatum
521 1934 722 2010 numerum.¹)
769 1933 899 1997 Ceterae
928 1954 1018 1996 voces
1048 1952 1107 1996 non
1136 1940 1264 2012 possunt
1294 1939 1379 1995 certa
1401 1930 1595 2012 proportione
1618 1929 1656 1990 ad

289 2025 353 2104 jam
368 2023 485 2103 positas
501 2023 638 2127 exprimi.
651 2019 696 2098 ια)
733 2025 813 2086 Νιιιι
828 2042 933 2086 vocem
948 2025 974 2086 F
992 2023 1024 2084 fa
1042 2031 1085 2097 ut,
1110 2021 1201 2084 aliam
1225 2020 1303 2085 exC
1327 2023 1373 2084 sol
1397 2022 1429 2083 fa
1452 2027 1494 2094 ut,
1519 2020 1654 2121 desuper,

294 2113 385 2175 eliam
409 2132 447 2174 ex
469 2112 495 2173 B
519 2114 560 2174 mi
583 2113 664 2175 molli
689 2113 813 2174 inferius
838 2112 955 2188 elicies,
969 2111 999 2186 ¹¹)
1033 2121 1182 2193 utcunque
1210 2111 1268 2173 hae
1296 2111 1373 2172 duae
1391 2110 1546 2191 perfectae
1568 2107 1655 2188 qnin-

262 2245 268 2260 ι
294 2209 344 2264 tae
369 2220 437 2265 esse
460 2200 628 2264 videantur
638 2195 684 2276 ⁸¹)
722 2200 784 2264 Sed
808 2202 848 2263 ad
870 2221 943 2265 rem.
990 2200 1094 2263 Prima
1117 2208 1148 2262 et
1172 2200 1304 2262 secunda
1327 2197 1488 2261 concordia
1511 2197 1654 2278 quodam-

292 2291 381 2353 modo
405 2290 506 2353 sociae
529 2282 617 2364 sunt3
641 2291 685 2353 sic
709 2291 804 2353 etiam
828 2290 934 2372 quinta
947 2298 980 2354 et
993 2299 1092 2352 sexta
1131 2276 1208 2351 Cu'm
1231 2289 1311 2351 enim
1334 2288 1529 2368 imperfectae
1553 2295 1655 2348 omnes

294 2379 356 2442 sint
370 2376 411 2453 ¹):
436 2379 525 2441 binae
549 2398 682 2459 semper,
708 2399 768 2442 una
791 2380 880 2453 dura,
905 2380 1003 2442 altera
1027 2378 1141 2452 mollis,
1165 2378 1355 2459 conspirant
1378 2384 1414 2441 ut
1436 2373 1563 2456 siugulis
1586 2393 1655 2455 per·

294 2467 383 2530 fectis
399 2467 617 2548 quodammodo
633 2470 874 2551 aequiparentur.
910 2469 976 2531 Nec
1001 2468 1161 2531 admodum
1185 2466 1323 2530 diversas
1347 2465 1510 2529 divisiones
1534 2463 1653 2526 habent

292 2558 373 2621 Nam
403 2551 434 2638 Ἰ,
463 2565 497 2619 et
526 2552 557 2638 ’,Ι
585 2577 653 2620 sese
677 2558 792 2621 habent
815 2558 1023 2632 adinvicem,
1054 2563 1088 2619 nt
1115 2551 1167 2641 Ἰ,,
1195 2565 1228 2620 et
1255 2549 1327 2636 ⁸,l„
1358 2574 1434 2636 qnae
1457 2561 1575 2615 tantum
1598 2571 1656 2614 una

294 2647 451 2725 trigesima
475 2646 626 2709 differunt.
673 2646 726 2710 Sic
756 2642 849 2729 let
878 2639 912 2729 ’,Ι
941 2666 974 2708 se
997 2646 1111 2708 habent
1134 2645 1204 2707 ad
1195 2646 1334 2721 rnvioem,
1360 2651 1394 2706 ut
1423 2638 1488 2723 Ἰ..
1517 2650 1549 2704 et
1574 2635 1654 2724 “Ι,,,

293 2736 435 2798 differunt
472 2735 565 2815 igitur
596 2744 715 2798 tantum
747 2755 808 2797 una
840 2735 1072 2838 quadragesima
1109 2735 1268 2815 particula
1324 2736 1427 2813 Atque
1459 2733 1505 2794 ita
1536 2729 1653 2811 proprie

295 2824 451 2904 loquendo,
477 2831 595 2886 tantum
620 2825 749 2930 qninqqe
769 2825 798 2886 in
814 2826 930 2888 musica
949 2825 1095 2887 habemns
1119 2824 1305 2899 concordias,
1331 2823 1368 2884 ad
1392 2840 1545 2883 nnmerum
1568 2819 1654 2900 quin·

293 2933 350 2994 que
375 2931 543 3015 corporum.
590 2911 728 2986 Quod
703 2935 729 2977 ει
754 2923 871 2994 septem
895 2914 1076 2976 divisionum
1099 2908 1189 2985 iud,
1213 2910 1256 2985 5,
1269 2907 1304 2986 4,
1329 2908 1364 2986 3,
1389 2908 1424 2986 8,
1449 2910 1484 2985 5,
1510 2907 1546 2984 2,
1571 2928 1655 2970 com-

291 3021 409 3065 munem
433 3001 587 3064 minimum
610 3003 762 3065 dividuum
786 3022 926 3083 quaeras,
950 3021 1067 3065 rursum
1089 3001 1225 3065 invenies
1253 2998 1324 3077 120,
1348 3007 1504 3079 utsupra,
1528 3018 1595 3061 cum
1619 2998 1655 3058 de

291 3091 438 3153 divisione
455 3090 577 3153 zodiaci
603 3110 770 3171 ageremus,
779 3095 814 3166 ¹)
838 3093 1039 3171 perfectarum
1063 3110 1134 3153 vero
1158 3091 1386 3153 concordiamm
1401 3088 1551 3151 minimum
1576 3087 1654 3148 divi·

292 3178 382 3241 duum
405 3197 523 3241 rursum
550 3177 606 3242 l2:
632 3182 721 3261 plane
746 3180 830 3262 quasi
855 3181 1010 3260 perfectae
1034 3179 1214 3244 concordiae
1238 3200 1257 3241 a
1279 3178 1427 3260 quadrato
1452 3185 1484 3239 et
1506 3174 1656 3255 triangulo

292 3267 369 3341 cubi,
395 3268 541 3330 tetraedri
565 3277 598 3330 et
620 3270 766 3340 octaedri,
790 3269 986 3349 imperfectae
1010 3288 1082 3330 vero
1106 3291 1125 3331 a
1148 3269 1315 3348 decangulo
1341 3267 1519 3347 reliquorum
1533 3268 1657 3329 duorum

294 3373 450 3437 corporum
473 3358 675 3435 provenirent.
691 3362 720 3432 ¹)
766 3359 869 3437 Atque
892 3358 969 3420 haec
997 3359 1132 3420 secunde
1160 3366 1210 3420 est
1237 3375 1393 3437 corporum
1421 3354 1562 3435 cognatio
1590 3374 1656 3416 cum

293 3444 461 3506 concordiis
484 3445 616 3507 musicis.
664 3446 726 3508 Sed
750 3446 821 3528 quia
844 3466 954 3509 causae
982 3446 1071 3526 hujus
1099 3447 1290 3526 cognationis
1318 3446 1506 3525 ignoramus,
1536 3444 1655 3506 difficile

293 3542 342 3595 est
365 3535 591 3596 accommodare
615 3534 751 3616 singulas
774 3536 947 3598 harmonias
971 3536 1097 3615 singulis
1122 3536 1307 3616 corporibus.
1322 3537 1350 3609 ⁰)

384 3622 532 3684 Videmus
556 3622 676 3704 quidem
699 3625 773 3686 duos
804 3625 1027 3688 harmoniarum
1059 3625 1197 3700 ordines,
1232 3633 1295 3686 tres
1324 3622 1477 3703 simplices
1505 3622 1655 3702 perfectas

293 3716 326 3772 et
348 3710 423 3772 duas
447 3710 581 3791 duplices
605 3712 821 3793 imperfectas:
851 3715 930 3777 sicut
952 3714 1013 3776 tria
1034 3713 1179 3793 primaria
1203 3732 1347 3793 corpora,
1378 3713 1435 3774 duo
1458 3711 1654 3773 secundaria:

293 3817 396 3860 verum
419 3818 487 3861 cum
508 3800 625 3881 reliqna
648 3821 706 3864 non
737 3804 932 3873 conveniant,
964 3804 1133 3865 deserenda
1161 3811 1208 3864 est
1236 3804 1311 3864 haec
1343 3800 1514 3863 conciliatio
1539 3809 1570 3862 et
1594 3800 1656 3861 alia

293 3889 448 3950 tentanda.
464 3893 493 3962 ¹³)
539 3890 657 3971 Nempe
680 3892 760 3954 sicut
783 3892 993 3955 dodecaddron
1023 3900 1054 3953 et
1082 3892 1260 3954 icosaedron
1289 3910 1343 3953 suo
1373 3889 1541 3969 decangulo
1565 3907 1656 3968 supra

293 3985 442 4128 pararunt
465 3979 679 4042 dnodenarium
701 3998 794 4062 usque
818 3981 858 4042 ad
886 3979 962 4055 ¹20,
996 3980 1041 4043 ita
1068 3981 1116 4044 hic
1144 3982 1341 4061 imperfectae
1373 3980 1546 4041 harmoniae
1576 3978 1655 4039 idem

307 4066 420 4129 aciunt.

382 4156 480 4218 Erunt
508 4156 600 4235 igitur
627 4157 665 4218 ad
694 4157 820 4232 cubum,
853 4158 1012 4239 pyramide
1040 4165 1074 4221 et
1101 4159 1263 4221 octaedron
1289 4155 1561 4219 accommodandae
1584 4173 1656 4234 per-

293 4245 393 4307 fectae
416 4245 606 4321 harmoniae,
635 4247 675 4309 ad
703 4246 913 4310 dedecaedron
937 4255 970 4308 et
993 4247 1172 4310 icoeaddron
1197 4248 1400 4327 imperfectae.
1447 4244 1515 4315 Quo
1539 4244 1657 4306 accedit

293 4343 325 4396 et
348 4335 420 4398 illud
443 4343 534 4414 atque
557 4336 658 4397 hercle
680 4335 810 4398 indicem
834 4336 961 4415 digitum
986 4336 1023 4397 ad
1043 4354 1168 4399 causam
1188 4338 1295 4399 harum
1310 4355 1408 4397 rerum
1423 4333 1656 4396 occultissimam

292 4422 435 4498 intendit,
452 4427 481 4496 t)
512 4424 590 4504 qnod
619 4424 755 4504 proximo
784 4424 884 4503 capite
913 4424 1106 4486 habebimus:
1140 4425 1215 4487 duos
1244 4443 1349 4504 nempe
1380 4445 1449 4486 esse
1472 4422 1656 4501 geometriae

293 4512 462 4587 thesauros,
484 4532 592 4575 unum:
617 4513 779 4575 subtensae
793 4514 823 4574 in
839 4514 1016 4593 rectaugnlo
1031 4513 1179 4577 rationem
1194 4516 1232 4577 ad
1248 4514 1354 4586 latera,
1379 4514 1522 4575 alterum:
1547 4510 1657 4573 lineam

294 4606 430 4662 extrema
453 4608 485 4662 et
499 4601 597 4664 media
618 4603 734 4665 ratione
749 4611 874 4675 sectam,
890 4606 915 4675 )
940 4621 1063 4683 quorum
1086 4624 1123 4665 ex
1147 4603 1216 4666 illo
1223 4604 1300 4672 cubi.
1324 4602 1488 4685 pyramidis
1513 4608 1545 4661 et
1567 4609 1656 4662 oeta-

295 4688 360 4750 edri
392 4691 576 4753 constructio
609 4691 693 4765 fluit,
732 4710 771 4751 ex
803 4692 858 4752 hoc
891 4709 964 4754 vero
1001 4692 1185 4755 constructio
1219 4692 1399 4755 dodecaddri
1434 4699 1466 4752 et
1497 4688 1655 4751 icosaedri.

296 4776 384 4839 Unde
407 4763 471 4840 tain
495 4778 595 4842 facilis
619 4788 651 4841 et
673 4780 820 4859 regularis
844 4788 893 4842 est
916 4780 1073 4861 inscriptio
1096 4782 1292 4862 pyramidis
1280 4801 1309 4844 rn
1326 4780 1443 4854 cubum,
1468 4778 1634 4841 octaedri
1628 4797 1656 4839 ιιι

296 4873 475 4946 utrumque,
508 4867 587 4931 sicut
614 4868 831 4931 dodecaedri
823 4888 852 4931 rn
881 4869 1069 4932 icosatdron.
1116 4870 1160 4933 Ut
1188 4879 1289 4933 autem
1317 4870 1454 4953 singulae
1485 4867 1656 4931 harmoniae
