3609 5634
349 352 388 419 ιι
716 440 722 455 Ι
929 350 1090 405 rm-

346 524 392 578 ter
414 510 615 577 astronomiae
639 513 861 595 Ooperuioauae
885 511 1029 575 scientiae
1051 512 1191 595 inopiam.
1237 512 1354 574 licebit
1375 510 1430 574 tibi
1460 512 1579 583 limare,
1620 525 1701 569 mu-

345 615 420 680 tare,
444 604 559 676 tollere,
584 622 715 675 censere,
737 602 907 664 admouere.
952 601 1073 671 Nullam
1096 603 1215 664 literam
1238 602 1367 664 scribere
1391 599 1616 681 quoquomodo
1633 613 1701 677 po·

346 695 438 768 teris,
471 711 547 772 quas
575 691 647 754 mibi
669 711 727 754 nou
750 691 850 753 lutura
871 689 913 753 sit
934 692 1117 769 gratissima.
1163 689 1258 753 Orare
1281 699 1311 753 te
1334 689 1533 765 institissem,
1564 688 1592 751 si
1616 683 1700 748 mihi

345 802 404 846 unu
427 794 511 845 meet
532 787 686 860 comperta
706 787 759 842 tua
785 779 833 841 bic
860 780 1052 858 promtitudo.
1098 780 1175 843 lllud
1206 779 1315 842 saltem
1341 779 1397 841 tibi
1423 779 1489 842 loco
1516 776 1700 841 luculentae

345 870 510 953 rogationis
533 889 599 932 esse
622 869 747 948 poterit,
778 869 856 950 quod
884 887 952 931 uror
978 869 1097 949 penitus
1126 869 1275 933 desiderio
1297 878 1414 932 tuarum
1437 868 1610 940 literarum,
1643 860 1700 944 qui

346 969 407 1024 tam
431 961 482 1023 diu
500 958 564 1038 jam
587 958 669 1021 siles.
714 958 797 1020 Male
819 957 862 1019 sit
883 958 1052 1033 tabellario,
1075 959 1102 1020 si
1125 959 1189 1040 ipse
1212 959 1242 1021 in
1265 977 1358 1023 musa
1380 965 1437 1020 est.
1474 957 1576 1037 Atque
1599 954 1699 1027 adeo,

345 1050 413 1131 quia
436 1047 598 1111 familiares
621 1046 679 1109 mei
702 1065 804 1109 omnes
827 1046 857 1108 in
880 1046 981 1126 patrii
1004 1048 1138 1122 aberunt,
1163 1048 1213 1110 ubi
1235 1047 1410 1110 adoleseem
1433 1047 1491 1110 iste
1506 1045 1545 1109 ad
1559 1064 1615 1107 vos
1633 1061 1699 1122 ap-

331 1139 471 1219 pulerit,
503 1136 641 1198 omittere
664 1155 723 1198 nou
745 1154 878 1217 possum,
902 1135 971 1215 quin
995 1138 1042 1199 vel
1067 1157 1104 1199 ex
1125 1138 1164 1200 D.
1188 1145 1381 1219 praeceptore
1403 1156 1519 1218 rogem,
1551 1135 1698 1197 adrens-

344 1229 421 1290 ritne
445 1226 551 1289 advos
566 1223 616 1286 ille
631 1222 850 1304 Saetliugeusis
873 1225 1006 1301 nuncius,
1030 1226 1225 1289 wandelinus
1247 1226 1373 1301 nomine,
1398 1226 1446 1308 qui
1469 1222 1589 1289 8-18.
1611 1220 1700 1286 Julii

344 1317 413 1379 hinc
435 1314 519 1386 abiit,
542 1332 609 1375 cnm
631 1313 773 1376 mediocri
795 1331 911 1376 summa
933 1316 1006 1390 auri,
1031 1316 1108 1398 quod
1131 1334 1196 1378 meo
1218 1316 1335 1379 nomine
1348 1313 1556 1378 Stuccardiam
1574 1313 1698 1394 depor-

343 1415 409 1468 tare
433 1402 543 1466 debuit.
588 1401 693 1483 Angor
716 1403 752 1465 de
777 1402 840 1482 ejus
863 1402 930 1465 lide.
978 1404 1077 1468 Velim
1109 1412 1209 1468 autem
1237 1424 1372 1478 rursum,
1404 1413 1439 1467 ut
1461 1404 1526 1485 jam
1548 1402 1595 1466 bis
1620 1401 1699 1471 leci,

343 1495 387 1557 tui
406 1491 511 1573 judicii
535 1490 571 1551 de
594 1488 641 1552 bis
664 1491 752 1554 rebus
776 1491 907 1577 aliquam
930 1494 1039 1557 saltem
1062 1493 1292 1557 delineationem
1314 1513 1445 1557 eernere.
1490 1493 1583 1575 quue
1606 1492 1695 1562 ideo,

343 1583 413 1664 quia
434 1579 628 1663 pulcherrime
650 1580 797 1659 placuerit
819 1581 1011 1660 magistratui
1032 1603 1112 1660 meo,
1145 1582 1199 1645 sub
1228 1581 1357 1664 ipsorum
1380 1582 1497 1646 nomine
1520 1583 1582 1645 tale
1605 1579 1696 1662 quid.

229 1706 231 1711 .
343 1672 419 1734 tanti
442 1668 619 1752 praesertim
642 1670 799 1745 momenti,
823 1671 926 1750 quanti
950 1692 1006 1753 ego
1028 1692 1146 1748 censeo,
1171 1673 1269 1735 edere.
1316 1672 1359 1735 Ar
1381 1672 1445 1735 sine
1468 1680 1520 1735 tuo
1544 1670 1695 1734 testimo·

344 1762 392 1821 nio
415 1779 470 1822 uec
491 1758 550 1839 ipsi
572 1757 759 1820 nobilitatem
781 1757 954 1841 intelligent
977 1763 1138 1832 materiae,
1162 1782 1217 1825 nso
1240 1762 1310 1825 mibi
1333 1762 1501 1825 romulum
1523 1761 1554 1823 iu
1575 1760 1694 1824 docto-

344 1869 406 1913 rum
429 1857 582 1930 aspectum
605 1847 732 1928 prodire.
777 1847 824 1912 De
847 1847 1010 1927 Mercurio,
1040 1853 1109 1935 quia
1130 1853 1199 1916 nori
1223 1852 1292 1933 quid
1310 1852 1399 1915 -vides
1421 1851 1453 1915 iu
1476 1849 1695 1914 ecoeutricita-

566 1967 648 2017 naa
874 1949 937 2004 tem
968 1943 1130 2017 intrusum,
1168 1942 1211 2006 sic
1243 1943 1345 2024 accipe
1378 1942 1514 2022 amplius.
1565 1940 1595 2003 Δ
1622 1937 1694 2007 Sol,

521 2035 546 2085 B
809 2040 810 2045 ’
876 2029 933 2094 ΑΒ
957 2031 1104 2094 distantia
1125 2052 1162 2094 ex
1183 2040 1236 2095 tua
1258 2032 1363 2094 tabula
1384 2049 1427 2095 sc.
1442 2027 1497 2096 29¹
1514 2027 1588 2095 24¹¹.
1629 2024 1694 2091 AC
1792 2094 1793 2097 ,

349 2073 817 2211 ΒΓ’““”““Ξ”
876 2120 1023 2182 oretanos
1044 2140 1082 2183 ex
1104 2122 1237 2184 annun
1258 2121 1404 2204 quanm
1427 2122 1577 2196 sauma,
1602 2117 1693 2180 aent-

430 2175 703 2238 Ἧῖ*
788 2168 812 2218 A
877 2204 1077 2274 recantet.
1100 2210 1157 2272 BD
1170 2210 1400 2273 totacrassities
1414 2207 1695 2273 orbisMercurialis

344 2320 387 2362 sc.
407 2297 457 2361 ll‘
471 2296 546 2361 tut.
569 2298 651 2379 Ergo
665 2299 692 2360 si
707 2297 763 2362 AB
778 2298 832 2361 dat
844 2298 916 2360 BD:
936 2297 992 2362 Ac
1003 2299 1088 2362 dabit
1101 2298 1154 2363 ΟΕ
1173 2299 1223 2362 ll‘
1234 2299 1286 2362 7¹¹.
1310 2300 1465 2362 Hactenus
1480 2299 1595 2373 eadem,
1611 2314 1693 2379 quae
1792 2292 1793 2297 ’

344 2390 373 2450 iu
397 2387 466 2450 aliis
489 2388 630 2467 planetis.
658 2387 726 2449 Jam
745 2385 1589 2469 AFdistantiaexipsooetaedrodesumtasc.23¹29“.
1619 2387 1692 2449 Non

344 2486 443 2541 autern
466 2485 514 2539 est
537 2476 715 2553 verisimile,
743 2477 824 2539 orbis
846 2476 1036 2541 Mercurialis
1065 2478 1177 2541 nnllam
1199 2498 1266 2541 ease
1289 2477 1473 2542 crassitiem:
1505 2483 1541 2541 ut
1564 2476 1609 2538 sic
1632 2475 1694 2538 AF

344 2575 428 2629 esset
450 2566 597 2629 distantia
618 2566 726 2627 media.
770 2563 849 2628 Nam
871 2564 925 2628 FC
949 2586 1005 2629 nou
1029 2575 1077 2630 est
1098 2568 1221 2631 dimidia
1242 2567 1397 2630 crassitiei
1420 2566 1500 2630 orbis
1518 2565 1691 2629 Mercuria-

345 2657 391 2729 lis,
414 2674 480 2717 cum
499 2656 562 2736 jam
585 2654 696 2717 dictum
719 2653 770 2729 sit,
795 2654 933 2735 quicquid
955 2657 996 2719 sit
1018 2674 1108 2737 supra
1122 2659 1147 2719 F
1160 2675 1264 2719 versus
1279 2656 1314 2728 G,
1338 2657 1368 2719 id
1390 2657 1429 2718 ab
1448 2656 1590 2719 octabdro
1606 2654 1690 2729 elidi,

293 2762 296 2767 ⁴
344 2763 398 2808 uec
419 2744 505 2807 ullibi
528 2745 623 2806 locum
646 2742 797 2815 invenire,
828 2742 886 2806 nisi
914 2744 943 2806 in
971 2746 1036 2825 ipso
1065 2747 1211 2828 quadrato
1237 2765 1327 2825 super
1353 2746 1480 2808 medium
1513 2744 1689 2808 octaedmm

345 2841 527 2898 transeunte.
574 2831 674 2904 Quare
698 2840 732 2894 ut
753 2840 908 2895 constaret
930 2834 993 2896 orbi
1017 2854 1072 2896 sua
1093 2835 1262 2908 crassities,
1285 2834 1380 2898 demsi
1403 2835 1441 2897 ab
1463 2833 1491 2896 Ε
1515 2853 1633 2896 versum
1658 2830 1688 2894 G

344 2931 469 2997 tautum,
494 2931 635 3004 quantum
658 2929 707 2983 est
728 2942 748 2982 a
770 2918 796 2983 0
820 2938 939 2984 versum
959 2925 994 2986 F.
1039 2923 1204 2987 Residuum
1226 2924 1283 2987 FG
1305 2933 1354 2987 est
1376 2921 1451 3000 33¹¹,
1475 2922 1629 2987 dimidium
1646 2922 1687 2996 Η,

343 3031 387 3075 sc.
411 3011 500 3073 modo
523 3016 657 3074 correcto
680 3009 780 3072 media
803 3008 958 3086 distantia,
981 3014 1007 3075 F
1028 3013 1120 3093 igitur
1141 3033 1264 3088 summa,
1289 3022 1431 3096 quautam
1453 3013 1568 3094 patitur
1590 3012 1689 3092 ipsum

343 3101 477 3163 oomedri
500 3119 626 3181 corpus,
650 3097 675 3162 Ο
700 3118 830 3173 summa,
854 3108 997 3182 quantam
1017 3104 1132 3182 patitur
1155 3103 1341 3184 quadratum.
1386 3103 1486 3173 Esset
1500 3102 1590 3181 igitur
1612 3102 1690 3163 baec

502 3260 506 3271 ι
551 3212 598 3261 rr..
614 3212 636 3254 a
850 3190 945 3253 forma
967 3190 1047 3253 orbis
1069 3191 1266 3255 Mercurialis.
1312 3191 1385 3267 AB,
1409 3189 1466 3256 Ac
1488 3190 1719 3272 perpendicn,

578 3268 606 3315 Δ
846 3280 926 3342 lares
958 3280 987 3340 iu
1020 3280 1142 3343 basibus
1169 3281 1320 3356 octaedri,
1352 3300 1427 3363 quae
1461 3280 1575 3343 faciunt
1604 3280 1634 3342 iu
1657 3278 1689 3340 A

848 3367 913 3441 (ubi
936 3387 1025 3430 uuum
1047 3370 1125 3431 latus
1148 3370 1298 3443 bisecant)
1321 3371 1460 3450 angulum
1481 3371 1571 3450 paulo
1587 3368 1688 3447 majo-

705 3481 709 3502 ³
848 3476 911 3519 rem
933 3464 1026 3520 recto.
1071 3459 1167 3537 Igitur
1192 3460 1289 3523 minus
1320 3460 1495 3543 epicyclium
1526 3458 1600 3535 OE,
1632 3457 1689 3519 DF

720 3583 721 3586 =
849 3544 925 3608 lacit
946 3546 1114 3609 crassitiem
1137 3551 1168 3625 Q,
1192 3568 1249 3629 quo
1273 3552 1295 3627 t}
1317 3549 1487 3611 admntam
1500 3548 1688 3611 altitudinem

847 3634 993 3707 evehitur,
1017 3645 1159 3717 quautam
1181 3639 1344 3707 admittant
1366 3637 1405 3713 G,
1428 3638 1469 3712 H,
1491 3644 1596 3701 centra
1617 3636 1686 3717 pla-

757 3793 758 3798 .
810 3729 948 3786 duorum
989 3725 1235 3789 octaedrieomm.
1293 3728 1340 3790 AI
1371 3727 1500 3791 altitudo
1536 3724 1684 3808 quadrati.

845 3811 915 3887 OA,
938 3813 998 3876 ΒΚ
1020 3815 1097 3877 radii
1119 3815 1241 3896 majoris
1265 3816 1415 3898 epinyclii,
1439 3835 1494 3896 per
1516 3817 1594 3897 quod
1616 3815 1684 3895 pla·

845 3911 917 3964 neta
939 3903 977 3965 ad
999 3902 1030 3965 A
1052 3924 1145 3985 usque
1168 3906 1312 3968 ascendit.
1343 3903 1415 3968 an
1430 3912 1478 3968 est
1495 3905 1525 3967 iu
1539 3922 1684 3986 apogarn,

844 3991 894 4053 vel
916 3990 1045 4070 ἅφηλιῳ,
1072 3994 1152 4056 ἰιιΒ
1179 3995 1208 4057 iu
1235 3997 1369 4074 περιηλιῳ
1396 4002 1529 4057 centrum
1560 3992 1684 4078 epinycli

844 4081 977 4162 majoris.
1023 4083 1060 4154 L,
1083 4083 1117 4144 M
1138 4083 1208 4163 poli.
1251 4081 1428 4146 LGOHMF
1454 4084 1534 4147 orbis
1557 4084 1683 4164 integer.

844 4168 1005 4252 Epicyclus
1029 4172 1122 4252 major
1144 4173 1235 4251 igitur
1256 4174 1375 4235 eminet.

428 4253 475 4316 De
498 4250 684 4332 digressione
709 4256 800 4318 etiam
822 4257 951 4321 Veneris
974 4268 1007 4321 et
1026 4261 1167 4323 Mercurii
1190 4263 1334 4337 maxima,
1367 4262 1454 4324 velim
1481 4261 1574 4337 scire,
1608 4279 1684 4343 quae

342 4362 434 4406 causa
456 4342 498 4404 sit
519 4340 805 4411 diversitatis.iuter
827 4354 909 4409 tuam
921 4349 1055 4411 tabulam
1069 4356 1101 4412 et
1114 4349 1392 4419 interPruteuicas.
1417 4351 1548 4413 Anvero
1563 4350 1681 4412 distau-

343 4432 388 4493 tia
408 4432 439 4494 in
462 4431 544 4494 sinus
567 4449 710 4495 conversa
733 4435 823 4514 (quae
847 4444 895 4498 set
917 4433 970 4502 29¹
994 4434 1074 4510 W)
1098 4458 1155 4501 uon
1179 4440 1302 4502 exhibet
1322 4439 1395 4501 mibi
1417 4459 1518 4502 arcum
1540 4438 1683 4519 longissi-

344 4539 410 4581 mae
433 4517 627 4601 digressionis
651 4522 789 4585 emedio
812 4524 877 4588 loco
901 4524 1004 4588 Solis?
1047 4527 1116 4589 Nisi
1143 4536 1176 4591 tu
1199 4528 1272 4592 mihi
1294 4528 1418 4602 dixeris,
1451 4546 1597 4608 nunquam
1626 4546 1683 4608 ego

215 4606 219 4613 '
344 4608 483 4672 didicero.
529 4608 579 4670 Au
602 4627 657 4690 ego
680 4611 757 4674 sorte
780 4631 846 4676 erro
868 4612 897 4676 in
922 4616 1164 4695 computatione?
1178 4614 1314 4688 'Quanta
1336 4617 1426 4698 igitur
1447 4625 1497 4679 est
1518 4618 1548 4679 iu
1571 4616 1681 4678 Prote-

344 4697 441 4760 uicis?
472 4695 628 4769 Quomodo
650 4702 817 4782 capienda?
849 4700 973 4774 Quanta
990 4704 1019 4766 in
1043 4706 1174 4769 maxima
1195 4706 1379 4785 digressione
1402 4706 1552 4769 anomalia
1574 4724 1682 4768 eccen-

344 4786 408 4849 tri?
444 4783 567 4857 Quanta
588 4790 845 4853 commutationis?
881 4794 926 4855 Tu
955 4793 1030 4856 baec
1051 4793 1124 4857 milri
1146 4795 1242 4857 tribus
1264 4795 1364 4857 verbis
1386 4795 1526 4875 expedire
1548 4793 1680 4875 puteris:

345 4893 400 4943 uec
422 4875 452 4941 in
475 4873 623 4956 ingratum
645 4877 818 4944 beneficium
841 4882 987 4951 mutereo.
1023 4882 1090 4967 Ego
1104 4884 1149 4953 sic
1162 4902 1280 4969 cenem,
1299 4883 1544 4975 insuperioribus
1557 4883 1681 4968 prosth-
