<?xml version="1.0" encoding="UTF-8"?>
<!DOCTYPE html PUBLIC "-//W3C//DTD XHTML 1.0 Transitional//EN"
    "http://www.w3.org/TR/xhtml1/DTD/xhtml1-transitional.dtd">
<html xmlns="http://www.w3.org/1999/xhtml" xml:lang="en" lang="en">
 <head>
  <title>
</title>
<meta http-equiv="Content-Type" content="text/html;charset=utf-8" />
  <meta name='ocr-system' content='tesseract 3.04.00' />
  <meta name='ocr-capabilities' content='ocr_page ocr_carea ocr_par ocr_line ocrx_word'/>
</head>
<body>
  <div class='ocr_page' id='page_1' title='image "./joanniskepleria01unkngoog_0279.png"; bbox 0 0 3609 5634; ppageno 0'>
   <div class='ocr_carea' id='block_1_1' title="bbox 134 540 1547 1956">
    <p class='ocr_par' dir='ltr' id='par_1_1' title="bbox 134 540 1547 1068">
     <span class='ocr_line' id='line_1_1' title="bbox 134 540 1514 628; baseline 0.009 -26"><span class='ocrx_word' id='word_1_1' title='bbox 134 540 187 602; x_wconf 75' lang='lat' dir='ltr'>sal</span> <span class='ocrx_word' id='word_1_2' title='bbox 215 549 414 606; x_wconf 75' lang='lat' dir='ltr'>echonomus</span> <span class='ocrx_word' id='word_1_3' title='bbox 430 543 591 608; x_wconf 65' lang='lat' dir='ltr'>marum</span> <span class='ocrx_word' id='word_1_4' title='bbox 612 551 648 605; x_wconf 89' lang='lat' dir='ltr'>et</span> <span class='ocrx_word' id='word_1_5' title='bbox 667 541 829 624; x_wconf 76' lang='lat' dir='ltr'>(islippum</span> <span class='ocrx_word' id='word_1_6' title='bbox 852 563 907 606; x_wconf 83' lang='lat' dir='ltr'>nes</span> <span class='ocrx_word' id='word_1_7' title='bbox 930 543 1094 626; x_wconf 73' lang='lat' dir='ltr'>ablegavit,</span> <span class='ocrx_word' id='word_1_8' title='bbox 1118 554 1151 608; x_wconf 85' lang='lat' dir='ltr'>et</span> <span class='ocrx_word' id='word_1_9' title='bbox 1173 545 1310 626; x_wconf 78' lang='lat' dir='ltr'>quamvis</span> <span class='ocrx_word' id='word_1_10' title='bbox 1332 547 1364 622; x_wconf 90' lang='lat' dir='ltr'>in</span> <span class='ocrx_word' id='word_1_11' title='bbox 1387 548 1514 628; x_wconf 71' lang='lat' dir='ltr'>quibus-</span> 
     </span>
     <span class='ocr_line' id='line_1_2' title="bbox 135 629 1547 715; baseline 0.008 -26"><span class='ocrx_word' id='word_1_12' title='bbox 135 629 224 692; x_wconf 74' lang='lat' dir='ltr'>dam</span> <span class='ocrx_word' id='word_1_13' title='bbox 248 632 466 702; x_wconf 67' lang='lat' dir='ltr'>dissentientes</span> <span class='ocrx_word' id='word_1_14' title='bbox 489 633 616 707; x_wconf 83' lang='lat' dir='ltr'>videret,</span> <span class='ocrx_word' id='word_1_15' title='bbox 644 642 787 713; x_wconf 80' lang='lat' dir='ltr'>utrosque</span> <span class='ocrx_word' id='word_1_16' title='bbox 810 632 906 695; x_wconf 85' lang='lat' dir='ltr'>voluit</span> <span class='ocrx_word' id='word_1_17' title='bbox 926 633 966 695; x_wconf 90' lang='lat' dir='ltr'>ob</span> <span class='ocrx_word' id='word_1_18' title='bbox 989 633 1155 696; x_wconf 83' lang='lat' dir='ltr'>adhibitam</span> <span class='ocrx_word' id='word_1_19' title='bbox 1174 635 1361 715; x_wconf 72' lang='lat' dir='ltr'>diligentiam</span> <span class='ocrx_word' id='word_1_20' title='bbox 1385 645 1417 698; x_wconf 93' lang='lat' dir='ltr'>et</span> <span class='ocrx_word' id='word_1_21' title='bbox 1430 656 1515 700; x_wconf 85' lang='lat' dir='ltr'>enm·</span> <span class='ocrx_word' id='word_1_22' title='bbox 1546 655 1547 658; x_wconf 72' lang='grc'>’</span> 
     </span>
     <span class='ocr_line' id='line_1_3' title="bbox 135 720 1515 807; baseline 0.006 -25"><span class='ocrx_word' id='word_1_23' title='bbox 135 720 339 784; x_wconf 75' lang='lat' dir='ltr'>munitatem</span> <span class='ocrx_word' id='word_1_24' title='bbox 360 729 495 784; x_wconf 84' lang='lat' dir='ltr'>motuum</span> <span class='ocrx_word' id='word_1_25' title='bbox 519 721 688 784; x_wconf 73' lang='lat' dir='ltr'>docuinam</span> <span class='ocrx_word' id='word_1_26' title='bbox 710 721 898 784; x_wconf 77' lang='lat' dir='ltr'>reuerendos</span> <span class='ocrx_word' id='word_1_27' title='bbox 922 729 955 784; x_wconf 87' lang='lat' dir='ltr'>et</span> <span class='ocrx_word' id='word_1_28' title='bbox 976 723 1132 796; x_wconf 81' lang='lat' dir='ltr'>amandos,</span> <span class='ocrx_word' id='word_1_29' title='bbox 1156 723 1336 786; x_wconf 86' lang='lat' dir='ltr'>audiendum</span> <span class='ocrx_word' id='word_1_30' title='bbox 1359 744 1440 800; x_wconf 83' lang='lat' dir='ltr'>vere,</span> <span class='ocrx_word' id='word_1_31' title='bbox 1465 726 1515 807; x_wconf 76' lang='lat' dir='ltr'>quui</span> 
     </span>
     <span class='ocr_line' id='line_1_4' title="bbox 137 809 1514 889; baseline 0.006 -20"><span class='ocrx_word' id='word_1_32' title='bbox 137 825 243 886; x_wconf 87' lang='lat' dir='ltr'>quam</span> <span class='ocrx_word' id='word_1_33' title='bbox 267 809 437 871; x_wconf 86' lang='lat' dir='ltr'>rectissime</span> <span class='ocrx_word' id='word_1_34' title='bbox 460 828 523 872; x_wconf 87' lang='lat' dir='ltr'>rem</span> <span class='ocrx_word' id='word_1_35' title='bbox 545 809 714 889; x_wconf 75' lang='lat' dir='ltr'>expediret.</span> <span class='ocrx_word' id='word_1_36' title='bbox 760 810 862 873; x_wconf 85' lang='lat' dir='ltr'>Aliter</span> <span class='ocrx_word' id='word_1_37' title='bbox 885 828 957 888; x_wconf 86' lang='lat' dir='ltr'>ergo</span> <span class='ocrx_word' id='word_1_38' title='bbox 986 810 1083 873; x_wconf 90' lang='lat' dir='ltr'>sensit</span> <span class='ocrx_word' id='word_1_39' title='bbox 1105 811 1290 874; x_wconf 81' lang='lat' dir='ltr'>Aristoteles</span> <span class='ocrx_word' id='word_1_40' title='bbox 1318 813 1514 877; x_wconf 76' lang='lat' dir='ltr'>devotarum</span> 
     </span>
     <span class='ocr_line' id='line_1_5' title="bbox 138 897 1511 980; baseline 0.005 -21"><span class='ocrx_word' id='word_1_41' title='bbox 138 897 273 960; x_wconf 84' lang='lat' dir='ltr'>illerum</span> <span class='ocrx_word' id='word_1_42' title='bbox 295 906 534 962; x_wconf 80' lang='lat' dir='ltr'>astronomorum</span> <span class='ocrx_word' id='word_1_43' title='bbox 557 900 680 980; x_wconf 86' lang='lat' dir='ltr'>(quibus</span> <span class='ocrx_word' id='word_1_44' title='bbox 704 901 754 980; x_wconf 89' lang='lat' dir='ltr'>qui</span> <span class='ocrx_word' id='word_1_45' title='bbox 776 897 872 961; x_wconf 86' lang='lat' dir='ltr'>secuti</span> <span class='ocrx_word' id='word_1_46' title='bbox 896 908 968 962; x_wconf 81' lang='lat' dir='ltr'>snat</span> <span class='ocrx_word' id='word_1_47' title='bbox 995 917 1053 960; x_wconf 89' lang='lat' dir='ltr'>non</span> <span class='ocrx_word' id='word_1_48' title='bbox 1076 899 1270 979; x_wconf 78' lang='lat' dir='ltr'>ignobiliores</span> <span class='ocrx_word' id='word_1_49' title='bbox 1300 901 1399 976; x_wconf 87' lang='lat' dir='ltr'>luere)</span> <span class='ocrx_word' id='word_1_50' title='bbox 1423 904 1511 966; x_wconf 88' lang='lat' dir='ltr'>labo-</span> 
     </span>
     <span class='ocr_line' id='line_1_6' title="bbox 137 985 1458 1068; baseline 0.002 -21"><span class='ocrx_word' id='word_1_51' title='bbox 137 985 237 1048; x_wconf 87' lang='lat' dir='ltr'>ribus</span> <span class='ocrx_word' id='word_1_52' title='bbox 261 995 293 1048; x_wconf 85' lang='lat' dir='ltr'>et</span> <span class='ocrx_word' id='word_1_53' title='bbox 316 987 560 1066; x_wconf 80' lang='lat' dir='ltr'>praeclarissimo</span> <span class='ocrx_word' id='word_1_54' title='bbox 581 989 752 1067; x_wconf 84' lang='lat' dir='ltr'>proposito,</span> <span class='ocrx_word' id='word_1_55' title='bbox 776 1006 866 1068; x_wconf 83' lang='lat' dir='ltr'>quem</span> <span class='ocrx_word' id='word_1_56' title='bbox 889 987 997 1051; x_wconf 88' lang='lat' dir='ltr'>Ursus.</span> <span class='ocrx_word' id='word_1_57' title='bbox 1029 989 1039 1010; x_wconf 86' lang='lat'>&#39;</span> <span class='ocrx_word' id='word_1_58' title='bbox 1124 994 1128 1000; x_wconf 87' lang='grc'><em>’</em></span> <span class='ocrx_word' id='word_1_59' title='bbox 1455 1035 1458 1040; x_wconf 84' lang='grc'>-</span> 
     </span>
    </p>

    <p class='ocr_par' dir='ltr' id='par_1_2' title="bbox 142 1073 1521 1956">
     <span class='ocr_line' id='line_1_7' title="bbox 145 1073 1511 1156; baseline 0.005 -21"><span class='ocrx_word' id='word_1_60' title='bbox 145 1122 157 1129; x_wconf 92' lang='grc'><strong><em>.</em></strong></span> <span class='ocrx_word' id='word_1_61' title='bbox 243 1073 364 1152; x_wconf 71' lang='lat' dir='ltr'>Quarto</span> <span class='ocrx_word' id='word_1_62' title='bbox 385 1077 503 1140; x_wconf 83' lang='lat' dir='ltr'>ridetur</span> <span class='ocrx_word' id='word_1_63' title='bbox 528 1083 703 1156; x_wconf 83' lang='lat' dir='ltr'>argumento</span> <span class='ocrx_word' id='word_1_64' title='bbox 726 1094 860 1156; x_wconf 87' lang='lat' dir='ltr'>pugnare</span> <span class='ocrx_word' id='word_1_65' title='bbox 883 1094 938 1155; x_wconf 90' lang='lat' dir='ltr'>pro</span> <span class='ocrx_word' id='word_1_66' title='bbox 957 1079 1013 1137; x_wconf 89' lang='lat' dir='ltr'>sua</span> <span class='ocrx_word' id='word_1_67' title='bbox 1026 1075 1191 1148; x_wconf 86' lang='lat' dir='ltr'>sententia,</span> <span class='ocrx_word' id='word_1_68' title='bbox 1216 1095 1274 1140; x_wconf 90' lang='lat' dir='ltr'>non</span> <span class='ocrx_word' id='word_1_69' title='bbox 1294 1096 1362 1140; x_wconf 89' lang='lat' dir='ltr'>esse</span> <span class='ocrx_word' id='word_1_70' title='bbox 1378 1098 1511 1150; x_wconf 84' lang='lat' dir='ltr'>necesse.</span> 
     </span>
     <span class='ocr_line' id='line_1_8' title="bbox 142 1165 1512 1246; baseline 0.004 -21"><span class='ocrx_word' id='word_1_71' title='bbox 142 1173 187 1231; x_wconf 78' lang='lat' dir='ltr'>ert</span> <span class='ocrx_word' id='word_1_72' title='bbox 212 1182 305 1226; x_wconf 86' lang='lat' dir='ltr'>verae</span> <span class='ocrx_word' id='word_1_73' title='bbox 328 1165 390 1226; x_wconf 87' lang='lat' dir='ltr'>sint</span> <span class='ocrx_word' id='word_1_74' title='bbox 413 1167 634 1228; x_wconf 74' lang='lat' dir='ltr'>astronomicae</span> <span class='ocrx_word' id='word_1_75' title='bbox 658 1166 857 1246; x_wconf 80' lang='lat' dir='ltr'>hypotheses3</span> <span class='ocrx_word' id='word_1_76' title='bbox 886 1184 956 1225; x_wconf 88' lang='lat' dir='ltr'>nam</span> <span class='ocrx_word' id='word_1_77' title='bbox 980 1165 1172 1235; x_wconf 80' lang='lat' dir='ltr'>crassissima</span> <span class='ocrx_word' id='word_1_78' title='bbox 1200 1165 1231 1226; x_wconf 94' lang='lat' dir='ltr'>in</span> <span class='ocrx_word' id='word_1_79' title='bbox 1256 1166 1392 1228; x_wconf 89' lang='lat' dir='ltr'>omnibus</span> <span class='ocrx_word' id='word_1_80' title='bbox 1415 1168 1512 1231; x_wconf 86' lang='lat' dir='ltr'>adhuc</span> 
     </span>
     <span class='ocr_line' id='line_1_9' title="bbox 145 1254 1513 1336; baseline 0.001 -20"><span class='ocrx_word' id='word_1_81' title='bbox 145 1254 374 1335; x_wconf 79' lang='lat' dir='ltr'>hypothesibus</span> <span class='ocrx_word' id='word_1_82' title='bbox 397 1254 530 1318; x_wconf 85' lang='lat' dir='ltr'>absurda</span> <span class='ocrx_word' id='word_1_83' title='bbox 552 1255 696 1318; x_wconf 88' lang='lat' dir='ltr'>residere.</span> <span class='ocrx_word' id='word_1_84' title='bbox 743 1254 857 1316; x_wconf 87' lang='lat' dir='ltr'>Verum</span> <span class='ocrx_word' id='word_1_85' title='bbox 883 1254 930 1327; x_wconf 92' lang='lat' dir='ltr'>id,</span> <span class='ocrx_word' id='word_1_86' title='bbox 966 1254 1044 1333; x_wconf 89' lang='lat' dir='ltr'>quod</span> <span class='ocrx_word' id='word_1_87' title='bbox 1068 1262 1117 1316; x_wconf 89' lang='lat' dir='ltr'>est</span> <span class='ocrx_word' id='word_1_88' title='bbox 1144 1254 1294 1333; x_wconf 91' lang='lat' dir='ltr'>ignotum,</span> <span class='ocrx_word' id='word_1_89' title='bbox 1327 1256 1437 1335; x_wconf 89' lang='lat' dir='ltr'>prohat</span> <span class='ocrx_word' id='word_1_90' title='bbox 1458 1276 1513 1336; x_wconf 86' lang='lat' dir='ltr'>per</span> 
     </span>
     <span class='ocr_line' id='line_1_10' title="bbox 144 1341 1512 1422; baseline 0.003 -18"><span class='ocrx_word' id='word_1_91' title='bbox 144 1343 239 1406; x_wconf 83' lang='lat' dir='ltr'>alind</span> <span class='ocrx_word' id='word_1_92' title='bbox 262 1343 350 1421; x_wconf 86' lang='lat' dir='ltr'>longe</span> <span class='ocrx_word' id='word_1_93' title='bbox 374 1343 526 1406; x_wconf 81' lang='lat' dir='ltr'>incertius.</span> <span class='ocrx_word' id='word_1_94' title='bbox 575 1345 687 1406; x_wconf 88' lang='lat' dir='ltr'>Verum</span> <span class='ocrx_word' id='word_1_95' title='bbox 710 1343 830 1422; x_wconf 88' lang='lat' dir='ltr'>quidem</span> <span class='ocrx_word' id='word_1_96' title='bbox 853 1350 910 1416; x_wconf 86' lang='lat' dir='ltr'>est,</span> <span class='ocrx_word' id='word_1_97' title='bbox 935 1341 962 1403; x_wconf 88' lang='lat' dir='ltr'>si</span> <span class='ocrx_word' id='word_1_98' title='bbox 984 1343 1147 1404; x_wconf 84' lang='lat' dir='ltr'>absurdum</span> <span class='ocrx_word' id='word_1_99' title='bbox 1170 1351 1202 1406; x_wconf 89' lang='lat' dir='ltr'>et</span> <span class='ocrx_word' id='word_1_100' title='bbox 1217 1344 1327 1406; x_wconf 83' lang='lat' dir='ltr'>laisum</span> <span class='ocrx_word' id='word_1_101' title='bbox 1350 1345 1381 1406; x_wconf 93' lang='lat' dir='ltr'>id</span> <span class='ocrx_word' id='word_1_102' title='bbox 1395 1345 1512 1408; x_wconf 85' lang='lat' dir='ltr'>censeri</span> 
     </span>
     <span class='ocr_line' id='line_1_11' title="bbox 148 1430 1511 1515; baseline 0.001 -22"><span class='ocrx_word' id='word_1_103' title='bbox 148 1430 264 1503; x_wconf 87' lang='lat' dir='ltr'>debet,</span> <span class='ocrx_word' id='word_1_104' title='bbox 291 1431 369 1510; x_wconf 91' lang='lat' dir='ltr'>qnod</span> <span class='ocrx_word' id='word_1_105' title='bbox 391 1432 441 1494; x_wconf 88' lang='lat' dir='ltr'>nni</span> <span class='ocrx_word' id='word_1_106' title='bbox 459 1432 547 1494; x_wconf 87' lang='lat' dir='ltr'>alicui</span> <span class='ocrx_word' id='word_1_107' title='bbox 571 1432 722 1496; x_wconf 84' lang='lat' dir='ltr'>bominum</span> <span class='ocrx_word' id='word_1_108' title='bbox 745 1431 844 1496; x_wconf 83' lang='lat' dir='ltr'>coetsi</span> <span class='ocrx_word' id='word_1_109' title='bbox 869 1431 931 1492; x_wconf 86' lang='lat' dir='ltr'>tels</span> <span class='ocrx_word' id='word_1_110' title='bbox 954 1431 1087 1505; x_wconf 81' lang='lat' dir='ltr'>videtur,</span> <span class='ocrx_word' id='word_1_111' title='bbox 1112 1432 1185 1493; x_wconf 89' lang='lat' dir='ltr'>nihil</span> <span class='ocrx_word' id='word_1_112' title='bbox 1209 1432 1267 1494; x_wconf 89' lang='lat' dir='ltr'>erit</span> <span class='ocrx_word' id='word_1_113' title='bbox 1289 1432 1320 1493; x_wconf 94' lang='lat' dir='ltr'>in</span> <span class='ocrx_word' id='word_1_114' title='bbox 1343 1441 1410 1494; x_wconf 87' lang='lat' dir='ltr'>tota</span> <span class='ocrx_word' id='word_1_115' title='bbox 1432 1435 1511 1515; x_wconf 89' lang='lat' dir='ltr'>phy-</span> 
     </span>
     <span class='ocr_line' id='line_1_12' title="bbox 148 1519 1511 1601; baseline 0.001 -19"><span class='ocrx_word' id='word_1_116' title='bbox 148 1521 294 1599; x_wconf 87' lang='lat' dir='ltr'>siologia,</span> <span class='ocrx_word' id='word_1_117' title='bbox 316 1520 397 1600; x_wconf 82' lang='lat' dir='ltr'>quod</span> <span class='ocrx_word' id='word_1_118' title='bbox 420 1539 481 1582; x_wconf 89' lang='lat' dir='ltr'>nun</span> <span class='ocrx_word' id='word_1_119' title='bbox 502 1540 557 1601; x_wconf 88' lang='lat' dir='ltr'>pro</span> <span class='ocrx_word' id='word_1_120' title='bbox 579 1519 770 1584; x_wconf 86' lang='lat' dir='ltr'>crassissimo</span> <span class='ocrx_word' id='word_1_121' title='bbox 792 1519 923 1581; x_wconf 85' lang='lat' dir='ltr'>absurdo</span> <span class='ocrx_word' id='word_1_122' title='bbox 946 1519 1052 1581; x_wconf 89' lang='lat' dir='ltr'>haberi</span> <span class='ocrx_word' id='word_1_123' title='bbox 1076 1520 1175 1581; x_wconf 90' lang='lat' dir='ltr'>debet.</span> <span class='ocrx_word' id='word_1_124' title='bbox 1223 1521 1335 1582; x_wconf 88' lang='lat' dir='ltr'>Variae</span> <span class='ocrx_word' id='word_1_125' title='bbox 1359 1530 1430 1583; x_wconf 88' lang='lat' dir='ltr'>sunt</span> <span class='ocrx_word' id='word_1_126' title='bbox 1453 1523 1511 1584; x_wconf 91' lang='lat' dir='ltr'>ho-</span> 
     </span>
     <span class='ocr_line' id='line_1_13' title="bbox 149 1608 1521 1689; baseline -0.001 -17"><span class='ocrx_word' id='word_1_127' title='bbox 149 1609 267 1672; x_wconf 76' lang='lat' dir='ltr'>minum</span> <span class='ocrx_word' id='word_1_128' title='bbox 295 1609 481 1684; x_wconf 86' lang='lat' dir='ltr'>sententiae,</span> <span class='ocrx_word' id='word_1_129' title='bbox 515 1609 590 1672; x_wconf 86' lang='lat' dir='ltr'>varii</span> <span class='ocrx_word' id='word_1_130' title='bbox 618 1618 725 1689; x_wconf 86' lang='lat' dir='ltr'>captus</span> <span class='ocrx_word' id='word_1_131' title='bbox 756 1608 951 1687; x_wconf 87' lang='lat' dir='ltr'>ingeniorum.</span> <span class='ocrx_word' id='word_1_132' title='bbox 1003 1608 1073 1670; x_wconf 80' lang='lat' dir='ltr'>Non</span> <span class='ocrx_word' id='word_1_133' title='bbox 1101 1608 1231 1670; x_wconf 89' lang='lat' dir='ltr'>credidit</span> <span class='ocrx_word' id='word_1_134' title='bbox 1253 1609 1415 1671; x_wconf 89' lang='lat' dir='ltr'>absurdum</span> <span class='ocrx_word' id='word_1_135' title='bbox 1442 1629 1521 1688; x_wconf 73' lang='lat' dir='ltr'>esse,</span> 
     </span>
     <span class='ocr_line' id='line_1_14' title="bbox 152 1695 1512 1778; baseline -0.001 -17"><span class='ocrx_word' id='word_1_136' title='bbox 152 1695 351 1778; x_wconf 80' lang='lat' dir='ltr'>Gopsraicus,</span> <span class='ocrx_word' id='word_1_137' title='bbox 376 1707 413 1759; x_wconf 86' lang='lat' dir='ltr'>ut</span> <span class='ocrx_word' id='word_1_138' title='bbox 433 1698 529 1760; x_wconf 86' lang='lat' dir='ltr'>Terra</span> <span class='ocrx_word' id='word_1_139' title='bbox 551 1708 719 1770; x_wconf 84' lang='lat' dir='ltr'>moveatur,</span> <span class='ocrx_word' id='word_1_140' title='bbox 740 1698 866 1760; x_wconf 63' lang='lat' dir='ltr'>marum</span> <span class='ocrx_word' id='word_1_141' title='bbox 889 1705 979 1760; x_wconf 90' lang='lat' dir='ltr'>tanta</span> <span class='ocrx_word' id='word_1_142' title='bbox 1000 1697 1043 1759; x_wconf 90' lang='lat' dir='ltr'>sit</span> <span class='ocrx_word' id='word_1_143' title='bbox 1064 1697 1261 1759; x_wconf 78' lang='lat' dir='ltr'>immensitas.</span> <span class='ocrx_word' id='word_1_144' title='bbox 1308 1698 1377 1760; x_wconf 92' lang='lat' dir='ltr'>Nou</span> <span class='ocrx_word' id='word_1_145' title='bbox 1402 1698 1512 1760; x_wconf 77' lang='lat' dir='ltr'>existi-</span> 
     </span>
     <span class='ocr_line' id='line_1_15' title="bbox 152 1785 1512 1868; baseline -0.001 -17"><span class='ocrx_word' id='word_1_146' title='bbox 152 1796 222 1851; x_wconf 83' lang='lat' dir='ltr'>mat</span> <span class='ocrx_word' id='word_1_147' title='bbox 244 1787 406 1852; x_wconf 87' lang='lat' dir='ltr'>absurdum</span> <span class='ocrx_word' id='word_1_148' title='bbox 428 1787 542 1868; x_wconf 84' lang='lat' dir='ltr'>Tycho,</span> <span class='ocrx_word' id='word_1_149' title='bbox 565 1795 600 1850; x_wconf 93' lang='lat' dir='ltr'>ut</span> <span class='ocrx_word' id='word_1_150' title='bbox 621 1788 761 1867; x_wconf 84' lang='lat' dir='ltr'>planetae</span> <span class='ocrx_word' id='word_1_151' title='bbox 785 1785 888 1849; x_wconf 90' lang='lat' dir='ltr'>Solem</span> <span class='ocrx_word' id='word_1_152' title='bbox 912 1786 1052 1848; x_wconf 90' lang='lat' dir='ltr'>mobilem</span> <span class='ocrx_word' id='word_1_153' title='bbox 1079 1806 1134 1848; x_wconf 89' lang='lat' dir='ltr'>cen</span> <span class='ocrx_word' id='word_1_154' title='bbox 1157 1794 1293 1848; x_wconf 88' lang='lat' dir='ltr'>centrum</span> <span class='ocrx_word' id='word_1_155' title='bbox 1315 1805 1411 1863; x_wconf 89' lang='lat' dir='ltr'>suum,</span> <span class='ocrx_word' id='word_1_156' title='bbox 1435 1806 1512 1868; x_wconf 88' lang='lat' dir='ltr'>quo·</span> 
     </span>
     <span class='ocr_line' id='line_1_16' title="bbox 153 1873 1511 1956; baseline -0.002 -16"><span class='ocrx_word' id='word_1_157' title='bbox 153 1895 272 1956; x_wconf 73' lang='lat' dir='ltr'>esuque</span> <span class='ocrx_word' id='word_1_158' title='bbox 296 1877 327 1938; x_wconf 86' lang='lat' dir='ltr'>id</span> <span class='ocrx_word' id='word_1_159' title='bbox 348 1876 474 1951; x_wconf 89' lang='lat' dir='ltr'>secedit,</span> <span class='ocrx_word' id='word_1_160' title='bbox 507 1886 671 1956; x_wconf 84' lang='lat' dir='ltr'>sequantur</span> <span class='ocrx_word' id='word_1_161' title='bbox 694 1894 750 1937; x_wconf 85' lang='lat' dir='ltr'>nec</span> <span class='ocrx_word' id='word_1_162' title='bbox 772 1884 874 1938; x_wconf 74' lang='lat' dir='ltr'>tmen</span> <span class='ocrx_word' id='word_1_163' title='bbox 898 1894 971 1937; x_wconf 91' lang='lat' dir='ltr'>suos</span> <span class='ocrx_word' id='word_1_164' title='bbox 994 1884 1093 1937; x_wconf 86' lang='lat' dir='ltr'>motus</span> <span class='ocrx_word' id='word_1_165' title='bbox 1121 1876 1274 1937; x_wconf 79' lang='lat' dir='ltr'>deserant.</span> <span class='ocrx_word' id='word_1_166' title='bbox 1320 1873 1391 1945; x_wconf 80' lang='lat' dir='ltr'>Qua</span> <span class='ocrx_word' id='word_1_167' title='bbox 1418 1875 1454 1937; x_wconf 90' lang='lat' dir='ltr'>ds</span> <span class='ocrx_word' id='word_1_168' title='bbox 1478 1895 1511 1940; x_wconf 88' lang='lat' dir='ltr'>re</span> 
     </span>
    </p>
   </div>
   <div class='ocr_carea' id='block_1_2' title="bbox 154 1963 1667 2044">
    <p class='ocr_par' dir='ltr' id='par_1_3' title="bbox 154 1963 1667 2044">
     <span class='ocr_line' id='line_1_17' title="bbox 154 1963 1667 2044; baseline 0.003 -20"><span class='ocrx_word' id='word_1_169' title='bbox 154 1966 226 2028; x_wconf 82' lang='lat' dir='ltr'>uide</span> <span class='ocrx_word' id='word_1_170' title='bbox 249 1964 483 2043; x_wconf 84' lang='lat' dir='ltr'>disputationem</span> <span class='ocrx_word' id='word_1_171' title='bbox 506 1965 692 2028; x_wconf 88' lang='lat' dir='ltr'>Rothmauni</span> <span class='ocrx_word' id='word_1_172' title='bbox 715 1983 782 2026; x_wconf 88' lang='lat' dir='ltr'>cum</span> <span class='ocrx_word' id='word_1_173' title='bbox 803 1965 945 2044; x_wconf 86' lang='lat' dir='ltr'>Tychone</span> <span class='ocrx_word' id='word_1_174' title='bbox 968 1965 997 2025; x_wconf 92' lang='lat' dir='ltr'>in</span> <span class='ocrx_word' id='word_1_175' title='bbox 1021 1964 1160 2042; x_wconf 89' lang='lat' dir='ltr'>epistolis</span> <span class='ocrx_word' id='word_1_176' title='bbox 1183 1963 1403 2026; x_wconf 84' lang='lat' dir='ltr'>astronomicis.</span> <span class='ocrx_word' id='word_1_177' title='bbox 1442 1964 1511 2028; x_wconf 86' lang='lat' dir='ltr'>Nou</span> <span class='ocrx_word' id='word_1_178' title='bbox 1576 2037 1579 2042; x_wconf 19' lang='lat'><strong>¹</strong></span> <span class='ocrx_word' id='word_1_179' title='bbox 1662 2021 1667 2028; x_wconf 82' lang='lat'>.</span> 
     </span>
    </p>
   </div>
   <div class='ocr_carea' id='block_1_3' title="bbox 71 2051 1513 4895">
    <p class='ocr_par' dir='ltr' id='par_1_4' title="bbox 153 2051 1513 2933">
     <span class='ocr_line' id='line_1_18' title="bbox 153 2051 1513 2130; baseline -0.001 -14"><span class='ocrx_word' id='word_1_180' title='bbox 153 2063 208 2116; x_wconf 80' lang='lat' dir='ltr'>est</span> <span class='ocrx_word' id='word_1_181' title='bbox 239 2054 372 2118; x_wconf 73' lang='lat' dir='ltr'>amerus</span> <span class='ocrx_word' id='word_1_182' title='bbox 396 2054 591 2116; x_wconf 87' lang='lat' dir='ltr'>Ptolemaicis</span> <span class='ocrx_word' id='word_1_183' title='bbox 623 2053 856 2124; x_wconf 86' lang='lat' dir='ltr'>inaestimabilis</span> <span class='ocrx_word' id='word_1_184' title='bbox 889 2053 943 2114; x_wconf 89' lang='lat' dir='ltr'>illa</span> <span class='ocrx_word' id='word_1_185' title='bbox 974 2051 1071 2113; x_wconf 84' lang='lat' dir='ltr'>ultimi</span> <span class='ocrx_word' id='word_1_186' title='bbox 1103 2051 1180 2114; x_wconf 93' lang='lat' dir='ltr'>coeli</span> <span class='ocrx_word' id='word_1_187' title='bbox 1207 2052 1382 2130; x_wconf 80' lang='lat' dir='ltr'>pernicitas</span> <span class='ocrx_word' id='word_1_188' title='bbox 1434 2051 1513 2116; x_wconf 86' lang='lat' dir='ltr'>Sunt</span> 
     </span>
     <span class='ocr_line' id='line_1_19' title="bbox 156 2140 1513 2220; baseline -0.001 -14"><span class='ocrx_word' id='word_1_189' title='bbox 156 2144 233 2208; x_wconf 82' lang='lat' dir='ltr'>haee</span> <span class='ocrx_word' id='word_1_190' title='bbox 265 2150 301 2203; x_wconf 87' lang='lat' dir='ltr'>ut</span> <span class='ocrx_word' id='word_1_191' title='bbox 331 2163 350 2204; x_wconf 88' lang='lat' dir='ltr'>a</span> <span class='ocrx_word' id='word_1_192' title='bbox 382 2141 521 2206; x_wconf 83' lang='lat' dir='ltr'>sensibus</span> <span class='ocrx_word' id='word_1_193' title='bbox 552 2144 596 2206; x_wconf 90' lang='lat' dir='ltr'>its</span> <span class='ocrx_word' id='word_1_194' title='bbox 625 2150 658 2204; x_wconf 86' lang='lat' dir='ltr'>et</span> <span class='ocrx_word' id='word_1_195' title='bbox 686 2161 706 2202; x_wconf 89' lang='lat' dir='ltr'>a</span> <span class='ocrx_word' id='word_1_196' title='bbox 733 2147 824 2219; x_wconf 88' lang='lat' dir='ltr'>captu</span> <span class='ocrx_word' id='word_1_197' title='bbox 854 2140 1040 2220; x_wconf 89' lang='lat' dir='ltr'>ingeniorum</span> <span class='ocrx_word' id='word_1_198' title='bbox 1072 2148 1241 2202; x_wconf 88' lang='lat' dir='ltr'>nostrorum</span> <span class='ocrx_word' id='word_1_199' title='bbox 1270 2140 1444 2214; x_wconf 84' lang='lat' dir='ltr'>remotiora,</span> <span class='ocrx_word' id='word_1_200' title='bbox 1480 2148 1513 2204; x_wconf 85' lang='lat' dir='ltr'>et</span> 
     </span>
     <span class='ocr_line' id='line_1_20' title="bbox 157 2228 1510 2311; baseline -0.002 -19"><span class='ocrx_word' id='word_1_201' title='bbox 157 2232 251 2296; x_wconf 68' lang='lat' dir='ltr'>rarus</span> <span class='ocrx_word' id='word_1_202' title='bbox 280 2232 474 2310; x_wconf 76' lang='lat' dir='ltr'>disputantur</span> <span class='ocrx_word' id='word_1_203' title='bbox 501 2230 697 2311; x_wconf 78' lang='lat' dir='ltr'>argumentis.</span> <span class='ocrx_word' id='word_1_204' title='bbox 744 2231 846 2309; x_wconf 85' lang='lat' dir='ltr'>Atque</span> <span class='ocrx_word' id='word_1_205' title='bbox 875 2230 950 2290; x_wconf 86' lang='lat' dir='ltr'>haec</span> <span class='ocrx_word' id='word_1_206' title='bbox 979 2228 1032 2289; x_wconf 91' lang='lat' dir='ltr'>illa</span> <span class='ocrx_word' id='word_1_207' title='bbox 1058 2235 1129 2289; x_wconf 89' lang='lat' dir='ltr'>snut</span> <span class='ocrx_word' id='word_1_208' title='bbox 1155 2228 1345 2290; x_wconf 85' lang='lat' dir='ltr'>crassissima</span> <span class='ocrx_word' id='word_1_209' title='bbox 1368 2229 1510 2306; x_wconf 80' lang='lat' dir='ltr'>absurda,</span> 
     </span>
     <span class='ocr_line' id='line_1_21' title="bbox 156 2315 1510 2403; baseline -0.004 -19"><span class='ocrx_word' id='word_1_210' title='bbox 156 2342 235 2403; x_wconf 76' lang='lat' dir='ltr'>quae</span> <span class='ocrx_word' id='word_1_211' title='bbox 259 2321 377 2401; x_wconf 76' lang='lat' dir='ltr'>quidem</span> <span class='ocrx_word' id='word_1_212' title='bbox 400 2319 489 2384; x_wconf 82' lang='lat' dir='ltr'>simul</span> <span class='ocrx_word' id='word_1_213' title='bbox 510 2337 582 2382; x_wconf 82' lang='lat' dir='ltr'>vera</span> <span class='ocrx_word' id='word_1_214' title='bbox 604 2337 673 2380; x_wconf 88' lang='lat' dir='ltr'>esse</span> <span class='ocrx_word' id='word_1_215' title='bbox 697 2326 862 2398; x_wconf 78' lang='lat' dir='ltr'>nequeunt,</span> <span class='ocrx_word' id='word_1_216' title='bbox 892 2334 951 2396; x_wconf 89' lang='lat' dir='ltr'>qno</span> <span class='ocrx_word' id='word_1_217' title='bbox 974 2316 1023 2389; x_wconf 83' lang='lat' dir='ltr'>fit,</span> <span class='ocrx_word' id='word_1_218' title='bbox 1054 2324 1204 2394; x_wconf 87' lang='lat' dir='ltr'>utusque</span> <span class='ocrx_word' id='word_1_219' title='bbox 1233 2316 1303 2393; x_wconf 90' lang='lat' dir='ltr'>plus</span> <span class='ocrx_word' id='word_1_220' title='bbox 1329 2334 1389 2377; x_wconf 91' lang='lat' dir='ltr'>una</span> <span class='ocrx_word' id='word_1_221' title='bbox 1411 2315 1510 2396; x_wconf 89' lang='lat' dir='ltr'>hypo·</span> 
     </span>
     <span class='ocr_line' id='line_1_22' title="bbox 154 2402 1510 2487; baseline -0.008 -13"><span class='ocrx_word' id='word_1_222' title='bbox 154 2411 287 2474; x_wconf 86' lang='lat' dir='ltr'>thesium</span> <span class='ocrx_word' id='word_1_223' title='bbox 310 2411 408 2470; x_wconf 80' lang='lat' dir='ltr'>forma</span> <span class='ocrx_word' id='word_1_224' title='bbox 430 2427 504 2470; x_wconf 86' lang='lat' dir='ltr'>uera</span> <span class='ocrx_word' id='word_1_225' title='bbox 526 2427 594 2470; x_wconf 90' lang='lat' dir='ltr'>esse</span> <span class='ocrx_word' id='word_1_226' title='bbox 617 2406 725 2487; x_wconf 86' lang='lat' dir='ltr'>pessit.</span> <span class='ocrx_word' id='word_1_227' title='bbox 773 2405 854 2476; x_wconf 78' lang='lat' dir='ltr'>Quid</span> <span class='ocrx_word' id='word_1_228' title='bbox 877 2414 978 2467; x_wconf 90' lang='lat' dir='ltr'>sutem</span> <span class='ocrx_word' id='word_1_229' title='bbox 1006 2422 1044 2464; x_wconf 81' lang='lat' dir='ltr'>ex</span> <span class='ocrx_word' id='word_1_230' title='bbox 1067 2404 1114 2465; x_wconf 89' lang='lat' dir='ltr'>his</span> <span class='ocrx_word' id='word_1_231' title='bbox 1136 2421 1239 2468; x_wconf 85' lang='lat' dir='ltr'>verum</span> <span class='ocrx_word' id='word_1_232' title='bbox 1262 2403 1317 2478; x_wconf 89' lang='lat' dir='ltr'>sit,</span> <span class='ocrx_word' id='word_1_233' title='bbox 1350 2402 1421 2483; x_wconf 88' lang='lat' dir='ltr'>quid</span> <span class='ocrx_word' id='word_1_234' title='bbox 1448 2403 1510 2468; x_wconf 83' lang='lat' dir='ltr'>lal-</span> 
     </span>
     <span class='ocr_line' id='line_1_23' title="bbox 155 2490 1513 2578; baseline -0.007 -16"><span class='ocrx_word' id='word_1_235' title='bbox 155 2519 232 2573; x_wconf 91' lang='lat' dir='ltr'>sum,</span> <span class='ocrx_word' id='word_1_236' title='bbox 257 2493 350 2578; x_wconf 89' lang='lat' dir='ltr'>penes</span> <span class='ocrx_word' id='word_1_237' title='bbox 372 2516 443 2559; x_wconf 87' lang='lat' dir='ltr'>vere</span> <span class='ocrx_word' id='word_1_238' title='bbox 466 2496 676 2577; x_wconf 89' lang='lat' dir='ltr'>philosophum</span> <span class='ocrx_word' id='word_1_239' title='bbox 699 2501 748 2557; x_wconf 90' lang='lat' dir='ltr'>est</span> <span class='ocrx_word' id='word_1_240' title='bbox 770 2495 940 2556; x_wconf 87' lang='lat' dir='ltr'>decernere.</span> <span class='ocrx_word' id='word_1_241' title='bbox 988 2490 1111 2554; x_wconf 84' lang='lat' dir='ltr'>Certum</span> <span class='ocrx_word' id='word_1_242' title='bbox 1135 2499 1236 2552; x_wconf 85' lang='lat' dir='ltr'>tamen</span> <span class='ocrx_word' id='word_1_243' title='bbox 1256 2499 1313 2564; x_wconf 86' lang='lat' dir='ltr'>eat,</span> <span class='ocrx_word' id='word_1_244' title='bbox 1338 2510 1397 2552; x_wconf 92' lang='lat' dir='ltr'>uon</span> <span class='ocrx_word' id='word_1_245' title='bbox 1411 2493 1513 2555; x_wconf 84' lang='lat' dir='ltr'>emnia</span> 
     </span>
     <span class='ocr_line' id='line_1_24' title="bbox 155 2577 1511 2674; baseline -0.007 -24"><span class='ocrx_word' id='word_1_246' title='bbox 155 2607 237 2663; x_wconf 83' lang='lat' dir='ltr'>esse,</span> <span class='ocrx_word' id='word_1_247' title='bbox 260 2596 294 2649; x_wconf 91' lang='lat' dir='ltr'>ut</span> <span class='ocrx_word' id='word_1_248' title='bbox 317 2587 395 2648; x_wconf 85' lang='lat' dir='ltr'>Urso</span> <span class='ocrx_word' id='word_1_249' title='bbox 418 2586 567 2662; x_wconf 83' lang='lat' dir='ltr'>videntur,</span> <span class='ocrx_word' id='word_1_250' title='bbox 592 2603 694 2647; x_wconf 90' lang='lat' dir='ltr'>crasse</span> <span class='ocrx_word' id='word_1_251' title='bbox 718 2579 859 2646; x_wconf 81' lang='lat' dir='ltr'>absurda.</span> <span class='ocrx_word' id='word_1_252' title='bbox 906 2579 984 2644; x_wconf 84' lang='lat' dir='ltr'>Mihi</span> <span class='ocrx_word' id='word_1_253' title='bbox 1007 2598 1080 2642; x_wconf 88' lang='lat' dir='ltr'>sane</span> <span class='ocrx_word' id='word_1_254' title='bbox 1104 2578 1177 2674; x_wconf 77' lang='lat' dir='ltr'>nihil</span> <span class='ocrx_word' id='word_1_255' title='bbox 1202 2578 1312 2640; x_wconf 84' lang='lat' dir='ltr'>falsum</span> <span class='ocrx_word' id='word_1_256' title='bbox 1326 2577 1511 2660; x_wconf 79' lang='lat' dir='ltr'>Copernicns</span> 
     </span>
     <span class='ocr_line' id='line_1_25' title="bbox 155 2667 1511 2754; baseline -0.007 -14"><span class='ocrx_word' id='word_1_257' title='bbox 155 2677 272 2740; x_wconf 82' lang='lat' dir='ltr'>dixisse</span> <span class='ocrx_word' id='word_1_258' title='bbox 295 2675 430 2737; x_wconf 83' lang='lat' dir='ltr'>ridetur:</span> <span class='ocrx_word' id='word_1_259' title='bbox 456 2676 592 2754; x_wconf 82' lang='lat' dir='ltr'>quodque</span> <span class='ocrx_word' id='word_1_260' title='bbox 615 2674 691 2735; x_wconf 87' lang='lat' dir='ltr'>meis</span> <span class='ocrx_word' id='word_1_261' title='bbox 712 2691 766 2752; x_wconf 90' lang='lat' dir='ltr'>pro</span> <span class='ocrx_word' id='word_1_262' title='bbox 790 2670 956 2752; x_wconf 85' lang='lat' dir='ltr'>Copsruico</span> <span class='ocrx_word' id='word_1_263' title='bbox 980 2668 1076 2731; x_wconf 83' lang='lat' dir='ltr'>defuit</span> <span class='ocrx_word' id='word_1_264' title='bbox 1099 2668 1296 2747; x_wconf 82' lang='lat' dir='ltr'>argumentis,</span> <span class='ocrx_word' id='word_1_265' title='bbox 1321 2667 1352 2729; x_wconf 92' lang='lat' dir='ltr'>id</span> <span class='ocrx_word' id='word_1_266' title='bbox 1375 2668 1511 2732; x_wconf 87' lang='lat' dir='ltr'>admira-</span> 
     </span>
     <span class='ocr_line' id='line_1_26' title="bbox 154 2755 1510 2843; baseline -0.007 -14"><span class='ocrx_word' id='word_1_267' title='bbox 154 2766 211 2829; x_wconf 87' lang='lat' dir='ltr'>bili</span> <span class='ocrx_word' id='word_1_268' title='bbox 235 2765 361 2828; x_wconf 87' lang='lat' dir='ltr'>solertia</span> <span class='ocrx_word' id='word_1_269' title='bbox 383 2764 615 2843; x_wconf 78' lang='lat' dir='ltr'>experiendique</span> <span class='ocrx_word' id='word_1_270' title='bbox 633 2760 781 2824; x_wconf 86' lang='lat' dir='ltr'>industria</span> <span class='ocrx_word' id='word_1_271' title='bbox 798 2761 957 2840; x_wconf 88' lang='lat' dir='ltr'>supplesse</span> <span class='ocrx_word' id='word_1_272' title='bbox 974 2759 1093 2821; x_wconf 89' lang='lat' dir='ltr'>videtur</span> <span class='ocrx_word' id='word_1_273' title='bbox 1107 2756 1315 2820; x_wconf 85' lang='lat' dir='ltr'>Gilbertus</span> <span class='ocrx_word' id='word_1_274' title='bbox 1334 2755 1510 2820; x_wconf 88' lang='lat' dir='ltr'>Guiliel-</span> 
     </span>
     <span class='ocr_line' id='line_1_27' title="bbox 153 2851 711 2933; baseline -0.016 -14"><span class='ocrx_word' id='word_1_275' title='bbox 153 2874 235 2919; x_wconf 84' lang='lat' dir='ltr'>mas</span> <span class='ocrx_word' id='word_1_276' title='bbox 257 2854 401 2933; x_wconf 81' lang='lat' dir='ltr'>Anglus</span> <span class='ocrx_word' id='word_1_277' title='bbox 423 2853 454 2916; x_wconf 88' lang='lat' dir='ltr'>in</span> <span class='ocrx_word' id='word_1_278' title='bbox 474 2872 507 2915; x_wconf 88' lang='lat' dir='ltr'>re</span> <span class='ocrx_word' id='word_1_279' title='bbox 530 2851 711 2931; x_wconf 87' lang='lat' dir='ltr'>magnetica.</span> 
     </span>
    </p>

    <p class='ocr_par' dir='ltr' id='par_1_5' title="bbox 71 2933 1512 4618">
     <span class='ocr_line' id='line_1_28' title="bbox 246 2933 1510 3022; baseline -0.008 -14"><span class='ocrx_word' id='word_1_280' title='bbox 246 2943 360 3015; x_wconf 80' lang='lat' dir='ltr'>Quinto</span> <span class='ocrx_word' id='word_1_281' title='bbox 384 2944 528 3022; x_wconf 86' lang='lat' dir='ltr'>desperat</span> <span class='ocrx_word' id='word_1_282' title='bbox 550 2960 638 3004; x_wconf 85' lang='lat' dir='ltr'>veras</span> <span class='ocrx_word' id='word_1_283' title='bbox 661 2937 845 3020; x_wconf 84' lang='lat' dir='ltr'>hypotheses</span> <span class='ocrx_word' id='word_1_284' title='bbox 872 2935 901 2996; x_wconf 93' lang='lat' dir='ltr'>in</span> <span class='ocrx_word' id='word_1_285' title='bbox 926 2933 1126 3010; x_wconf 87' lang='lat' dir='ltr'>astronomia,</span> <span class='ocrx_word' id='word_1_286' title='bbox 1160 2933 1396 3015; x_wconf 89' lang='lat' dir='ltr'>Pyrrhoniorum</span> <span class='ocrx_word' id='word_1_287' title='bbox 1428 2954 1510 2998; x_wconf 88' lang='lat' dir='ltr'>mors</span> 
     </span>
     <span class='ocr_line' id='line_1_29' title="bbox 155 3023 1510 3108; baseline -0.007 -14"><span class='ocrx_word' id='word_1_288' title='bbox 155 3033 258 3096; x_wconf 90' lang='lat' dir='ltr'>omnia</span> <span class='ocrx_word' id='word_1_289' title='bbox 279 3033 395 3106; x_wconf 81' lang='lat' dir='ltr'>incerta</span> <span class='ocrx_word' id='word_1_290' title='bbox 418 3031 542 3094; x_wconf 86' lang='lat' dir='ltr'>faciens.</span> <span class='ocrx_word' id='word_1_291' title='bbox 587 3029 666 3091; x_wconf 86' lang='lat' dir='ltr'>Esse</span> <span class='ocrx_word' id='word_1_292' title='bbox 689 3026 836 3108; x_wconf 86' lang='lat' dir='ltr'>quosdam</span> <span class='ocrx_word' id='word_1_293' title='bbox 859 3024 956 3085; x_wconf 88' lang='lat' dir='ltr'>adhuc</span> <span class='ocrx_word' id='word_1_294' title='bbox 983 3041 1096 3086; x_wconf 88' lang='lat' dir='ltr'>naevos</span> <span class='ocrx_word' id='word_1_295' title='bbox 1126 3024 1218 3084; x_wconf 86' lang='lat' dir='ltr'>etiam</span> <span class='ocrx_word' id='word_1_296' title='bbox 1246 3023 1276 3096; x_wconf 90' lang='lat' dir='ltr'>iu</span> <span class='ocrx_word' id='word_1_297' title='bbox 1300 3023 1411 3102; x_wconf 87' lang='lat' dir='ltr'>optime</span> <span class='ocrx_word' id='word_1_298' title='bbox 1434 3026 1510 3085; x_wconf 89' lang='lat' dir='ltr'>con-</span> 
     </span>
     <span class='ocr_line' id='line_1_30' title="bbox 152 3112 1508 3199; baseline -0.01 -13"><span class='ocrx_word' id='word_1_299' title='bbox 152 3123 265 3185; x_wconf 82' lang='lat' dir='ltr'>stituta</span> <span class='ocrx_word' id='word_1_300' title='bbox 288 3120 475 3184; x_wconf 88' lang='lat' dir='ltr'>astronomis</span> <span class='ocrx_word' id='word_1_301' title='bbox 495 3126 713 3199; x_wconf 87' lang='lat' dir='ltr'>proptereaque</span> <span class='ocrx_word' id='word_1_302' title='bbox 738 3124 770 3176; x_wconf 90' lang='lat' dir='ltr'>et</span> <span class='ocrx_word' id='word_1_303' title='bbox 792 3116 823 3176; x_wconf 91' lang='lat' dir='ltr'>in</span> <span class='ocrx_word' id='word_1_304' title='bbox 846 3113 1073 3194; x_wconf 88' lang='lat' dir='ltr'>hypothesibus,</span> <span class='ocrx_word' id='word_1_305' title='bbox 1099 3130 1186 3174; x_wconf 85' lang='lat' dir='ltr'>nemo</span> <span class='ocrx_word' id='word_1_306' title='bbox 1210 3120 1317 3191; x_wconf 85' lang='lat' dir='ltr'>negat:</span> <span class='ocrx_word' id='word_1_307' title='bbox 1352 3119 1384 3174; x_wconf 88' lang='lat' dir='ltr'>et</span> <span class='ocrx_word' id='word_1_308' title='bbox 1406 3112 1436 3173; x_wconf 90' lang='lat' dir='ltr'>id</span> <span class='ocrx_word' id='word_1_309' title='bbox 1450 3120 1508 3187; x_wconf 81' lang='lat' dir='ltr'>est,</span> 
     </span>
     <span class='ocr_line' id='line_1_31' title="bbox 155 3198 1511 3282; baseline -0.007 -8"><span class='ocrx_word' id='word_1_310' title='bbox 155 3231 208 3275; x_wconf 84' lang='lat' dir='ltr'>eur</span> <span class='ocrx_word' id='word_1_311' title='bbox 240 3209 400 3273; x_wconf 84' lang='lat' dir='ltr'>hodiedum</span> <span class='ocrx_word' id='word_1_312' title='bbox 436 3210 466 3272; x_wconf 91' lang='lat' dir='ltr'>in</span> <span class='ocrx_word' id='word_1_313' title='bbox 495 3204 686 3272; x_wconf 86' lang='lat' dir='ltr'>restitutione</span> <span class='ocrx_word' id='word_1_314' title='bbox 714 3212 874 3282; x_wconf 80' lang='lat' dir='ltr'>tantopere</span> <span class='ocrx_word' id='word_1_315' title='bbox 905 3202 1068 3264; x_wconf 79' lang='lat' dir='ltr'>laboretur.</span> <span class='ocrx_word' id='word_1_316' title='bbox 1120 3198 1264 3264; x_wconf 87' lang='lat' dir='ltr'>Ceterum</span> <span class='ocrx_word' id='word_1_317' title='bbox 1290 3200 1407 3264; x_wconf 90' lang='lat' dir='ltr'>incerta</span> <span class='ocrx_word' id='word_1_318' title='bbox 1436 3219 1511 3281; x_wconf 88' lang='lat' dir='ltr'>pro·</span> 
     </span>
     <span class='ocr_line' id='line_1_32' title="bbox 156 3290 1510 3382; baseline -0.007 -18"><span class='ocrx_word' id='word_1_319' title='bbox 156 3311 262 3382; x_wconf 78' lang='lat' dir='ltr'>pterea</span> <span class='ocrx_word' id='word_1_320' title='bbox 283 3300 386 3363; x_wconf 88' lang='lat' dir='ltr'>omnia</span> <span class='ocrx_word' id='word_1_321' title='bbox 408 3316 446 3359; x_wconf 93' lang='lat' dir='ltr'>ne</span> <span class='ocrx_word' id='word_1_322' title='bbox 468 3298 535 3377; x_wconf 84' lang='lat' dir='ltr'>qais</span> <span class='ocrx_word' id='word_1_323' title='bbox 558 3297 650 3359; x_wconf 87' lang='lat' dir='ltr'>dicet.</span> <span class='ocrx_word' id='word_1_324' title='bbox 690 3293 809 3356; x_wconf 76' lang='lat' dir='ltr'>Invenit</span> <span class='ocrx_word' id='word_1_325' title='bbox 831 3290 1033 3354; x_wconf 74' lang='lat' dir='ltr'>astronomiae</span> <span class='ocrx_word' id='word_1_326' title='bbox 1052 3309 1144 3372; x_wconf 86' lang='lat' dir='ltr'>opera</span> <span class='ocrx_word' id='word_1_327' title='bbox 1157 3290 1360 3364; x_wconf 86' lang='lat' dir='ltr'>Ptolemaeus,</span> <span class='ocrx_word' id='word_1_328' title='bbox 1383 3291 1510 3356; x_wconf 84' lang='lat' dir='ltr'>lixarum</span> 
     </span>
     <span class='ocr_line' id='line_1_33' title="bbox 155 3379 1512 3470; baseline -0.009 -16"><span class='ocrx_word' id='word_1_329' title='bbox 155 3392 317 3470; x_wconf 84' lang='lat' dir='ltr'>sphaeram</span> <span class='ocrx_word' id='word_1_330' title='bbox 340 3407 409 3450; x_wconf 86' lang='lat' dir='ltr'>esse</span> <span class='ocrx_word' id='word_1_331' title='bbox 432 3386 627 3458; x_wconf 87' lang='lat' dir='ltr'>altissimam,</span> <span class='ocrx_word' id='word_1_332' title='bbox 652 3383 736 3464; x_wconf 86' lang='lat' dir='ltr'>sequi</span> <span class='ocrx_word' id='word_1_333' title='bbox 755 3382 857 3445; x_wconf 91' lang='lat' dir='ltr'>ordine</span> <span class='ocrx_word' id='word_1_334' title='bbox 881 3380 1058 3455; x_wconf 90' lang='lat' dir='ltr'>Saturnum,</span> <span class='ocrx_word' id='word_1_335' title='bbox 1082 3379 1208 3455; x_wconf 83' lang='lat' dir='ltr'>Jovem,</span> <span class='ocrx_word' id='word_1_336' title='bbox 1233 3379 1383 3455; x_wconf 87' lang='lat' dir='ltr'>Martem,</span> <span class='ocrx_word' id='word_1_337' title='bbox 1408 3379 1512 3442; x_wconf 89' lang='lat' dir='ltr'>Solem</span> 
     </span>
     <span class='ocr_line' id='line_1_34' title="bbox 154 3469 1510 3551; baseline -0.009 -10"><span class='ocrx_word' id='word_1_338' title='bbox 154 3480 203 3542; x_wconf 91' lang='lat' dir='ltr'>his</span> <span class='ocrx_word' id='word_1_339' title='bbox 225 3478 408 3551; x_wconf 79' lang='lat' dir='ltr'>inferiorem,</span> <span class='ocrx_word' id='word_1_340' title='bbox 431 3477 549 3539; x_wconf 85' lang='lat' dir='ltr'>Lunam</span> <span class='ocrx_word' id='word_1_341' title='bbox 572 3473 714 3536; x_wconf 81' lang='lat' dir='ltr'>infimam.</span> <span class='ocrx_word' id='word_1_342' title='bbox 760 3472 845 3534; x_wconf 87' lang='lat' dir='ltr'>Haec</span> <span class='ocrx_word' id='word_1_343' title='bbox 869 3479 951 3532; x_wconf 88' lang='lat' dir='ltr'>certe</span> <span class='ocrx_word' id='word_1_344' title='bbox 976 3488 1049 3530; x_wconf 90' lang='lat' dir='ltr'>vera</span> <span class='ocrx_word' id='word_1_345' title='bbox 1071 3477 1141 3530; x_wconf 92' lang='lat' dir='ltr'>sunt</span> <span class='ocrx_word' id='word_1_346' title='bbox 1163 3477 1195 3529; x_wconf 86' lang='lat' dir='ltr'>et</span> <span class='ocrx_word' id='word_1_347' title='bbox 1213 3469 1327 3531; x_wconf 82' lang='lat' dir='ltr'>formae</span> <span class='ocrx_word' id='word_1_348' title='bbox 1342 3469 1510 3530; x_wconf 88' lang='lat' dir='ltr'>mundanae</span> 
     </span>
     <span class='ocr_line' id='line_1_35' title="bbox 155 3556 1510 3637; baseline -0.009 -7"><span class='ocrx_word' id='word_1_349' title='bbox 155 3587 298 3631; x_wconf 88' lang='lat' dir='ltr'>consona.</span> <span class='ocrx_word' id='word_1_350' title='bbox 346 3568 430 3630; x_wconf 89' lang='lat' dir='ltr'>ldem</span> <span class='ocrx_word' id='word_1_351' title='bbox 457 3582 617 3628; x_wconf 85' lang='lat' dir='ltr'>ascensum</span> <span class='ocrx_word' id='word_1_352' title='bbox 641 3570 673 3624; x_wconf 92' lang='lat' dir='ltr'>et</span> <span class='ocrx_word' id='word_1_353' title='bbox 696 3563 873 3624; x_wconf 88' lang='lat' dir='ltr'>descensum</span> <span class='ocrx_word' id='word_1_354' title='bbox 895 3559 1001 3621; x_wconf 90' lang='lat' dir='ltr'>Lunae</span> <span class='ocrx_word' id='word_1_355' title='bbox 1030 3556 1117 3619; x_wconf 90' lang='lat' dir='ltr'>nimis</span> <span class='ocrx_word' id='word_1_356' title='bbox 1145 3574 1287 3637; x_wconf 89' lang='lat' dir='ltr'>magnum</span> <span class='ocrx_word' id='word_1_357' title='bbox 1318 3574 1510 3636; x_wconf 90' lang='lat' dir='ltr'>praesuppo-</span> 
     </span>
     <span class='ocr_line' id='line_1_36' title="bbox 152 3644 1511 3735; baseline -0.01 -15"><span class='ocrx_word' id='word_1_358' title='bbox 152 3659 226 3721; x_wconf 85' lang='lat' dir='ltr'>snit.</span> <span class='ocrx_word' id='word_1_359' title='bbox 271 3656 320 3719; x_wconf 83' lang='lat' dir='ltr'>Ex</span> <span class='ocrx_word' id='word_1_360' title='bbox 343 3657 400 3720; x_wconf 90' lang='lat' dir='ltr'>hae</span> <span class='ocrx_word' id='word_1_361' title='bbox 413 3653 572 3735; x_wconf 86' lang='lat' dir='ltr'>hypothesi</span> <span class='ocrx_word' id='word_1_362' title='bbox 595 3653 705 3714; x_wconf 82' lang='lat' dir='ltr'>falsum</span> <span class='ocrx_word' id='word_1_363' title='bbox 727 3657 759 3712; x_wconf 95' lang='lat' dir='ltr'>et</span> <span class='ocrx_word' id='word_1_364' title='bbox 782 3649 821 3710; x_wconf 88' lang='lat' dir='ltr'>ab</span> <span class='ocrx_word' id='word_1_365' title='bbox 835 3646 993 3728; x_wconf 82' lang='lat' dir='ltr'>apparenti</span> <span class='ocrx_word' id='word_1_366' title='bbox 1007 3645 1112 3708; x_wconf 88' lang='lat' dir='ltr'>Lunae</span> <span class='ocrx_word' id='word_1_367' title='bbox 1129 3645 1336 3725; x_wconf 88' lang='lat' dir='ltr'>magnitudine</span> <span class='ocrx_word' id='word_1_368' title='bbox 1359 3644 1511 3708; x_wconf 88' lang='lat' dir='ltr'>dissidens</span> 
     </span>
     <span class='ocr_line' id='line_1_37' title="bbox 154 3734 1505 3827; baseline -0.011 -18"><span class='ocrx_word' id='word_1_369' title='bbox 154 3747 226 3827; x_wconf 89' lang='lat' dir='ltr'>qnid</span> <span class='ocrx_word' id='word_1_370' title='bbox 248 3746 334 3827; x_wconf 85' lang='lat' dir='ltr'>sequi</span> <span class='ocrx_word' id='word_1_371' title='bbox 355 3745 614 3825; x_wconf 83' lang='lat' dir='ltr'>Regiomontanus</span> <span class='ocrx_word' id='word_1_372' title='bbox 638 3749 670 3802; x_wconf 91' lang='lat' dir='ltr'>et</span> <span class='ocrx_word' id='word_1_373' title='bbox 693 3737 877 3819; x_wconf 86' lang='lat' dir='ltr'>Cupernicus</span> <span class='ocrx_word' id='word_1_374' title='bbox 900 3735 1170 3815; x_wconf 86' lang='lat' dir='ltr'>deprehenderunt.</span> <span class='ocrx_word' id='word_1_375' title='bbox 1217 3734 1366 3795; x_wconf 82' lang='lat' dir='ltr'>Dixerunt</span> <span class='ocrx_word' id='word_1_376' title='bbox 1393 3734 1505 3814; x_wconf 85' lang='lat' dir='ltr'>itaque,</span> 
     </span>
     <span class='ocr_line' id='line_1_38' title="bbox 153 3821 1508 3902; baseline -0.011 -3"><span class='ocrx_word' id='word_1_377' title='bbox 153 3837 271 3898; x_wconf 86' lang='lat' dir='ltr'>Lunam</span> <span class='ocrx_word' id='word_1_378' title='bbox 294 3854 353 3898; x_wconf 86' lang='lat' dir='ltr'>uon</span> <span class='ocrx_word' id='word_1_379' title='bbox 376 3840 480 3897; x_wconf 82' lang='lat' dir='ltr'>tentos</span> <span class='ocrx_word' id='word_1_380' title='bbox 504 3833 604 3895; x_wconf 81' lang='lat' dir='ltr'>lacere</span> <span class='ocrx_word' id='word_1_381' title='bbox 628 3831 725 3892; x_wconf 86' lang='lat' dir='ltr'>saltus</span> <span class='ocrx_word' id='word_1_382' title='bbox 754 3829 784 3890; x_wconf 89' lang='lat' dir='ltr'>in</span> <span class='ocrx_word' id='word_1_383' title='bbox 809 3828 904 3889; x_wconf 90' lang='lat' dir='ltr'>altum</span> <span class='ocrx_word' id='word_1_384' title='bbox 927 3833 960 3885; x_wconf 89' lang='lat' dir='ltr'>et</span> <span class='ocrx_word' id='word_1_385' title='bbox 985 3823 1173 3902; x_wconf 86' lang='lat' dir='ltr'>profundum.</span> <span class='ocrx_word' id='word_1_386' title='bbox 1220 3823 1261 3883; x_wconf 76' lang='lat' dir='ltr'>Et</span> <span class='ocrx_word' id='word_1_387' title='bbox 1288 3821 1355 3901; x_wconf 86' lang='lat' dir='ltr'>qnis</span> <span class='ocrx_word' id='word_1_388' title='bbox 1379 3822 1508 3892; x_wconf 87' lang='lat' dir='ltr'>dubitat,</span> 
     </span>
     <span class='ocr_line' id='line_1_39' title="bbox 153 3909 1510 4005; baseline -0.012 -18"><span class='ocrx_word' id='word_1_389' title='bbox 153 3926 225 4005; x_wconf 92' lang='lat' dir='ltr'>quin</span> <span class='ocrx_word' id='word_1_390' title='bbox 248 3926 304 3987; x_wconf 90' lang='lat' dir='ltr'>huc</span> <span class='ocrx_word' id='word_1_391' title='bbox 327 3942 434 3987; x_wconf 81' lang='lat' dir='ltr'>reuera</span> <span class='ocrx_word' id='word_1_392' title='bbox 456 3922 500 3983; x_wconf 90' lang='lat' dir='ltr'>sic</span> <span class='ocrx_word' id='word_1_393' title='bbox 523 3921 555 3984; x_wconf 89' lang='lat' dir='ltr'>in</span> <span class='ocrx_word' id='word_1_394' title='bbox 576 3920 661 3982; x_wconf 88' lang='lat' dir='ltr'>coelo</span> <span class='ocrx_word' id='word_1_395' title='bbox 685 3937 718 3980; x_wconf 88' lang='lat' dir='ltr'>ss</span> <span class='ocrx_word' id='word_1_396' title='bbox 747 3913 882 3978; x_wconf 74' lang='lat' dir='ltr'>habeat?</span> <span class='ocrx_word' id='word_1_397' title='bbox 928 3913 975 3975; x_wconf 89' lang='lat' dir='ltr'>De</span> <span class='ocrx_word' id='word_1_398' title='bbox 1002 3911 1193 3991; x_wconf 84' lang='lat' dir='ltr'>proportione</span> <span class='ocrx_word' id='word_1_399' title='bbox 1212 3911 1338 3986; x_wconf 88' lang='lat' dir='ltr'>Terrae,</span> <span class='ocrx_word' id='word_1_400' title='bbox 1372 3909 1454 3972; x_wconf 85' lang='lat' dir='ltr'>Solis</span> <span class='ocrx_word' id='word_1_401' title='bbox 1477 3919 1510 3971; x_wconf 88' lang='lat' dir='ltr'>et</span> 
     </span>
     <span class='ocr_line' id='line_1_40' title="bbox 153 3998 1510 4090; baseline -0.012 -13"><span class='ocrx_word' id='word_1_402' title='bbox 153 4015 258 4078; x_wconf 85' lang='lat' dir='ltr'>Lunae</span> <span class='ocrx_word' id='word_1_403' title='bbox 281 4012 313 4077; x_wconf 77' lang='lat' dir='ltr'>e’s</span> <span class='ocrx_word' id='word_1_404' title='bbox 332 4016 449 4086; x_wconf 74' lang='grc' dir='ltr'>πλατει,</span> <span class='ocrx_word' id='word_1_405' title='bbox 480 4010 549 4090; x_wconf 87' lang='lat' dir='ltr'>quis</span> <span class='ocrx_word' id='word_1_406' title='bbox 571 4027 683 4089; x_wconf 88' lang='lat' dir='ltr'>quaeso</span> <span class='ocrx_word' id='word_1_407' title='bbox 706 4014 755 4068; x_wconf 90' lang='lat' dir='ltr'>est</span> <span class='ocrx_word' id='word_1_408' title='bbox 778 4005 827 4085; x_wconf 84' lang='lat' dir='ltr'>qui</span> <span class='ocrx_word' id='word_1_409' title='bbox 851 4002 983 4076; x_wconf 89' lang='lat' dir='ltr'>dubitet,</span> <span class='ocrx_word' id='word_1_410' title='bbox 1009 4000 1067 4063; x_wconf 90' lang='lat' dir='ltr'>nisi</span> <span class='ocrx_word' id='word_1_411' title='bbox 1089 4000 1321 4062; x_wconf 88' lang='lat' dir='ltr'>melancholicus</span> <span class='ocrx_word' id='word_1_412' title='bbox 1345 3998 1454 4080; x_wconf 89' lang='lat' dir='ltr'>aliquis</span> <span class='ocrx_word' id='word_1_413' title='bbox 1477 4007 1510 4061; x_wconf 89' lang='lat' dir='ltr'>et</span> 
     </span>
     <span class='ocr_line' id='line_1_41' title="bbox 153 4087 1508 4183; baseline -0.013 -18"><span class='ocrx_word' id='word_1_414' title='bbox 153 4101 419 4183; x_wconf 82' lang='lat' dir='ltr'>desperabnndus?</span> <span class='ocrx_word' id='word_1_415' title='bbox 466 4102 515 4163; x_wconf 86' lang='lat' dir='ltr'>lta</span> <span class='ocrx_word' id='word_1_416' title='bbox 537 4098 626 4161; x_wconf 85' lang='lat' dir='ltr'>hodie</span> <span class='ocrx_word' id='word_1_417' title='bbox 649 4115 738 4159; x_wconf 90' lang='lat' dir='ltr'>nemo</span> <span class='ocrx_word' id='word_1_418' title='bbox 758 4112 848 4176; x_wconf 91' lang='lat' dir='ltr'>porro</span> <span class='ocrx_word' id='word_1_419' title='bbox 871 4102 921 4156; x_wconf 90' lang='lat' dir='ltr'>est</span> <span class='ocrx_word' id='word_1_420' title='bbox 948 4090 998 4171; x_wconf 91' lang='lat' dir='ltr'>qui</span> <span class='ocrx_word' id='word_1_421' title='bbox 1023 4089 1154 4165; x_wconf 89' lang='lat' dir='ltr'>dubitet,</span> <span class='ocrx_word' id='word_1_422' title='bbox 1188 4090 1272 4170; x_wconf 90' lang='lat' dir='ltr'>quin,</span> <span class='ocrx_word' id='word_1_423' title='bbox 1303 4088 1382 4168; x_wconf 82' lang='lat' dir='ltr'>qnod</span> <span class='ocrx_word' id='word_1_424' title='bbox 1405 4095 1455 4149; x_wconf 88' lang='lat' dir='ltr'>est</span> <span class='ocrx_word' id='word_1_425' title='bbox 1478 4087 1508 4148; x_wconf 96' lang='lat' dir='ltr'>in</span> 
     </span>
     <span class='ocr_line' id='line_1_42' title="bbox 155 4178 1508 4274; baseline -0.013 -19"><span class='ocrx_word' id='word_1_426' title='bbox 155 4191 305 4274; x_wconf 82' lang='lat' dir='ltr'>Tyehonis</span> <span class='ocrx_word' id='word_1_427' title='bbox 332 4198 365 4252; x_wconf 92' lang='lat' dir='ltr'>et</span> <span class='ocrx_word' id='word_1_428' title='bbox 392 4189 551 4270; x_wconf 85' lang='lat' dir='ltr'>Gopsrnici</span> <span class='ocrx_word' id='word_1_429' title='bbox 578 4183 796 4267; x_wconf 89' lang='lat' dir='ltr'>hypothesibus</span> <span class='ocrx_word' id='word_1_430' title='bbox 828 4199 998 4255; x_wconf 87' lang='lat' dir='ltr'>commune,</span> <span class='ocrx_word' id='word_1_431' title='bbox 1031 4178 1085 4241; x_wconf 87' lang='lat' dir='ltr'>Sol</span> <span class='ocrx_word' id='word_1_432' title='bbox 1115 4195 1220 4256; x_wconf 86' lang='lat' dir='ltr'>nempe</span> <span class='ocrx_word' id='word_1_433' title='bbox 1249 4185 1385 4242; x_wconf 73' lang='lat' dir='ltr'>uerbum</span> <span class='ocrx_word' id='word_1_434' title='bbox 1409 4183 1508 4238; x_wconf 88' lang='lat' dir='ltr'>motus</span> 
     </span>
     <span class='ocr_line' id='line_1_43' title="bbox 154 4265 1508 4365; baseline -0.013 -21"><span class='ocrx_word' id='word_1_435' title='bbox 154 4279 175 4344; x_wconf 79' lang='lat'>5</span> <span class='ocrx_word' id='word_1_436' title='bbox 198 4283 401 4361; x_wconf 84' lang='lat' dir='ltr'>planetarum,</span> <span class='ocrx_word' id='word_1_437' title='bbox 424 4280 455 4342; x_wconf 92' lang='lat' dir='ltr'>id</span> <span class='ocrx_word' id='word_1_438' title='bbox 479 4296 584 4342; x_wconf 88' lang='lat' dir='ltr'>revera</span> <span class='ocrx_word' id='word_1_439' title='bbox 606 4277 650 4337; x_wconf 92' lang='lat' dir='ltr'>sic</span> <span class='ocrx_word' id='word_1_440' title='bbox 673 4295 706 4336; x_wconf 92' lang='lat' dir='ltr'>ss</span> <span class='ocrx_word' id='word_1_441' title='bbox 729 4273 843 4335; x_wconf 88' lang='lat' dir='ltr'>habeat</span> <span class='ocrx_word' id='word_1_442' title='bbox 864 4272 896 4333; x_wconf 92' lang='lat' dir='ltr'>in</span> <span class='ocrx_word' id='word_1_443' title='bbox 917 4271 984 4350; x_wconf 87' lang='lat' dir='ltr'>ipso</span> <span class='ocrx_word' id='word_1_444' title='bbox 1009 4267 1108 4341; x_wconf 90' lang='lat' dir='ltr'>coelo,</span> <span class='ocrx_word' id='word_1_445' title='bbox 1142 4266 1200 4327; x_wconf 89' lang='lat' dir='ltr'>etsi</span> <span class='ocrx_word' id='word_1_446' title='bbox 1223 4265 1341 4365; x_wconf 68' lang='lat' dir='ltr'>interim</span> <span class='ocrx_word' id='word_1_447' title='bbox 1365 4265 1401 4325; x_wconf 90' lang='lat' dir='ltr'>de</span> <span class='ocrx_word' id='word_1_448' title='bbox 1424 4271 1508 4326; x_wconf 91' lang='lat' dir='ltr'>motu</span> 
     </span>
     <span class='ocr_line' id='line_1_44' title="bbox 150 4353 1508 4451; baseline -0.011 -21"><span class='ocrx_word' id='word_1_449' title='bbox 150 4372 204 4433; x_wconf 77' lang='lat' dir='ltr'>uel</span> <span class='ocrx_word' id='word_1_450' title='bbox 221 4372 321 4451; x_wconf 80' lang='lat' dir='ltr'>quiete</span> <span class='ocrx_word' id='word_1_451' title='bbox 345 4369 427 4433; x_wconf 86' lang='lat' dir='ltr'>Solis</span> <span class='ocrx_word' id='word_1_452' title='bbox 450 4369 519 4431; x_wconf 91' lang='lat' dir='ltr'>hinc</span> <span class='ocrx_word' id='word_1_453' title='bbox 542 4366 611 4427; x_wconf 91' lang='lat' dir='ltr'>inde</span> <span class='ocrx_word' id='word_1_454' title='bbox 634 4364 797 4426; x_wconf 86' lang='lat' dir='ltr'>dubitetur.</span> <span class='ocrx_word' id='word_1_455' title='bbox 843 4360 932 4422; x_wconf 83' lang='lat' dir='ltr'>Talia</span> <span class='ocrx_word' id='word_1_456' title='bbox 947 4358 1042 4420; x_wconf 89' lang='lat' dir='ltr'>multa</span> <span class='ocrx_word' id='word_1_457' title='bbox 1055 4362 1127 4417; x_wconf 89' lang='lat' dir='ltr'>suut</span> <span class='ocrx_word' id='word_1_458' title='bbox 1141 4353 1287 4415; x_wconf 82' lang='lat' dir='ltr'>beneficio</span> <span class='ocrx_word' id='word_1_459' title='bbox 1306 4353 1508 4417; x_wconf 89' lang='lat' dir='ltr'>astronomiae</span> 
     </span>
     <span class='ocr_line' id='line_1_45' title="bbox 153 4444 1509 4541; baseline -0.015 -17"><span class='ocrx_word' id='word_1_460' title='bbox 153 4460 301 4523; x_wconf 82' lang='lat' dir='ltr'>hsctenm</span> <span class='ocrx_word' id='word_1_461' title='bbox 326 4461 359 4522; x_wconf 89' lang='lat' dir='ltr'>in</span> <span class='ocrx_word' id='word_1_462' title='bbox 388 4457 515 4541; x_wconf 84' lang='lat' dir='ltr'>physica</span> <span class='ocrx_word' id='word_1_463' title='bbox 541 4454 669 4517; x_wconf 89' lang='lat' dir='ltr'>scientia</span> <span class='ocrx_word' id='word_1_464' title='bbox 692 4448 872 4524; x_wconf 89' lang='lat' dir='ltr'>constituta,</span> <span class='ocrx_word' id='word_1_465' title='bbox 904 4467 981 4528; x_wconf 87' lang='lat' dir='ltr'>quae</span> <span class='ocrx_word' id='word_1_466' title='bbox 1010 4446 1099 4508; x_wconf 86' lang='lat' dir='ltr'>fidem</span> <span class='ocrx_word' id='word_1_467' title='bbox 1122 4444 1152 4505; x_wconf 91' lang='lat' dir='ltr'>in</span> <span class='ocrx_word' id='word_1_468' title='bbox 1179 4450 1334 4522; x_wconf 90' lang='lat' dir='ltr'>posterum</span> <span class='ocrx_word' id='word_1_469' title='bbox 1357 4451 1509 4508; x_wconf 89' lang='lat' dir='ltr'>merentur</span> 
     </span>
     <span class='ocr_line' id='line_1_46' title="bbox 71 4532 1511 4618; baseline -0.018 -6"><span class='ocrx_word' id='word_1_470' title='bbox 71 4565 81 4574; x_wconf 86' lang='lat'><strong>·</strong></span> <span class='ocrx_word' id='word_1_471' title='bbox 153 4558 187 4611; x_wconf 92' lang='lat' dir='ltr'>et</span> <span class='ocrx_word' id='word_1_472' title='bbox 208 4569 315 4613; x_wconf 79' lang='lat' dir='ltr'>revera</span> <span class='ocrx_word' id='word_1_473' title='bbox 338 4549 383 4611; x_wconf 86' lang='lat' dir='ltr'>sic</span> <span class='ocrx_word' id='word_1_474' title='bbox 405 4567 439 4610; x_wconf 90' lang='lat' dir='ltr'>se</span> <span class='ocrx_word' id='word_1_475' title='bbox 462 4545 584 4618; x_wconf 79' lang='lat' dir='ltr'>habent,</span> <span class='ocrx_word' id='word_1_476' title='bbox 610 4540 736 4605; x_wconf 87' lang='lat' dir='ltr'>utUrsi</span> <span class='ocrx_word' id='word_1_477' title='bbox 760 4539 933 4618; x_wconf 89' lang='lat' dir='ltr'>desperatio</span> <span class='ocrx_word' id='word_1_478' title='bbox 956 4537 1021 4598; x_wconf 90' lang='lat' dir='ltr'>siue</span> <span class='ocrx_word' id='word_1_479' title='bbox 1044 4553 1138 4596; x_wconf 87' lang='lat' dir='ltr'>causa</span> <span class='ocrx_word' id='word_1_480' title='bbox 1162 4532 1224 4602; x_wconf 64' lang='lat' dir='ltr'>sit„</span> <span class='ocrx_word' id='word_1_481' title='bbox 1506 4607 1511 4616; x_wconf 32' lang='grc' dir='ltr'>Ι</span> 
     </span>
    </p>

    <p class='ocr_par' dir='ltr' id='par_1_6' title="bbox 151 4618 1508 4895">
     <span class='ocr_line' id='line_1_47' title="bbox 243 4618 1508 4717; baseline -0.017 -15"><span class='ocrx_word' id='word_1_482' title='bbox 243 4639 339 4701; x_wconf 79' lang='lat' dir='ltr'>Sexto</span> <span class='ocrx_word' id='word_1_483' title='bbox 362 4637 507 4717; x_wconf 86' lang='lat' dir='ltr'>plurimas</span> <span class='ocrx_word' id='word_1_484' title='bbox 530 4633 575 4694; x_wconf 88' lang='lat' dir='ltr'>ait</span> <span class='ocrx_word' id='word_1_485' title='bbox 597 4629 806 4715; x_wconf 88' lang='lat' dir='ltr'>hypothesium</span> <span class='ocrx_word' id='word_1_486' title='bbox 826 4628 938 4688; x_wconf 83' lang='lat' dir='ltr'>formas</span> <span class='ocrx_word' id='word_1_487' title='bbox 962 4623 1090 4702; x_wconf 84' lang='lat' dir='ltr'>confingi</span> <span class='ocrx_word' id='word_1_488' title='bbox 1116 4640 1217 4703; x_wconf 88' lang='lat' dir='ltr'>posse.</span> <span class='ocrx_word' id='word_1_489' title='bbox 1263 4619 1351 4682; x_wconf 87' lang='lat' dir='ltr'>Adeo</span> <span class='ocrx_word' id='word_1_490' title='bbox 1373 4618 1440 4681; x_wconf 85' lang='lat' dir='ltr'>leve</span> <span class='ocrx_word' id='word_1_491' title='bbox 1463 4618 1508 4682; x_wconf 92' lang='lat' dir='ltr'>illi</span> 
     </span>
     <span class='ocr_line' id='line_1_48' title="bbox 152 4708 1507 4810; baseline -0.014 -21"><span class='ocrx_word' id='word_1_492' title='bbox 152 4729 309 4808; x_wconf 87' lang='lat' dir='ltr'>negotium</span> <span class='ocrx_word' id='word_1_493' title='bbox 331 4735 381 4790; x_wconf 87' lang='lat' dir='ltr'>est</span> <span class='ocrx_word' id='word_1_494' title='bbox 411 4723 618 4807; x_wconf 84' lang='lat' dir='ltr'>hypotheseon</span> <span class='ocrx_word' id='word_1_495' title='bbox 646 4717 832 4782; x_wconf 87' lang='lat' dir='ltr'>constitutio.</span> <span class='ocrx_word' id='word_1_496' title='bbox 879 4717 924 4777; x_wconf 85' lang='lat' dir='ltr'>At</span> <span class='ocrx_word' id='word_1_497' title='bbox 953 4733 991 4774; x_wconf 85' lang='lat' dir='ltr'>ea</span> <span class='ocrx_word' id='word_1_498' title='bbox 1018 4713 1108 4791; x_wconf 87' lang='lat' dir='ltr'>plena</span> <span class='ocrx_word' id='word_1_499' title='bbox 1135 4708 1246 4776; x_wconf 85' lang='lat' dir='ltr'>laboris</span> <span class='ocrx_word' id='word_1_500' title='bbox 1278 4716 1327 4810; x_wconf 77' lang='lat' dir='ltr'>est</span> <span class='ocrx_word' id='word_1_501' title='bbox 1355 4716 1387 4769; x_wconf 86' lang='lat' dir='ltr'>et</span> <span class='ocrx_word' id='word_1_502' title='bbox 1418 4727 1507 4772; x_wconf 86' lang='lat' dir='ltr'>curas</span> 
     </span>
     <span class='ocr_line' id='line_1_49' title="bbox 151 4797 1507 4895; baseline -0.015 -15"><span class='ocrx_word' id='word_1_503' title='bbox 151 4835 304 4888; x_wconf 77' lang='lat' dir='ltr'>wmac,</span> <span class='ocrx_word' id='word_1_504' title='bbox 337 4815 416 4895; x_wconf 88' lang='lat' dir='ltr'>quod</span> <span class='ocrx_word' id='word_1_505' title='bbox 439 4811 548 4875; x_wconf 86' lang='lat' dir='ltr'>testari</span> <span class='ocrx_word' id='word_1_506' title='bbox 569 4817 726 4891; x_wconf 89' lang='lat' dir='ltr'>poterunt,</span> <span class='ocrx_word' id='word_1_507' title='bbox 752 4805 802 4886; x_wconf 88' lang='lat' dir='ltr'>qui</span> <span class='ocrx_word' id='word_1_508' title='bbox 824 4823 893 4868; x_wconf 87' lang='lat' dir='ltr'>eam</span> <span class='ocrx_word' id='word_1_509' title='bbox 916 4803 1124 4882; x_wconf 83' lang='lat' dir='ltr'>degustarunt.</span> <span class='ocrx_word' id='word_1_510' title='bbox 1170 4797 1358 4862; x_wconf 78' lang='lat' dir='ltr'>Praesidium</span> <span class='ocrx_word' id='word_1_511' title='bbox 1388 4799 1507 4878; x_wconf 89' lang='lat' dir='ltr'>quidem</span> 
     </span>
    </p>
   </div>
   <div class='ocr_carea' id='block_1_4' title="bbox 153 4886 1509 5046">
    <p class='ocr_par' dir='ltr' id='par_1_7' title="bbox 153 4886 1509 5046">
     <span class='ocr_line' id='line_1_50' title="bbox 153 4886 1509 4989; baseline -0.012 -19"><span class='ocrx_word' id='word_1_512' title='bbox 153 4905 250 4970; x_wconf 78' lang='lat' dir='ltr'>habet</span> <span class='ocrx_word' id='word_1_513' title='bbox 270 4907 345 4989; x_wconf 81' lang='lat' dir='ltr'>haec</span> <span class='ocrx_word' id='word_1_514' title='bbox 368 4902 521 4968; x_wconf 83' lang='lat' dir='ltr'>sententis</span> <span class='ocrx_word' id='word_1_515' title='bbox 543 4900 718 4966; x_wconf 86' lang='lat' dir='ltr'>nonnullum</span> <span class='ocrx_word' id='word_1_516' title='bbox 739 4898 768 4958; x_wconf 89' lang='lat' dir='ltr'>iu</span> <span class='ocrx_word' id='word_1_517' title='bbox 794 4913 839 4966; x_wconf 90' lang='lat' dir='ltr'>eo,</span> <span class='ocrx_word' id='word_1_518' title='bbox 864 4893 943 4975; x_wconf 73' lang='lat' dir='ltr'>duod</span> <span class='ocrx_word' id='word_1_519' title='bbox 958 4892 1054 4954; x_wconf 84' lang='lat' dir='ltr'>Ursus</span> <span class='ocrx_word' id='word_1_520' title='bbox 1073 4889 1188 4952; x_wconf 89' lang='lat' dir='ltr'>nonnisi</span> <span class='ocrx_word' id='word_1_521' title='bbox 1212 4886 1334 4950; x_wconf 85' lang='lat' dir='ltr'>fictitias</span> <span class='ocrx_word' id='word_1_522' title='bbox 1358 4907 1426 4950; x_wconf 90' lang='lat' dir='ltr'>esse</span> <span class='ocrx_word' id='word_1_523' title='bbox 1444 4889 1509 4954; x_wconf 77' lang='lat' dir='ltr'>vult</span> 
     </span>
     <span class='ocr_line' id='line_1_51' title="bbox 1233 4989 1294 5046; baseline -0.049 0"><span class='ocrx_word' id='word_1_524' title='bbox 1233 4989 1294 5046; x_wconf 70' lang='lat'>1⁶*</span> 
     </span>
    </p>
   </div>
   <div class='ocr_carea' id='block_1_5' title="bbox 0 0 1810 5634">
    <p class='ocr_par' dir='ltr' id='par_1_8' title="bbox 0 0 1810 5634">
     <span class='ocr_line' id='line_1_52' title="bbox 0 0 1810 5634; baseline 0 0"><span class='ocrx_word' id='word_1_525' title='bbox 0 0 1810 5634; x_wconf 95' lang='lat' dir='ltr'> </span> 
     </span>
    </p>
   </div>
  </div>
 </body>
</html>
