3609 5634
288 327 351 395 tea
796 325 911 390 uptun
928 321 1131 390 commum

286 488 318 584 b)
337 498 466 585 ‘eentum
486 490 566 561 pleni
586 490 689 544 cubici:
713 495 848 559 aruntem
871 487 970 543 miltun
990 486 1124 542 linem
1143 504 1205 553 sex,
1228 489 1259 541 et
1281 486 1351 543 situs
1373 488 1494 559 undique
1516 487 1571 542 sibi
1591 488 1649 558 ipsi

284 573 388 717 munii
410 650 481 715 Quia
493 651 521 705 in
535 650 677 721 pyramide
690 666 741 719 per
755 649 828 703 bunc
841 647 970 701 vitiosum
984 646 1066 701 sitam
1081 647 1248 718 impedimur,
1268 656 1302 702 ut
1313 648 1403 703 medis
1416 649 1509 704 latera
1522 665 1647 719 nequea-

187 749 191 758 “
285 750 345 788 mli!
369 749 491 786 censere.

363 808 398 878 k)
419 813 495 866 Tunc
509 827 577 865 sane
591 809 676 863 etiam
695 809 723 862 in
742 804 886 880 pyramide
908 807 1083 861 invenientur
1100 814 1221 878 quatuor
1237 808 1328 863 media
1346 808 1455 877 latera3
1479 817 1547 864 tunc
1560 810 1648 865 etiam

284 895 354 949 situs
368 895 520 965 figurarum
534 892 561 945 in
575 907 606 943 se
620 897 714 944 mutuo
728 888 860 958 respiciet
873 889 952 960 leges
967 887 1174 958 inscriptionum
1187 889 1426 959 geometricorum.

365 971 386 1037 Ι)
411 974 472 1028 Non
491 979 609 1042 possunt
628 970 739 1040 inquam
758 986 912 1041 congruere
932 968 1025 1022 latera
1039 969 1119 1022 unius
1133 968 1225 1024 omnia
1239 970 1374 1024 lateribus
1389 970 1514 1034 alterins,
1535 969 1647 1026 minime

283 1054 401 1109 omnium
416 1052 575 1124 pyramidis.
617 1050 730 1106 Scilicet
752 1050 812 1104 ideo
826 1064 948 1121 congrue
972 1048 1037 1119 poni
1060 1065 1114 1103 non
1134 1056 1259 1119 possunt
1284 1050 1349 1121 quis
1371 1049 1476 1105 initium
1499 1049 1647 1121 positionis

283 1152 337 1188 non
352 1134 455 1188 facturn
468 1141 514 1187 est
525 1130 667 1203 regulare.

361 1226 402 1299 m)
425 1231 478 1286 Hic
499 1229 623 1301 equidem
647 1228 788 1299 legitimus
811 1232 927 1286 duorum
946 1231 1044 1286 borum
1065 1245 1208 1300 corporum
1229 1230 1298 1283 situs
1313 1237 1359 1282 est
1378 1230 1413 1282 ad
1433 1246 1463 1282 ae
1481 1237 1590 1283 mutuo:
1614 1237 1648 1284 at

283 1314 406 1367 octaedri
420 1311 499 1374 situs,
514 1310 560 1382 qui
574 1311 615 1364 sic
629 1309 799 1374 adsciscitur,
814 1311 977 1384 illegitimus
991 1318 1044 1366 est.

360 1406 390 1474 n)
417 1409 533 1464 Omnino
547 1409 635 1463 multa
648 1415 766 1471 restant,
783 1425 837 1479 quo
851 1408 941 1463 minus
956 1408 1010 1462 hoc
1024 1407 1115 1461 dicere
1129 1406 1274 1477 possimus.
1316 1406 1388 1461 Nam
1401 1404 1478 1468 situs,
1504 1404 1551 1476 qni
1564 1405 1644 1474 polos

280 1489 326 1544 hic
340 1490 444 1562 signat.
464 1488 627 1562 illegitimus
642 1495 694 1542 est.
736 1488 880 1550 Quatenus
895 1505 961 1542 vero
981 1488 1009 1542 in
1024 1489 1139 1550 duobus,
1163 1487 1335 1541 dodecabdro
1349 1493 1380 1541 et
1396 1485 1550 1548 icosabdro,
1574 1486 1643 1539 situs

281 1578 326 1626 sat
339 1570 489 1642 legitimus,
505 1569 619 1623 totidem
633 1575 750 1638 possunt
763 1585 825 1622 esse
833 1568 901 1639 poli,
924 1575 992 1639 quot
1006 1568 1103 1639 anguli
1120 1569 1212 1639 bajus,
1235 1569 1323 1638 plana
1335 1565 1419 1629 illius,
1439 1565 1582 1620 duodecim
1595 1582 1642 1628 sa,

282 1667 368 1723 quare
387 1665 475 1705 sonae
497 1648 677 1703 intermediae
697 1665 757 1702 sex.
799 1650 890 1703 Emnt
908 1649 995 1722 igitur
1009 1649 1106 1703 incerti
1120 1649 1262 1719 planetae,
1285 1664 1413 1719 quorsum
1431 1654 1506 1700 eant
1549 1646 1580 1699 ln
1593 1661 1644 1716 ge·

281 1747 347 1786 nere
362 1731 458 1784 obstet
471 1729 532 1793 hoc,
548 1729 619 1799 quod
633 1729 740 1801 figurae
755 1729 827 1785 istae
842 1728 914 1782 reali
928 1729 983 1783 situ
999 1729 1119 1799 partium
1134 1731 1169 1783 ad
1184 1745 1214 1782 se
1228 1735 1322 1782 mutuo
1343 1744 1397 1781 non
1412 1736 1477 1781 sunt
1490 1741 1643 1795 expressae

282 1812 310 1865 in
327 1810 435 1873 mundo,
460 1810 507 1863 sed
529 1809 617 1862 solnm
636 1808 777 1879 proportio
798 1809 903 1864 orbium
926 1809 1085 1882 figuralium
1107 1809 1190 1863 exiis
1212 1811 1340 1863 desumto
1360 1807 1388 1861 in
1407 1808 1488 1861 orbes
1506 1806 1644 1861 coelestes

281 1890 335 1945 fnit
348 1890 680 1959 translatanumerusque
692 1890 797 1943 orbium
816 1907 835 1944 a
851 1890 949 1961 ligeris
964 1889 1140 1944 constitutus.
1182 1887 1296 1944 Rectius
1311 1887 1398 1959 igitur
1418 1889 1490 1942 banc
1504 1887 1643 1958 quaestio·

282 1987 357 2026 nem:
379 1986 439 2023 cur
462 1970 551 2024 banc
570 1970 698 2040 potios,
719 1987 821 2041 quam
842 1970 1218 2025 aliamviamcurrant
1237 1970 1423 2040 planetae,
1445 1975 1479 2022 ut
1497 1968 1643 2021 absurdam

281 2050 450 2120 repellimus.
493 2049 564 2105 Nam
577 2067 638 2103 cum
656 2057 733 2104 esset
746 2051 773 2104 in
788 2050 942 2105 intentione
955 2051 1008 2104 Dei
1027 2051 1154 2114 circulus,
1177 2050 1295 2105 motibus
1317 2049 1494 2119 planetarum
1514 2062 1642 2101 necessa·

280 2131 346 2193 rius,
368 2129 410 2183 illi
423 2130 500 2183 Deus
523 2147 575 2199 per
588 2129 768 2185 intentionem
788 2130 940 2186 constituto
959 2130 1105 2185 materiale
1124 2139 1154 2185 et
1177 2130 1321 2184 stellatum
1343 2128 1516 2198 sphaericum
1530 2128 1642 2182 circum·

277 2210 357 2281 jecit.
400 2210 458 2265 Nec
476 2210 613 2267 dubitatio
633 2209 728 2281 aliqua
741 2211 831 2265 Deum
852 2212 888 2266 ab
908 2227 992 2280 opere
1015 2211 1139 2274 retinuit,
1164 2210 1319 2282 quominus
1342 2209 1449 2263 initium
1468 2208 1529 2275 ejus
1551 2209 1643 2262 lucere

281 2297 384 2361 posset,
404 2290 484 2361 quasi
498 2291 557 2345 sine
571 2289 693 2352 ratione:
715 2307 779 2345 nam
793 2299 858 2345 tnnc
873 2308 972 2360 corpus
987 2292 1092 2346 nullum
1109 2290 1331 2361 praeexistebat,
1355 2290 1434 2359 cujus
1456 2289 1504 2342 ille
1524 2287 1644 2358 partium

280 2377 410 2441 respectu
433 2370 582 2425 dubitaret
624 2370 751 2441 Spatium
774 2387 840 2426 vero
863 2370 923 2425 sine
947 2388 1060 2441 corpore
1081 2387 1153 2441 pura
1166 2378 1211 2425 est
1233 2371 1361 2441 negatio:
1386 2368 1510 2439 satisque
1526 2368 1642 2422 rationis

281 2453 373 2506 estad
388 2451 543 2505 faciendum
557 2450 663 2505 initium
687 2451 714 2505 in
728 2450 833 2506 infinito
857 2451 952 2514 nihilo,
976 2452 1021 2505 vel
1044 2452 1171 2523 cogitoso
1195 2451 1296 2505 leviter
1317 2453 1351 2503 de
1365 2450 1472 2520 aliquo:
1496 2451 1556 2504 tale
1570 2449 1642 2503 enim

281 2533 434 2603 cogitatum
452 2531 513 2600 jam
537 2532 632 2585 statim
656 2531 767 2585 induitis
791 2532 935 2587 mediaest
954 2531 1153 2601 praestantius,
1178 2531 1285 2603 reliquo
1305 2530 1411 2585 intuito
1426 2546 1479 2584 non
1494 2536 1567 2593 actu,
1592 2547 1644 2582 nec

279 2611 421 2674 existenti,
436 2629 487 2665 nec
501 2610 643 2681 cogitato,
663 2611 746 2666 etsie
760 2612 836 2681 prins
850 2613 899 2667 illo
921 2619 952 2667 et
965 2611 1042 2666 initio
1057 2620 1163 2682 aptum.
1204 2612 1301 2682 Neque
1310 2627 1377 2664 vero
1391 2610 1494 2680 primus
1504 2626 1559 2680 ego
1573 2626 1642 2670 snm,

281 2693 327 2763 qui
350 2709 393 2746 me
414 2690 503 2761 ipsum
523 2691 578 2746 bac
600 2691 691 2745 inutili
705 2693 868 2761 quaestione
888 2692 1024 2764 fatigavi:
1048 2709 1106 2746 cnr
1130 2691 1278 2746 seilicet
1299 2692 1365 2746 hac
1386 2692 1574 2746 traductus
1596 2689 1645 2743 sit

281 2771 561 2834 zodiacusscum
583 2770 742 2841 potuerit
765 2772 854 2838 alia,
885 2772 974 2828 locis
996 2771 1182 2827 infinitis?
1223 2772 1350 2826 Invenias
1374 2770 1489 2826 similem
1509 2769 1592 2839 bnjus
1615 2769 1644 2823 in

281 2851 412 2906 aristot:
427 2851 716 2922 curhancpotius
731 2851 764 2906 in
779 2854 921 2924 plagam
939 2860 1024 2907 eant
1041 2853 1227 2922 planetae,
1250 2869 1350 2922 quam
1369 2851 1400 2904 iu
1415 2850 1493 2920 ejus
1508 2858 1643 2904 contra·

280 2932 381 2988 riam?
421 2932 493 2986 Nam
506 2948 542 2985 ne
555 2930 600 2985 bic
614 2932 723 3002 quidem
736 2933 808 2986 ratio
823 2942 867 2988 est
880 2934 941 2988 ulla
955 2933 1034 2988 unius
1058 2949 1126 3002 prae
1140 2932 1239 2996 altero,
1264 2950 1324 2986 cum
1344 2931 1430 2985 omnis
1445 2930 1528 2994 linea,
1552 2928 1643 3002 longi-
1664 2933 1667 2940 ⁴

280 3011 382 3067 tudinis
397 3011 561 3074 conditione,
583 3013 651 3066 duas
666 3012 793 3067 obtineat
806 3014 917 3086 plagas,
933 3030 1005 3084 qnae
1020 3021 1086 3067 sunt
1099 3013 1126 3067 in
1137 3021 1214 3067 recta
1234 3029 1330 3066 versus
1345 3013 1411 3064 duos
1427 3010 1487 3080 ejus
1504 3010 1642 3065 terminos.

280 3093 397 3146 Fatetur
420 3091 529 3162 quidem
552 3091 589 3145 ibi
604 3092 771 3146 Aristoteles
795 3092 822 3146 in
841 3110 954 3165 genere,
979 3111 1032 3146 non
1048 3093 1165 3148 omnium
1186 3093 1309 3147 rationes
1333 3094 1429 3145 eodem
1447 3092 1525 3145 modo
1547 3089 1644 3161 quaeri

280 3187 377 3242 posse:
402 3171 527 3225 adoritur
549 3179 643 3226 tannen
667 3172 857 3242 quaestionem
879 3173 966 3230 banc:
992 3182 1120 3228 naturam
1135 3174 1177 3228 ait
1197 3173 1270 3228 inter
1289 3171 1436 3242 possibilia
1448 3188 1558 3241 semper
1571 3172 1643 3241 quod

281 3250 414 3321 optimum
432 3250 553 3320 eligere:
578 3251 675 3306 melius
694 3268 760 3305 vero
779 3266 849 3316 esse,
874 3260 908 3308 ut
927 3254 1053 3309 ferantur
1074 3253 1165 3308 sidera
1187 3254 1215 3307 in
1238 3254 1354 3324 plagam
1376 3251 1540 3323 digniorem
1565 3251 1644 3321 atqui

280 3330 433 3400 digniorem
447 3347 509 3384 esse
524 3330 639 3403 plagam
652 3348 786 3401 prorsum,
809 3350 890 3404 quam
903 3340 1063 3388 retrorsum.
1100 3333 1235 3389 Ridicule.
1272 3334 1343 3387 Nam
1362 3333 1437 3403 prins
1457 3348 1540 3403 quarn
1553 3341 1644 3387 motus

281 3419 364 3472 esset,
379 3417 481 3465 neutra
494 3411 592 3481 plaga,
614 3428 703 3482 neque
717 3428 851 3482 prorsum,
875 3431 965 3483 neque
987 3420 1138 3469 retrorsum
1162 3414 1320 3475 dicebatur;
1342 3412 1506 3483 principium
1527 3411 1643 3481 petitur.

279 3494 440 3560 Argutatur
453 3490 561 3560 quidem
580 3508 598 3544 a
612 3491 787 3546 similitudine
801 3493 893 3548 mundi
907 3511 968 3548 cum
989 3493 1164 3556 animalibus,
1183 3493 1317 3548 animalia
1330 3511 1391 3549 cum
1411 3493 1505 3563 plagia
1520 3492 1577 3546 suis
1591 3509 1644 3547 sex

280 3570 368 3623 ideam
383 3569 474 3624 mundi
489 3578 626 3625 statuens.
667 3571 752 3642 Atqui
767 3590 873 3627 rursum
888 3573 1051 3644 principium
1065 3573 1178 3644 petitur.
1219 3575 1323 3628 Demus
1345 3572 1418 3628 enim
1440 3574 1568 3628 mundum
1581 3590 1643 3626 esse

281 3650 385 3703 factum
407 3651 442 3703 ad
462 3650 665 3705 similitudinem
686 3651 825 3715 animalis;
850 3654 925 3708 dicat
947 3654 1034 3726 igitur
1051 3654 1128 3724 prius
1147 3656 1181 3708 de
1196 3654 1256 3724 ipso
1271 3653 1392 3716 animali,
1415 3671 1463 3707 cur
1486 3653 1538 3707 boc
1551 3652 1592 3706 illi
1607 3653 1645 3707 sit

280 3745 414 3800 prorsum,
429 3729 498 3784 illud
512 3738 678 3793 retrorsum
701 3739 732 3786 et
745 3750 799 3787 non
808 3733 943 3797 vicissim
965 3735 1018 3788 boc
1031 3741 1083 3797 est,
1104 3752 1152 3788 cur
1166 3733 1237 3788 oculi
1252 3750 1388 3804 auresque
1408 3739 1437 3787 et
1452 3750 1532 3787 nares
1548 3740 1578 3787 et
1591 3732 1642 3786 lin·

279 3825 339 3880 gua
358 3817 389 3863 et
402 3827 432 3864 os
455 3826 551 3864 versus
566 3809 713 3882 imaginem
735 3812 762 3867 in
776 3814 888 3882 speculo
903 3815 1068 3886 dirigantur,
1089 3814 1271 3876 brachiorum,
1293 3830 1421 3868 manuum
1440 3813 1642 3885 digitorumque

280 3889 390 3943 articuli
413 3890 537 3945 illorsum
559 3891 713 3956 flectantur,
738 3895 838 3962 pedum
860 3895 973 3964 palmae
996 3895 1121 3949 illorsum
1144 3897 1340 3957 extendantur,
1366 3899 1396 3947 et
1414 3911 1468 3948 non
1483 3893 1584 3963 potius,
1609 3900 1642 3947 ιιι

278 3968 406 4040 imaginis
420 3970 449 4024 in
462 3972 575 4039 speculo
589 3973 713 4027 membre
726 3974 831 4036 eadem,
855 3981 1028 4029 retroversus
1043 3975 1192 4029 bominem:
1217 3976 1310 4045 potuit
1324 3974 1396 4028 enim
1415 3973 1500 4028 etiarn
1513 3973 1553 4027 sic
1566 3973 1640 4027 lieri:

278 4050 331 4103 boc
352 4057 405 4113 est,
430 4050 523 4121 potuit
536 4069 591 4114 cor,
606 4054 678 4123 qnod
692 4070 764 4107 nunc
778 4061 823 4107 est
844 4054 872 4108 in
887 4054 1010 4118 sinistra,
1035 4055 1167 4110 collocari
1188 4054 1216 4109 in
1231 4057 1304 4118 sede,
1330 4070 1413 4125 quam
1427 4072 1499 4109 nunc
1512 4061 1642 4124 putamus

278 4132 415 4186 dextram.
455 4132 494 4185 Et
511 4138 543 4185 ut
557 4139 665 4187 constet
678 4132 749 4187 ratio
764 4133 792 4188 in
805 4135 859 4188 hac
872 4135 936 4189 idea
950 4134 1048 4198 mundi,
1072 4136 1156 4205 quid?
1179 4152 1216 4190 an
1229 4153 1283 4190 non
1299 4151 1387 4205 aeque
1405 4134 1489 4189 facile
1503 4134 1644 4189 condaris

277 4210 370 4281 potuit
382 4209 443 4280 ejus
466 4212 501 4264 ad
515 4212 609 4267 latera
631 4213 722 4267 mundi
745 4215 804 4268 deri
827 4214 998 4284 applicatio?
1020 4214 1083 4286 quid
1106 4215 1256 4285 impedivit,
1281 4215 1437 4286 quominus
1452 4215 1593 4270 sinistram
1608 4216 1643 4269 ad

278 4290 418 4346 meridiem
432 4293 566 4354 tenderet,
582 4294 711 4347 dextram
725 4295 761 4347 ad
775 4296 1002 4363 septentrionem.
1022 4297 1131 4366 quando
1146 4298 1248 4367 plagas
1263 4295 1355 4351 mundi
1369 4294 1470 4350 metari
1480 4296 1563 4366 jussa
1576 4300 1643 4349 est?

279 4370 318 4425 sic
335 4370 408 4425 euim
429 4370 528 4425 faciem
546 4372 677 4428 vertisset
691 4372 718 4426 in
731 4374 857 4444 plagam,
881 4391 954 4445 quae
968 4375 1047 4429 nobis
1061 4393 1133 4430 nunc
1147 4392 1261 4430 occasus
1280 4375 1395 4439 diuitum
1419 4376 1458 4429 sic
1476 4376 1643 4431 contrariam

279 4450 370 4504 sidera
385 4452 500 4522 plagam
514 4469 639 4521 prorsum
653 4453 824 4518 habuissent,
848 4453 876 4507 in
896 4471 978 4524 quarn
997 4455 1115 4510 motibus
1135 4455 1191 4510 suis
1215 4458 1370 4511 tenderent.
1414 4457 1528 4511 Rectius
1548 4456 1643 4526 itaque

279 4530 481 4600 supersedisset
499 4531 668 4587 Aristoteles
688 4533 825 4588 solutione
849 4534 932 4604 hujus
948 4534 1059 4605 ineptae
1075 4536 1258 4606 quaestionis,
1283 4552 1350 4589 suae
1365 4536 1451 4607 ipsius
1467 4535 1643 4591 admonitioni

280 4610 484 4681 obtemperans.
515 4609 585 4666 Nam
599 4612 671 4668 ieter
685 4630 734 4672 ea.
749 4630 821 4684 quae
835 4614 927 4669 omnia
940 4634 978 4669 ex
994 4632 1082 4687 aequo
1097 4616 1259 4686 contingere
1274 4623 1397 4685 possent,
1422 4623 1525 4672 natura
1538 4617 1643 4671 nullam

279 4688 384 4745 invenit
397 4691 518 4746 melioris
533 4698 563 4746 et
576 4693 721 4748 deterioris
736 4694 909 4759 electionem,
933 4696 987 4749 hoc
1000 4696 1071 4749 enim
1086 4695 1203 4751 involvit
1221 4696 1474 4751 contradictionem.
1517 4696 1643 4759 Quinimo

279 4768 319 4823 sic
332 4778 571 4842 argumentemur:
595 4790 655 4828 oum
670 4791 718 4829 ens
733 4792 789 4829 non
803 4781 867 4829 ente
881 4783 1017 4846 praestet,
1037 4779 1155 4831 nondum
1169 4777 1256 4848 igitur
1270 4776 1410 4831 existente
1424 4779 1532 4841 mundo,
1557 4793 1642 4849 quae·

279 4866 386 4921 cunque
400 4849 461 4920 qjtts
475 4852 565 4924 plaga
577 4867 662 4922 prosa
675 4861 811 4924 concepta
824 4854 877 4909 mit
890 4855 979 4919 initio,
1001 4855 1053 4910 illa
1069 4857 1190 4927 potiores
1212 4874 1285 4911 nuno
1298 4875 1337 4911 ex
1350 4874 1403 4912 sua
1416 4864 1497 4928 parte
1518 4858 1642 4912 rationes
