3609 5634
577 446 583 451 ·
694 409 776 476 caput
791 410 859 463 m.
877 410 958 464 ml.

492 597 537 659 IN
561 596 700 660 oAPUT
723 595 965 663 VIGESIMUM
986 598 1158 666 PRIMUM

666 719 782 773 ueras
802 718 981 776 succuum.

199 821 242 892 a)
272 826 455 897 Supervacua
478 828 538 897 jam
565 846 648 900 porro
669 836 715 885 est
741 830 813 885 5555
842 831 1019 902 conjectatio.
1062 834 1137 890 Vera
1164 834 1235 889 euim
1263 834 1442 906 proportione
1463 834 1503 890 in·

91 909 220 968 venta,
253 907 285 961 in
308 924 363 978 qua
383 908 508 987 deiectus
528 910 613 980 plane
634 911 735 975 nullus,
758 911 821 982 quid
842 912 907 966 mibi
929 930 999 984 opus
1021 922 1065 969 est
1086 915 1157 969 falso
1178 914 1309 969 delectui

199 981 250 1053 b)
277 988 351 1052 Quia
379 1006 430 1042 neo
459 1006 576 1059 corpora
603 1008 652 1045 seu
676 992 785 1064 figurae
815 992 893 1047 solae
915 993 1035 1050 formant
1061 994 1212 1050 intervalla
1231 995 1422 1065 planetarum,
1453 1013 1505 1051 neo

93 1070 263 1122 motuum
285 1068 352 1122 talis
372 1068 401 1123 in
421 1068 558 1123 individuo
579 1077 623 1125 est
643 1071 795 1141 proportio.
837 1073 883 1127 lta
902 1080 1048 1147 utrumque
1071 1074 1099 1129 in
1120 1090 1212 1129 errore
1233 1075 1408 1129 versabatur.

204 1144 244 1212 5)
272 1149 429 1203 Conciliato
449 1156 513 1203 sunt
532 1149 606 1204 inter
626 1168 656 1205 se
677 1152 748 1207 libro
769 1152 803 1206 V.
824 1151 1063 1211 Harmonioorum.

205 1223 251 1298 d)
272 1229 369 1283 Posito
398 1230 465 1284 orbe
495 1230 631 1300 5551155115
652 1232 782 1295 Veneris,
812 1233 856 1287 oui
886 1236 1037 1290 octaedron
1065 1235 1234 1290 inscribatur
1261 1233 1384 1306 partium
1416 1234 1501 1298 1000,

97 1313 235 1363 cantra.
259 1310 385 1364 ootaddri
406 1311 551 1365 distabunt
571 1327 590 1365 a
609 1318 704 1367 centro
725 1313 887 1383 systematis
912 1315 1042 1384 partibus
1065 1315 1136 1378 550,
1167 1331 1228 1370 oum
1247 1313 1378 1370 1155155511
1398 1329 1505 1370 summ

100 1386 278 1444 5155555115
299 1408 336 1444 ex
351 1389 501 1460 Cepernioo
525 1400 668 1461 promatur
683 1391 749 1457 723,
773 1393 944 1459 55515500,
965 1395 1062 1467 itaque
1084 1402 1225 1466 punctum,
1250 1395 1298 1449 551
1319 1394 1502 1451 terminantur

101 1475 234 1537 partes
262 1469 330 1533 559,
354 1476 399 1524 551
421 1469 530 1540 151555
555 1471 647 1547 spatio
670 1490 720 1526 seu
745 1473 923 1545 spissitudine
947 1475 1035 1538 orbis;
1057 1480 1164 1531 55555
1186 1475 1214 1530 15
1236 1475 1333 1539 medio,
1358 1477 1406 1529 sed
1428 1474 1503 1530 inter

104 1548 259 1604 medium
281 1550 339 1604 500
363 1556 393 1604 55
413 1566 547 1605 summum
570 1550 637 1607 123.

214 1626 251 1698 5)
268 1630 333 1684 'Hoc
345 1629 471 1685 nimirum
484 1630 632 1687 limandum
646 1637 716 1697 erat,
741 1634 947 1703 proportionem
961 1636 1080 1692 alteram
1094 1653 1156 1691 esse
1178 1636 1295 1692 alterius
1310 1652 1365 1691 nou
1378 1636 1500 1705 duplam,

107 1711 171 1763 555
204 1710 433 1782 sesquialteram.
938 1724 940 1734 '

217 1786 250 1858 i)
273 1789 515 1846 1115155551551
539 1790 624 1860 priori
649 1791 741 1862 capite
763 1791 791 1846 in
815 1793 1052 1849 annotationibus.

216 1865 255 1943 g)
278 1869 400 1925 Vidimus
422 1870 539 1942 555522
554 1887 641 1925 annos
662 1878 693 1926 et
714 1872 805 1943 gavisi
826 1889 927 1937 sumus,
953 1874 1052 1928 saltem
1076 1889 1139 1946 ego,
1163 1880 1232 1945 puto
1247 1873 1456 1931 5151555511555
1470 1878 1501 1929 55

116 1949 251 2020 plurimi
276 1951 333 2015 alii,
357 1950 403 2022 qui
426 1952 476 2006 lib.
500 1951 532 2005 V.
559 1952 692 2006 Hermen.
716 1959 782 2007 sunt
804 1952 912 2017 lecturi,
934 1952 1085 2024 participas
1109 1962 1192 2009 erunt
1208 1955 1312 2029 355511.

218 2029 252 2095 h)
275 2032 321 2086 155
342 2032 512 2086 somniabam
537 2032 571 2085 de
592 2032 720 2097 veritate,
745 2032 843 2103 opinor
866 2033 938 2087 bono
951 2034 1013 2088 Deo
1037 2034 1200 2104 inspirante.
1241 2035 1346 2090 Elicita
1368 2041 1421 2100 est,
1444 2051 1499 2090 non

118 2110 201 2165 bino
217 2111 334 2182 quidem,
358 2114 406 2166 sed
429 2130 466 2166 ex
488 2111 646 2175 harmoniis,
669 2114 743 2167 ratio
765 2113 1009 2177 eecentrioitatum,
1039 2114 1086 2167 sed
1109 2119 1203 2170 tamen
1222 2115 1361 2170 mediante
1383 2114 1436 2170 555
1459 2114 1499 2169 15·

119 2199 238 2254 vento;
262 2191 404 2246 55511155
427 2199 493 2246 ante
516 2190 574 2245 tisri
597 2191 697 2261 potuit,
723 2208 805 2263 quam
827 2193 879 2247 555
901 2195 1076 2249 emendatum
1098 2193 1258 2251 haberetur.
1300 2196 1371 2251 Nam
1394 2194 1442 2249 lib.
1464 2194 1497 2250 V.

123 2272 236 2327 Harm
251 2286 313 2340 cap.
329 2269 356 2326 3.
370 2272 482 2341 ponitur
496 2269 568 2326 inter
581 2271 718 2343 principia
731 2273 973 2328 demonstrationis
987 2273 1057 2327 5555
1071 2274 1258 2344 sesquialtera
1270 2270 1427 2345 proportio.'

221 2345 244 2420 i)
268 2351 322 2405 Pro
341 2351 385 2405 his
406 2369 460 2407 non
483 2351 615 2422 perfectis
629 2352 785 2407 intervallis
803 2371 841 2408 ex
855 2354 1007 2424 Copernioo
1027 2353 1115 2408 55555
1129 2355 1225 2410 Harm.
1240 2355 1289 2410 lib.
1304 2355 1338 2410 V.
1352 2352 1497 2425 perfectis·

126 2430 211 2486 aima
224 2449 261 2486 ex
276 2432 446 2487 astronomia
458 2449 509 2502 per
523 2432 732 2487 observationes
746 2434 910 2491 Brabeanas
924 2440 1094 2489 5551555515.
1200 2466 1206 2476 .

219 2507 255 2581 k)
277 2512 395 2567 Rursum
410 2511 578 2567 somniabam
593 2512 626 2566 de
641 2511 770 2580 veritate.
803 2513 873 2568 Vide
890 2515 1065 2569 emendatum
1079 2513 1186 2567 modum
1199 2513 1272 2567 buno
1286 2513 1335 2567 lib.
1351 2513 1385 2566 V.
1400 2512 1495 2567 Herm.

128 2606 202 2662 oap.
219 2591 246 2646 0.
261 2609 339 2662 prop.
356 2592 402 2648 46.
418 2590 465 2646 47.
483 2591 529 2647 48.
545 2592 593 2646 40.
698 2620 702 2633 ι

219 2668 243 2736 1)
267 2672 360 2726 Cubus
374 2672 543 2726 exteriorum
566 2678 596 2749 et
618 2672 767 2727 5515111555
786 2671 946 2728 1555515555
967 2671 1082 2728 ultimae
1101 2671 1235 2736 similiter,
1259 2673 1286 2728 id
1309 2676 1354 2726 555
1366 2675 1495 2742 5555555-

130 2749 196 2805 tiva
219 2752 365 2813 intersunt,
390 2758 422 2806 at
443 2769 498 2807 non
521 2751 712 2814 intermedias
726 2752 882 2817 distantias,
904 2752 1014 2808 nimium
1034 2753 1095 2808 hoo.
1124 2753 1187 2807 Duo
1202 2770 1267 2807 vero
1281 2751 1422 2814 interiora,
1450 2750 1496 2804 do·

130 2832 293 2886 decaedron
307 2832 520 2895 511555555555.
536 2831 645 2895 similia,
659 2849 766 2887 rursum
781 2832 919 2897 similiter,
935 2834 962 2887 id
976 2839 1021 2886 est
1035 2832 1183 2897 defective,
1203 2839 1234 2888 at
1247 2849 1303 2888 nou
1316 2831 1389 2886 inter
1402 2837 1496 2886 extre·

130 2927 210 2966 mam
224 2919 254 2965 et
267 2899 391 2975 mediam,
415 2929 522 2966 rursum
545 2912 598 2966 hoc
611 2912 721 2967 nimium
735 2919 787 2967 est.
826 2914 997 2969 Tetraddron
1011 2930 1077 2969 vero
1097 2912 1204 2968 omnino
1223 2930 1273 2968 suo
1287 2912 1388 2967 fruitur
1408 2909 1496 2966 etiam

131 2992 182 3046 hio
198 2991 354 3063 privilegio,
379 2991 548 3064 interestque
572 2992 645 3047 inter
667 2998 808 3048 extremas
831 2993 995 3048 distantias:
1019 2992 1100 3048 imam
1122 2993 1208 3057 Jovis,
1233 3007 1365 3048 summam
1384 2989 1493 3047 llsrtis.

134 3072 198 3143 Hoc
212 3072 252 3127 sio
265 3089 327 3125 5555
342 3074 441 3127 debere
456 3072 641 3127 demonstravi
654 3073 889 3143 propositionibus
898 3074 960 3144 jam
973 3074 1115 3146 allegatis.

218 3153 335 3206 Ceterae
358 3152 509 3207 errantium
523 3169 695 3207 numerorum
709 3155 744 3207 ad
759 3153 907 3209 veritatem
920 3154 1080 3219 allusiones,
1103 3170 1171 3226 quas
1191 3152 1294 3224 passim
1309 3152 1413 3224 allego,
1438 3151 1493 3206 ior·

134 3232 227 3286 tuitae
242 3239 315 3294 sunt.
339 3250 390 3287 555
403 3233 513 3305 dignae,
536 3248 608 3304 quae
622 3233 815 3296 excutiantur;
835 3233 977 3304 jucundae
991 3242 1085 3290 tamen
1098 3234 1165 3289 mibi
1181 3232 1334 3306 reooguitu,
1358 3231 1424 3306 quia
1436 3248 1493 3286 mo·

135 3317 220 3376 nent,
244 3312 343 3384 quibus
365 3312 528 3377 maeandris,
553 3330 666 3384 quorum
687 3314 826 3383 parietum
847 3316 1011 3387 palpatione
1032 3332 1082 3386 per
1103 3317 1234 3370 tenebras
1258 3312 1435 3385 ignorantiae
1458 3312 1494 3366 ad

135 3393 280 3461 pelluoens
308 3392 407 3448 ostium
429 3393 557 3458 veritatis
585 3394 748 3449 devenerim.

719 3628 911 3645 ια’*

678 3829 798 3930 Caput
823 3827 952 3905 XXII.
1066 3928 1076 3943 .

292 3980 434 4046 Plcneta
456 4004 514 4047 ear
535 4006 630 4067 rupes·
652 3988 819 4069 sequentis
841 3997 945 4051 centro
968 3987 1145 4070 5555511155
1165 3997 1336 4054 mosem

223 4089 366 4187 Didicisti
389 4126 485 4201 ruodo,
511 4128 616 4201 lector,
638 4129 732 4193 etiam
755 4131 934 4210 imperfecta
957 4149 1153 4211 cognoscere,
1178 4150 1236 4211 quo
1260 4132 1358 4195 minus
1379 4136 1492 4202 metuo,

137 4220 167 4275 te
190 4213 327 4276 nltimam
349 4214 428 4276 hanc
450 4223 483 4278 et
506 4217 646 4296 frigidam
661 4220 877 4299 catastrophen
892 4220 1094 4301 5551555555.
1127 4220 1242 4284 Ultimo
1262 4228 1362 4282 autem
1379 4217 1493 4280 reterre

137 4301 235 4374 55151,
267 4320 335 4365 cum
362 4303 432 4383 quia
455 4305 559 4367 ultimo
583 4307 648 4369 loco
670 4307 786 4382 habeo,
818 4316 882 4371 tum
905 4309 1065 4391 quiscum
1089 4309 1219 4371 motibus
1247 4307 1408 4380 cohaeret,
1436 4315 1493 4367 noo

137 4390 270 4493 expediri
293 4390 358 4452 sine
381 4389 434 4455 20.
459 4393 699 4477 555115551551,
729 4397 867 4477 quamvis
895 4398 934 4470 55
966 4394 1016 4461 14.
1045 4397 1165 4478 5555515
1187 4397 1355 4476 pertineat,
1389 4402 1426 4456 ut
1451 4393 1492 4456 ibi

135 4487 408 4632 111011111115551815555
435 4570 589 4650 figuralem
617 4572 767 4635 coelorum
794 4573 1016 4654 proportionem
1040 4572 1195 4637 Maestlini
1218 4590 1364 4636 censurae
1387 4572 1493 4652 55515-

136 4655 253 4732 cissem,
278 4656 304 4717 is
328 4676 375 4718 me
394 4655 431 4719 de
447 4661 630 4739 superiorum
649 4659 802 4743 epicycliis
818 4662 942 4735 monuit,
968 4682 1042 4743 quos
1058 4661 1242 4741 0555551555
1266 4663 1332 4724 loco
1355 4680 1491 4742 555555-
1595 4660 1597 4664 ”

137 4745 211 4807 tium
233 4742 418 4823 introduxit,
453 4747 560 4829 quique
593 4749 682 4830 duplo
706 4748 850 4828 majorem
873 4749 1007 4813 efficiant
1030 4751 1095 4814 orbi
1124 4750 1369 4830 spissitudinem,
1403 4768 1492 4830 qnam

135 4832 276 4913 planetae
292 4836 436 4898 55555555
451 4837 671 4919 descensusque
686 4837 820 4920 requirit.
853 4840 896 4903 Et
917 4838 947 4901 in
971 4838 1160 4903 inferioribus
1184 4839 1303 4920 quidam
1321 4839 1373 4901 5111
1392 4847 1492 4903 motus

137 4930 215 4997 sunt,
240 4922 347 5003 quibus
370 4924 495 5004 planeta
518 4926 555 4987 ad
580 4947 697 4990 omnem
719 4928 800 4991 illius
823 4928 950 5013 epicyeli
973 4927 1164 4993 altitudinem
1187 4928 1337 5006 evehitur,
1361 4929 1402 4991 ad
1424 4947 1491 4990 om-
