3609 5634
274 345 336 412 166
490 280 504 301 ’
723 340 1169 407 numum-,nm

325 504 348 567 1)
377 508 437 561 Non
461 511 506 558 est
529 505 684 568 absurdum,
709 504 798 557 Deum
819 501 846 556 in
868 502 977 556 conditu
998 508 1095 557 tantae
1119 502 1198 556 molis
1221 502 1424 556 demonstrate
1446 518 1524 559 66661
1545 502 1634 556 onni-

377 587 538 657 potentiam.
590 586 647 638 Nec
669 585 740 639 Deo
764 585 902 637 mundus
927 598 1067 653 magnus
1095 591 1166 644 est,
1196 583 1254 635 sed
1282 597 1341 635 nos
1372 585 1491 636 mundo
1513 582 1632 652 parvi.

377 668 437 722 Hoc
456 682 538 719 unum
561 665 654 727 habet,
679 665 750 736 quod
769 680 847 717 meae
865 680 916 732 pro
931 663 1081 733 Copernioo
1105 661 1339 734 argumentationi
1361 661 1490 731 objiciat:
1515 661 1632 725 seilicet,

376 746 563 815 imperfectam
578 762 655 808 esse,
680 746 750 814 quod
765 744 980 812 comprehendat
995 751 1102 796 tantum
1116 744 1238 796 secunda
1251 741 1378 804 mobilia,
1395 741 1496 795 omissa
1510 743 1635 813 sphaera

377 828 503 887 fixarum,
519 834 634 894 propter
648 825 709 892 ejus
724 824 751 875 in
767 823 918 893 Cepernico
933 823 1105 877 infinitatem.
1133 822 1227 892 Atqui,
1250 838 1265 874 o
1281 822 1384 891 Tycho,
1407 824 1560 875 mundanae
1575 823 1632 875 for-

375 922 436 960 mae
460 905 585 967 interest,
607 906 750 974 quiescens
771 918 788 956 a
812 903 958 957 mobilibus
982 911 1062 957 tauto
1075 903 1224 956 intervallo
1238 903 1346 957 abesse.
1375 902 1447 956 Nam
1460 902 1483 956 si
1497 918 1552 955 una
1566 920 1632 972 pro·

376 986 502 1055 portione
522 985 729 1053 comprehendit
742 984 819 1036 Deus
840 984 953 1037 mobilia
973 1000 1034 1036 6616
1057 983 1229 1052 quiescente,
1254 998 1303 1034 cur
1325 982 1377 1035 illa
1399 992 1555 1045 moventur,
1580 983 1634 1035 boe

368 1065 511 1133 quiescit?
536 1065 632 1118 Nonne
647 1067 682 1117 ad
696 1079 817 1117 normam
832 1074 953 1117 motuum
967 1064 1102 1125 convenit,
1117 1062 1293 1116 distributam
1307 1079 1369 1115 esse
1383 1068 1414 1115 et
1428 1061 1633 1132 quantitatem?

308 1142 349 1210 61)
378 1145 501 1207 Quilibet
515 1162 546 1197 se
561 1153 652 1205 amat:
674 1146 722 1197 sed
737 1144 801 1196 binc
815 1144 889 1205 vide,
909 1143 1007 1213 quanti
1021 1143 1108 1196 iaciat
1121 1158 1211 1196 meam
1224 1141 1503 1212 argumentationem

318 1222 350 1291 6)
377 1226 437 1278 Non
453 1225 559 1295 quidem
574 1234 618 1277 est
631 1226 845 1294 praetereunda,
862 1226 911 1277 sed
924 1232 1020 1278 tamen
1032 1240 1088 1277 nen
1100 1232 1147 1277 est
1160 1222 1335 1277 immiscenda
1352 1221 1511 1285 mobilibus,
1533 1222 1562 1276 iu
1577 1222 1634 1275 bac

375 1305 429 1358 illis
444 1305 558 1374 propria
572 1304 772 1374 speculatione.

344 1459 386 1521 it)
404 1478 429 1525 6.
449 1459 490 1510 tt.
531 1460 720 1517 „Domesticos”
741 1460 782 1509 ilie
801 1460 848 1509 1611
866 1459 988 1509 Gellius
1007 1458 1195 1509 Sascsrldcs
1213 1458 1366 1517 1161616666,
1386 1457 1454 1508 blod
1474 1458 1545 1508 Stud.
1564 1454 1631 1519 (mo-

269 1534 329 1583 ritur
346 1533 455 1583 Hainiae
475 1547 540 1581 anno
561 1529 645 1588 1612,
670 1532 815 1581 medicinae
827 1531 970 1595 professoris
989 1544 1090 1579 munere
1108 1530 1221 1597 iungens.
1259 1528 1298 1579 De
1318 1531 1525 1592 66116116,66616
1543 1536 1632 1578 666116

208 1622 212 1629 ·
268 1605 332 1652 11666
355 1604 461 1653 Gellium
486 1605 593 1652 instituit
618 1603 702 1664 Tycbo
730 1617 795 1651 anno
825 1598 890 1650 1596
915 1603 946 1650 ob
971 1616 1010 1649 166
1037 1592 1176 1665 nuptiales,
1204 1602 1259 1650 ride
1287 1602 1363 1649 111616
1385 1599 1509 1663 symona
1535 1599 1631 1649 aditam

269 1689 291 1723 a
315 1672 383 1722 1756
408 1689 425 1724 6
442 1675 504 1724 Phil.
531 1675 562 1725 66
581 1674 714 1723 Weistritz.
745 1689 768 1737 6.
790 1670 840 1720 286
860 1670 923 1736 sq),
950 1674 991 1735 qul
1015 1670 1069 1721 Gal.
1095 1673 1158 1737 Aug.
1182 1668 1250 1721 1588
1273 1669 1407 1721 Muttine
1430 1685 1492 1733 opus
1507 1670 1633 1732 Tyebauis

268 1746 384 1805 miserat,
404 1745 442 1793 bis
461 1745 551 1794 additis
569 1746 663 1794 verbis:
693 1743 777 1807 Tycho
796 1759 836 1793 me
855 1745 967 1808 rogarit,
987 1750 1015 1792 ut
1033 1758 1077 1792 suo
1095 1745 1194 1792 nomine
1214 1756 1231 1791 a
1247 1749 1274 1790 16
1291 1746 1417 1805 66161616,
1441 1756 1474 1791 66
1491 1754 1632 1806 6161611116.

268 1816 334 1866 11666
352 1819 431 1879 166616
451 1820 504 1878 ejus
522 1816 610 1865 librum
628 1815 754 1881 perlegere
778 1825 804 1865 61
827 1815 858 1863 66
877 1830 907 1863 66
931 1822 1001 1863 16616
1023 1814 1143 1877 judicium
1162 1812 1344 1877 Uraaiburgum
1367 1813 1401 1862 ad
1426 1826 1455 1862 sa
1471 1813 1631 1876 psmciibere.

269 1886 293 1935 is
312 1902 369 1936 1616
388 1887 449 1937 liber
466 1887 587 1951 peculiari
605 1888 711 1951 quodam
731 1887 832 1936 consilio
850 1888 955 1949 primurn
973 1892 1012 1934 est
1030 1886 1118 1944 661166,
1138 1886 1249 1950 (61661116
1267 1884 1374 1934 66666111
1390 1884 1521 1948 1613616161
1538 1884 1633 1947 primus

270 1965 295 2006 et
313 1959 399 2007 tertius
418 1958 493 2018 brevi,
512 1966 541 2006 61
560 1973 638 2021 66616,
659 1963 801 2021 sequentur.

339 2028 433 2088 Quibus
452 2028 598 2079 Maestlinus
617 2029 682 2078 breri
701 2035 757 2092 post
780 2027 935 2092 respondisse
958 2028 1069 2083 1166161,
1095 2041 1169 2091 quum
1194 2033 1275 2076 exstet
1300 2025 1410 2088 61666661
1429 2023 1502 2075 Gellii
1527 2024 1633 2088 epistola

267 2098 303 2161 (d.
325 2098 366 2147 19.
382 2099 449 2163 Sept.
465 2098 546 2159 1588)
567 2100 599 2149 66
618 2099 653 2148 M.
673 2100 742 2149 data.
763 2102 787 2148 ln
806 2113 856 2164 qua
874 2098 938 2147 11666
956 2098 1076 2163 legimus:
1096 2099 1253 2162 gratissimae
1272 2097 1332 2145 mibi
1349 2096 1450 2146 merant
1466 2096 1554 2145 literae
1571 2103 1631 2145 tuae

268 2179 294 2219 et
313 2171 465 2234 approbatio,
485 2172 526 2235 qui
540 2172 583 2219 tibi
596 2170 683 2219 librum
696 2169 832 2233 Tychonis,
851 2171 925 2218 amici
944 2171 1228 2232 6616166616611611611,
1247 2168 1347 2218 testaris
1364 2167 1472 2230 6166616.
1502 2167 1541 2225 Ut¹
1555 2168 1631 2215 611661

267 2242 390 2303 Tycbonis
410 2241 558 2291 desiderium
577 2255 727 2305 cognoscas,
751 2240 978 2289 transscribendum
997 2240 1042 2289 tibi
1061 2241 1131 2295 6611,
1159 2240 1224 2304 quod
1242 2254 1258 2289 a
1275 2253 1316 2287 me
1335 2240 1385 2287 suis
1404 2238 1480 2287 literis
1498 2238 1629 2302 flagitavit

266 2312 351 2361 Verba
370 2316 423 2374 ejus
442 2313 505 2362 baec
524 2320 598 2361 sunt:
616 2314 637 2361 si
657 2313 745 2360 misisti
763 2311 896 2361 Maestlino
915 2312 1003 2360 librum
1021 2324 1112 2368 meum,
1131 2318 1161 2358 ut
1178 2317 1203 2360 16
1222 2312 1311 2359 iecisse
1329 2324 1379 2359 non
1398 2310 1497 2365 dubito,
1516 2323 1585 2373 rogo,
1602 2315 1632 2357 ut

266 2384 300 2433 illi
319 2384 398 2447 prima
417 2387 548 2434 occasione
566 2384 673 2432 scribere
691 2383 750 2431 16116
775 2397 878 2446 meoque
906 2383 1006 2431 nomine
1030 2397 1133 2446 rogare,
1156 2382 1323 2431 6161166166
1350 2378 1394 2437 116,
1421 2394 1485 2444 quae
1511 2381 1630 2434 66116661.

267 2457 417 2504 senteutiam
435 2455 494 2504 mibi
514 2462 609 2503 mature
629 2460 687 2503 ante
706 2454 811 2503 hiemem
824 2469 867 2517 per
879 2453 965 2501 literas
977 2453 1118 2518 significare
1130 2468 1180 2501 non
1192 2453 1289 2517 6161611
1303 2451 1368 2500 16111.
1397 2447 1630 2511 (1166166666161.)

337 2525 424 2575 Ρ6666
442 2526 488 2574 1166
506 2525 561 2575 1666
580 2526 610 2575 66
629 2525 775 2588 'l'ycbons
794 2524 912 2573 addenda
930 2538 1068 2579 censemus,
1088 2524 1245 2573 6616116πί616
1271 2523 1313 2571 1116
1337 2526 1491 2576 astronomo,
1516 2522 1556 2585 qni
1573 2522 1629 2569 tun·

267 2598 386 2646 (lamenta
408 2599 471 2659 jecit
495 2599 608 2661 viamque
631 2598 728 2659 aperuit
754 2595 862 2658 Keplsro
886 2596 1083 2644 observationum
1108 2608 1209 2642 6661661
1234 2593 1477 2657 diligentissimam
1508 2592 1572 2641 mola
1597 2592 1630 2641 ad

267 2667 448 2716 emendandam
468 2669 651 2717 astronomiam.
690 2666 741 2715 Viri
760 2676 844 2715 autem
862 2665 927 2714 illius
945 2667 1029 2722 111616,
1049 2671 1090 2719 61,
1109 2665 1196 2729 quibus
1218 2664 1416 2720 destinauerit,
1436 2677 1524 2719 66666,
1541 2665 1630 2727 661666

266 2739 349 2787 multis
367 2739 434 2786 libris
453 2740 624 2787 astronomicis
642 2746 668 2787 61
685 2737 806 2786 historicis
824 2738 914 2786 iterum
932 2738 1067 2800 iterumque
1085 2737 1220 2798 repetitos,
1248 2735 1356 2798 pluribus
1375 2735 1467 2783 referre
1485 2749 1535 2782 non
1553 2735 1629 2782 risum

267 2817 314 2857 est.
345 2809 415 2858 Haec
434 2816 532 2859 tantum
551 2809 710 2859 Gessendo
729 2816 830 2858 auctore
849 2808 958 2869 adjicere
975 2807 1078 2870 6166611.
1107 2806 1192 2870 Tycbo
1213 2814 1289 2855 natus
1307 2812 1346 2855 est
1365 2805 1527 2868 Knudsurpti
1544 2819 1630 2854 mense

266 2880 397 2931 Decembri
424 2882 482 2930 anni
513 2878 595 2938 1516,
621 2888 692 2943 66116
714 2879 831 2930 0116116
853 2878 977 2935 Brabe,
1006 2879 1105 2927 domiuo
1128 2877 1309 2941 Koudetorpii,
1334 2877 1446 2926 16116116
1468 2875 1563 2925 Soania
1579 2877 1628 2933 titi,

266 2966 315 3001 non
341 2952 426 3015 procul
454 2953 486 3001 ab
509 2951 682 3016 Belsingborg.
719 2950 847 3000 Educatus
874 2958 914 2999 est
937 2949 1022 3012 Tycbo
1049 2964 1066 2999 6
1091 2956 1181 3013 patruo
1208 2949 1314 3013 Georgio
1339 2947 1431 2997 Brabe.
1467 2949 1541 2997 Anno
1562 2943 1628 2995 1559

265 3023 388 3081 11616166,
415 3020 484 3070 1562
504 3023 603 3085 Lipsiae
622 3023 699 3072 literis
718 3023 860 3085 artibusque
879 3035 980 3084 operam
1000 3020 1090 3077 dabat,
1109 3020 1154 3069 sed
1173 3018 1398 3084 cognoscendorum
1423 3019 1531 3068 siderum
1547 3018 1629 3068 stadio

265 3095 345 3158 magis
364 3094 508 3142 ducebatur.
538 3093 620 3153 Quum
639 3107 704 3142 anno
724 3090 792 3141 1569
807 3095 947 3156 Augustam
966 3107 993 3141 se
1012 3092 1166 3148 contulisset,
1186 3105 1242 3140 cum
1254 3091 1371 3140 iratribus
1384 3089 1520 3139 Hainteliis
1539 3086 1629 3151 (611616

266 3165 381 3217 6666616,
408 3164 486 3213 611616
505 3172 620 3213 66661616
639 3159 800 3227 Augustano)
820 3163 977 3211 observandis
996 3163 1113 3211 studebat
1130 3163 1262 3220 sideribus,
1288 3160 1403 3210 adhibitis
1421 3162 1483 3209 6666
1500 3161 1629 3210 subtilibus

266 3237 290 3283 in
310 3234 375 3284 bunc
395 3235 470 3283 finem
488 3235 664 3284 instrumentis.
702 3234 730 3283 lu
748 3236 855 3297 patriam
881 3248 993 3283 16161666
1019 3248 1084 3283 anno
1110 3232 1175 3283 1571
1199 3234 1231 3282 ab
1249 3232 1370 3282 61666616
1388 3231 1527 3282 81611666
1544 3231 1629 3281 Bilis

266 3305 365 3354 domum
384 3313 545 3368 opportunam
565 3306 597 3354 ad
615 3307 689 3370 sigua
706 3304 825 3353 coelestia
843 3305 998 3353 observanda
1015 3304 1135 3355 66661661
1154 3305 1263 3368 aceepit,
1289 3312 1316 3353 61
1333 3319 1400 3353 1111116
1420 3300 1488 3352 1576
1508 3305 1631 3353 maressii

265 3375 376 3438 Tychoni
394 3391 437 3425 rer
456 3375 555 3425 Dauiae
575 3376 713 3426 Fridericus
731 3374 754 3423 11
773 3376 879 3424 16661661
896 3375 1047 3427 Hueunam,
1075 3382 1104 3424 ut
1128 3377 1155 3425 in
1182 3391 1211 3425 66
1237 3376 1308 3440 quati
1336 3389 1437 3425 6666666
1464 3376 1630 3427 661166661166

267 3461 367 3510 operam
386 3447 466 3496 daret.
503 3446 561 3507 Qua
578 3462 636 3496 usus
655 3447 804 3495 liberalitate
824 3447 953 3495 constituit
977 3448 1002 3496 in
1027 3446 1109 3497 medio
1135 3461 1223 3510 campo
1248 3446 1408 3511 magnificam
1432 3460 1530 3503 arcem,
1556 3460 1630 3510 quam

266 3517 502 3583 Uraniburgum
520 3519 665 3568 nominarit.
694 3518 742 3567 Hic
760 3526 924 3567 commoratus
942 3524 982 3566 est
998 3532 1076 3583 usque
1095 3517 1128 3567 ad
1146 3532 1238 3567 anuum
1257 3514 1334 3576 1597,
1353 3518 1519 3567 instrumenta
1536 3515 1569 3567 ad
1586 3516 1628 3566 ob·

266 3588 414 3639 serrandum
438 3591 538 3639 summis
564 3590 681 3652 impensis
708 3587 862 3639 conficienda
885 3590 981 3638 curarit
1006 3586 1145 3653 (descripta
1160 3589 1225 3639 haec
1243 3590 1409 3639 instrumenta
1426 3588 1630 3652 deprehendimus

265 3662 290 3708 in
316 3660 434 3722 peculiari
460 3675 547 3724 opere,
573 3662 703 3724 inscripto:
733 3661 953 3711 astronomiae
982 3661 1184 3710 instauratae
1211 3658 1405 3709 Machanica.
1451 3659 1630 3723 Wandesburgi

268 3726 353 3783 1598,
377 3744 463 3779 recuso
481 3730 659 3795 Norimbergae
681 3728 786 3790 1602),
815 3732 947 3795 6166166166
971 3739 997 3780 61
1016 3732 1180 3781 calculatores
1199 3730 1320 3786 adscivit,
1345 3738 1472 3795 totumque
1490 3745 1517 3780 se
1536 3730 1630 3781 dedidit

266 3803 436 3851 astronomicis
454 3802 672 3851 observationibus.
701 3803 741 3852 De
758 3803 796 3851 his
815 3804 1026 3852 observationibus
1043 3803 1106 3851 haec
1125 3804 1177 3866 ipss
1192 3801 1266 3850 dicit:
1290 3801 1464 3866 quasLipsiae
1481 3804 1507 3852 iu
1524 3803 1630 3865 66611116

267 3873 368 3935 peregi,
395 3872 500 3935 66611166
525 3880 551 3924 61
577 3874 664 3924 dubias
683 3874 807 3937 appellare
825 3874 899 3924 soleo.
938 3873 1008 3935 Quas
1026 3888 1082 3923 1616
1101 3880 1188 3937 666166
1207 3874 1337 3937 Augustae
1356 3871 1541 3923 vindelicorum
1561 3880 1587 3923 st
1603 3874 1628 3922 iu

267 3942 352 3991 Dania
369 3945 461 4005 passim
479 3944 585 4007 adeptus
603 3959 665 4002 sum,
682 3945 824 4007 Juvsniliter
841 3951 868 3993 et
885 3946 1041 3994 mediocriter
1059 3960 1086 4001 66
1105 3945 1226 3994 babentes
1241 3958 1309 3993 1666.
1338 3943 1435 3994 Τ611166
1455 3952 1548 4001 autem,
1567 3958 1629 4009 quas

262 4014 420 4078 postmodum
438 4013 586 4081 Uraniburgi
604 4016 767 4066 6166666666
784 4016 831 4064 11116
850 4017 1018 4067 instrumentis
1036 4016 1161 4065 dimensus
1178 4030 1250 4076 6661,
1270 4014 1367 4071 viriles,
1387 4022 1456 4065 ratas
1475 4024 1502 4066 et
1521 4018 1626 4066 certissi-

269 4099 323 4135 mas
342 4085 439 4148 appello
459 4092 485 4134 61
503 4099 600 4135 censeo.

336 4156 398 4206 Inde
416 4157 449 4206 ab
467 4172 496 4206 eo
514 4167 632 4220 tempore.
651 4171 698 4221 quo
716 4158 816 4220 imperio
834 4158 927 4222 potitus
946 4165 984 4207 est
997 4157 1150 4206 Christianus
1164 4155 1200 4205 1v
1213 4153 1317 4217 (1588),
1337 4171 1376 4206 166
1389 4156 1522 4219 Tycbonis,
1542 4171 1627 4222 quam·

267 4242 341 4291 quam
359 4243 403 4291 661
420 4227 513 4292 aliquot
531 4243 610 4277 anuos
626 4230 723 4290 juvenis
742 4228 814 4289 hujus
833 4230 897 4293 regis
917 4230 1001 4293 gratia
1017 4228 1158 4294 gaudebat,
1185 4229 1276 4277 mutari
1294 4234 1320 4275 61
1338 4228 1389 4277 1651
1408 4235 1559 4292 coeperunt:
1585 4228 1627 4278 66-

267 4299 341 4348 116616
359 4298 461 4356 1661166,
479 4314 540 4363 quos
559 4314 589 4349 ex
607 4301 677 4365 regit
694 4300 865 4350 munificentia
883 4308 960 4349 autea
979 4301 1133 4356 obtinuerat,
1154 4301 1259 4349 existere
1277 4299 1470 4350 calumniatores
1489 4308 1515 4349 61
1532 4301 1627 4350 651166-

267 4378 369 4431 1616166,
388 4376 414 4418 61
432 4384 487 4419 cum
504 4372 557 4432 iam
575 4386 625 4420 non
643 4377 727 4434 posset
744 4386 775 4419 ex
792 4371 910 4420 reditibus
928 4373 1030 4434 propriis
1047 4378 1133 4419 tantos
1151 4378 1246 4419 sumtus
1258 4374 1389 4426 sustinere,
1407 4373 1545 4435 requirendi
1563 4371 1629 4435 apud

268 4446 363 4490 ceteros
381 4443 511 4504 patrocinii
531 4450 606 4506 atque
625 4441 688 4492 6666
707 4442 772 4490 66616
791 4441 901 4492 Uraniae
921 4441 970 4490 alio
987 4442 1175 4492 transferendae
1194 4444 1261 4505 cepit
1277 4442 1406 4492 6666111616
1425 4440 1598 4504 (1591-96),

339 4510 410 4571 Quae
429 4527 459 4561 eo
477 4527 554 4576 usque
572 4515 637 4576 typis
655 4513 819 4576 imprimenda
835 4514 943 4573 6616111,
962 4521 1036 4569 sunt.
1053 4520 1153 4576 praeter
1171 4513 1316 4576 opusculum
1334 4513 1365 4563 ds
1383 4513 1456 4563 Nora
1472 4513 1553 4565 Stella
1569 4515 1629 4563 anni

268 4579 338 4629 1572
358 4579 434 4646 (quod
452 4584 505 4646 ipse
522 4585 548 4632 in
566 4586 654 4647 maiori
666 4585 697 4633 66
710 4584 797 4634 eadem
816 4584 890 4633 stella
902 4580 1075 4647 opere'n'arrat
1093 4585 1246 4648 publicatum
1263 4585 1339 4634 161666
1357 4600 1423 4635 auno
1439 4583 1505 4633 1579
1526 4592 1629 4639 6616616

269 4650 301 4700 1).
315 4651 442 4710 Ρ1616666,
460 4653 579 4709 11616166,
599 4656 678 4719 ,quod
696 4655 794 4719 quidem
807 4670 867 4720 opus
886 4671 936 4704 non
955 4671 983 4705 66
1003 4656 1094 4714 animo,
1111 4658 1177 4704 utin
1189 4655 1314 4719 publicum
1328 4657 1490 4706 emittendum
1504 4657 1627 4714 ducerem,

270 4723 405 4775 amicorum
422 4724 511 4774 66116111
530 4725 748 4791 efflagitationibus
768 4741 797 4776 eo
816 4726 949 4791 impulsus,
968 4726 994 4776 16
1011 4727 1127 4792 quidquid
1147 4734 1198 4781 est,
1217 4726 1276 4776 mibi
1295 4742 1345 4777 non
1364 4726 1541 4789 satisfacit‚“),
1568 4742 1628 4791 opus

270 4793 301 4841 ds
320 4793 445 4844 Cometa
467 4797 527 4844 anni
553 4792 637 4853 1577,
666 4804 692 4845 61
719 4797 930 4861 Epistolarum
958 4798 1069 4848 collectio
1097 4794 1200 4858 (1596).
1238 4797 1301 4848 11166
1328 4800 1472 4864 inscriptum
1501 4808 1553 4849 est:
1584 4799 1627 4848 De

269 4862 375 4916 Mundi
392 4864 540 4916 aetherei
553 4865 798 4919 Recentioribus
810 4868 1044 4920 Phaenomenis
1056 4869 1131 4920 Liber
1148 4868 1280 4926 secundus,
1299 4870 1342 4935 qui
1359 4871 1542 4921 661-(1611161111
1554 4870 1627 4921 616116
