3609 5634
470 962 813 1067 tuorem
861 961 1282 1067 BENEVOLO

761 1162 801 1238 s.
854 1164 896 1238 P.
951 1164 998 1241 u.

290 1456 435 1577 collecta
452 1512 576 1594 Kepleri
590 1532 683 1597 opera
697 1532 752 1578 nos
767 1514 900 1579 edituros
915 1533 983 1579 esse
997 1514 1210 1597 promittentes
1229 1514 1305 1575 haec
1326 1508 1556 1594 praemisimus:

289 1619 406 1684 Gentes
428 1619 617 1683 humanitate
641 1620 779 1684 excultae
802 1622 882 1686 viros
907 1623 1046 1704 egregios
1069 1640 1127 1683 non
1151 1617 1353 1683 monumentis
1377 1623 1496 1679 tantum
1520 1635 1558 1677 ex

195 1745 268 1789 aere
292 1734 346 1789 aut
367 1725 466 1805 lapide
489 1726 646 1808 exigendis
669 1728 859 1792 honorandos
878 1736 1003 1810 putant3
1034 1728 1089 1790 sed
1122 1727 1160 1788 ab
1183 1726 1287 1789 inferis
1311 1730 1458 1787 revocant
1480 1740 1555 1804 pro-

193 1832 344 1913 ponendis
366 1833 418 1906 iis,
450 1852 526 1914 quae
549 1841 710 1913 gesserunt
731 1842 764 1895 et
787 1834 977 1916 evigilarunt,
1006 1835 1195 1915 virorumque
1219 1834 1256 1894 de
1280 1830 1414 1894 colendis
1438 1849 1554 1910 augen—
1599 1904 1604 1911 Ι

194 1936 303 2020 disque
322 1938 418 2002 literis
441 1939 517 2002 bene
541 1939 714 2003 meritorum
737 1942 910 2005 memoriam
937 1942 1075 2005 recolunt
1108 1939 1192 2004 libris
1225 1957 1326 2001 eornm
1350 1935 1554 2018 divulgandis.

194 2044 288 2126 Apud
312 2042 419 2109 Gallos
443 2046 562 2128 quidem
587 2053 618 2110 et
640 2047 758 2128 Anglos
774 2050 929 2130 Italosque
949 2049 995 2111 La
1009 2048 1115 2123 Placii,
1139 2045 1282 2122 Neutoni,
1308 2042 1440 2108 Galilaei
1464 2062 1557 2124 opera

194 2152 353 2234 magnifico
376 2160 533 2234 apparatu,
557 2152 770 2235 adjuvantibus
793 2152 978 2235 principibus
1002 2163 1033 2218 et
1056 2152 1229 2229 academiis,
1258 2153 1366 2215 iterum
1389 2151 1556 2232 iterumque

193 2259 278 2339 typis
300 2278 445 2340 expressa
467 2268 547 2324 sunt.
594 2261 696 2342 Atque
724 2259 889 2336 Germani,
922 2269 1034 2344 quanto
1066 2261 1167 2324 studio
1201 2266 1322 2322 nostros
1353 2257 1554 2321 recentiorum

183 2363 350 2427 literarum
373 2366 553 2440 conditores,
579 2375 691 2448 quanto
715 2368 827 2430 bonore
850 2367 933 2430 viros
955 2368 993 2430 de
1017 2368 1186 2430 excolenda
1215 2373 1305 2448 gente
1334 2364 1458 2428 meritos
1481 2380 1555 2444 pro·

194 2477 370 2554 sequantur,
395 2473 530 2536 collectis
545 2470 680 2549 Goethii,
697 2471 848 2549 Schilleri‚
864 2472 1018 2555 Lessingii
1038 2473 1222 2555 aliorumque
1237 2472 1377 2553 operibns
1392 2474 1554 2532 testantur.

286 2577 342 2640 Ille
366 2597 437 2640 vero
455 2578 632 2643 recentioris
656 2579 857 2642 astronomiae
881 2587 987 2644 auctor
1010 2587 1042 2644 et
1064 2580 1210 2649 conditor,
1231 2578 1315 2660 cujus
1334 2594 1441 2639 nomen
1460 2574 1489 2636 in
1504 2591 1556 2636 ore

199 2690 251 2747 est
274 2681 418 2761 omnium,
451 2685 616 2768 quicunque
639 2704 796 2768 corporum
820 2686 996 2751 coelestium
1017 2694 1134 2762 motus,
1165 2693 1206 2757 et,
1235 2705 1309 2768 quas
1339 2682 1388 2746 bic
1411 2681 1555 2763 sequitur,

197 2789 299 2871 legum
323 2790 514 2873 aliquatenus
536 2793 623 2874 gnari
646 2778 725 2868 suut,
750 2791 816 2875 pari
835 2793 936 2857 studio
955 2803 987 2856 et
1003 2793 1116 2858 honore
1135 2792 1274 2872 indignus
1292 2788 1460 2854 habeatur?
1483 2786 1554 2850 Mo-

196 2905 340 2960 numento
363 2897 481 2961 scilicet
503 2898 692 2963 Ratisbonae
715 2900 798 2963 lacto
821 2901 899 2964 satie
931 2900 1099 2963 consultum
1126 2898 1231 2963 honori
1253 2884 1446 2978 Repleri,
1471 2890 1552 2957 Ger-

197 3004 334 3067 manicae
358 3003 459 3085 gentis
482 3005 634 3085 dignitati,
659 3005 807 3070 desiderio
830 3024 943 3083 eornm,
970 3006 1019 3087 qui
1042 3006 1148 3070 literas
1170 3005 1277 3068 volunt
1299 3001 1366 3068 coli.

287 3110 332 3172 At
352 3110 479 3192 Kepleri
502 3130 608 3191 opera,
638 3122 703 3176 arte
737 3120 769 3177 et
791 3111 953 3194 multiplici
976 3112 1129 3190 doctrina,
1151 3108 1314 3176 meditandi
1338 3115 1370 3171 et
1393 3122 1554 3187 argumen-
1586 3142 1589 3149 ·

196 3215 282 3278 tandi
306 3216 486 3288 subtilitate,
510 3218 651 3282 dictionis
675 3219 786 3301 partim
808 3220 929 3301 politico
953 3220 1060 3284 ardore
1083 3216 1295 3283 incalescentis
1318 3212 1480 3296 elegantia,
1509 3211 1558 3274 se·

197 3322 280 3385 stivo
303 3322 405 3403 lepore
429 3324 607 3405 facetiisque
631 3325 771 3407 insignia,
796 3327 907 3390 libellis
929 3327 1010 3402 istis,
1035 3326 1084 3407 qui
1104 3334 1206 3390 nostro
1227 3343 1302 3387 aevo
1322 3324 1476 3386 literarum
1494 3317 1557 3381 sci·
1625 3346 1628 3349 ·

149 3450 151 3461 ¹
196 3428 270 3492 licet
292 3429 463 3493 amantibus
486 3432 739 3510 commendantur,
763 3434 963 3515 praeferenda
986 3452 1059 3495 sane
1083 3440 1154 3496 sunt
1177 3439 1209 3494 et
1231 3430 1328 3511 magis
1353 3428 1458 3521 digna,
1483 3444 1559 3507 quae

199 3534 400 3599 bibliothecas
424 3546 538 3613 ornent,
565 3546 597 3601 et
619 3539 692 3602 viris
715 3539 834 3603 illarum
856 3558 955 3603 rernm
978 3538 1122 3603 studiosis
1145 3538 1281 3620 aptiore,
1307 3555 1395 3619 quam
1419 3552 1479 3615 qna
1501 3531 1558 3592 du·

200 3642 298 3706 centis
321 3642 539 3726 quinquaginta
562 3645 648 3709 annis
672 3644 781 3708 abhinc
804 3643 931 3727 primum
955 3646 985 3708 in
1009 3648 1106 3709 lucem
1128 3643 1319 3728 prodierunt,
1350 3643 1447 3705 forma
1470 3654 1558 3700 man·

200 3749 318 3812 dentur.
364 3750 493 3813 Praeter
514 3751 629 3833 primas
652 3752 801 3815 editiones
825 3775 844 3815 a
866 3752 999 3832 Keplero
1028 3752 1094 3833 ipso
1125 3752 1282 3814 institutas
1305 3768 1365 3813 non
1388 3748 1475 3810 modo
1500 3762 1558 3804 non

200 3854 321 3918 collecti
343 3856 408 3937 ejus
431 3856 500 3920 libri
523 3877 576 3921 seu
601 3877 717 3935 omnes,
743 3879 796 3927 seu
819 3858 967 3939 potiores,
991 3859 1060 3933 sed,
1085 3859 1190 3939 paucis
1213 3855 1365 3938 exceptis,
1390 3873 1427 3915 ne
1451 3847 1559 3929 singuli

200 3962 321 4043 quidem
343 3962 440 4026 denuo
463 3972 533 4027 sunt
557 3965 637 4047 typis
660 3965 814 4044 exscripti.
848 3965 934 4028 Unde
955 3966 1077 4041 factum,
1101 3973 1135 4027 ut
1152 3965 1203 4027 vix
1225 3962 1287 4025 ulla
1305 3962 1347 4025 sit
1364 3956 1558 4028 bibliotheca,

200 4069 230 4130 in
255 4086 314 4150 qua
337 4088 442 4132 omues
466 4070 529 4150 ejus
553 4070 621 4134 libri
643 4071 841 4152 reperiantur.
1382 4068 1389 4083 “

289 4176 419 4239 Multum
446 4195 519 4239 sane
549 4195 658 4258 operae
685 4177 856 4259 laborisque
886 4178 1118 4241 consumendum
1147 4183 1213 4239 erat
1234 4174 1265 4237 in
1289 4167 1466 4252 colligendis
1489 4166 1558 4229 istis

203 4300 320 4365 quoquo
342 4300 448 4345 versus
471 4280 606 4364 disjectis
630 4282 780 4365 operibus,
804 4303 859 4347 nec
883 4283 942 4346 nisi
960 4284 1120 4348 multorum
1141 4299 1284 4344 annorum
1304 4278 1407 4343 labore
1426 4282 1459 4338 et
1473 4290 1557 4336 sum·

201 4390 282 4451 tibus
303 4406 354 4452 res
377 4388 416 4450 ad
439 4397 588 4463 eventum,
614 4408 700 4472 quem
720 4392 939 4473 exoptavimus,
964 4391 1095 4453 adducta
1114 4398 1170 4453 est.
1200 4389 1335 4451 Insumto
1357 4391 1457 4448 autem
1472 4388 1558 4444 tanto

202 4495 305 4558 labore
327 4494 510 4575 idegimus,
534 4505 586 4573 ut,
613 4497 750 4560 collectis
777 4497 825 4560 his
853 4497 993 4578 operibus
1024 4503 1057 4559 et
1079 4496 1107 4558 in
1133 4494 1258 4557 formam
1281 4494 1370 4574 hujus
1392 4488 1486 4553 seculi
1508 4486 1558 4550 in·

158 4596 161 4601 ’
202 4600 289 4681 genio
321 4601 419 4681 magis
451 4620 612 4684 congruam
645 4603 792 4681 redactis,
818 4603 885 4667 Viri
916 4610 1041 4684 propter
1067 4600 1174 4684 judicii
1206 4600 1406 4664 subtilitatem
1435 4603 1560 4659 aeterua

202 4706 344 4770 memoria
367 4705 449 4789 digni
473 4727 579 4772 nomen
605 4709 634 4772 in
658 4710 819 4774 illustriore
843 4716 1034 4772 monumento
1057 4726 1244 4789 poneremus.

290 4812 341 4877 Ad
363 4812 395 4876 id
418 4814 606 4878 efficiendum
629 4826 759 4898 quantae
783 4817 978 4880 difficultates
1002 4823 1033 4878 et
1056 4814 1269 4897 impedimenta
1291 4812 1406 4878 bomini
1427 4808 1556 4891 priuato,

202 4920 370 5002 splendidis
389 4920 507 4993 auxiliis
522 4921 678 4999 destituto,
703 4925 874 5005 superanda
892 4922 1017 4999 fuerint,
1042 4936 1128 4987 uerno
1147 4942 1205 4985 non
1225 4921 1386 5003 intelliget.
1420 4914 1557 4979 Vicimus
