3609 5634
315 360 359 429 23
909 364 1069 417 nam.

314 524 992 591 quodeflammlteinipeirctrpcmlcilibrieloca
1015 520 1666 589 ommnmffiatcmhic'arpretauoespltau:

313 595 380 645 unde
396 595 461 645 haec
478 594 594 647 Narratio
613 604 639 648 et
655 597 798 648 lincomisum
816 597 869 647 loco
887 599 967 647 brevis
984 598 1010 648 in
1028 597 1190 662 commitam
1208 596 1375 645 mmmsntarii
1392 596 1478 646 haberi
1494 602 1603 659 posunt

384 665 442 717 nne
461 681 552 718 caueae
570 675 628 719 runt
645 669 746 720 sotim
763 668 835 732 hujus
852 668 1016 725 Narrationis,
1035 685 1091 718 com
1108 668 1239 717 Boram
1258 667 1374 717 Enooono
1386 667 1492 717 Rbetici
1519 664 1559 715 Ne
1576 672 1666 715 men

314 744 400 788 nostra
422 752 517 802 qnoque
540 754 617 803 opera
638 740 712 790 hosca
734 740 797 790 hooc
813 741 911 791 &mlius
929 740 1093 805 consequendi
1111 740 1223 789 demet:
1247 740 1325 788 risum
1346 739 1393 788 tuit
1410 746 1462 788 tam
1480 738 1664 792 Narrationem,

314 823 388 872 qnam
406 809 565 867 Enoomium,
590 825 640 877 qna
656 811 708 861 heri
726 813 807 876 potnit
825 812 968 876 diligentia,
992 811 1116 877 reridere,
1141 818 1241 860 etcum
1264 811 1464 859 mutationibus
1486 807 1666 874 marginalibus

315 882 391 930 etiam
408 881 538 932 schemata
555 882 797 943 demonstrationum,
816 897 879 948 qnae
893 883 1014 934 Rheticns
1030 882 1097 933 hand
1116 882 1189 931 dubio
1207 888 1362 945 ιῃοωοηι,
1381 883 1468 931 sedin
1486 883 1550 945 typis
1567 879 1666 930 excusis

315 952 505 1015 exemplaribus,
529 954 613 1003 mucio
636 968 686 1019 qna
703 955 880 1019 incogitantia,
903 957 995 1004 omissa
1012 956 1121 1005 inerant.
1141 953 1240 1003 addere.
1278 952 1304 1002 Si
1322 967 1386 1017 qnae
1404 967 1460 1003 rere
1478 954 1504 1002 in
1521 951 1606 1002 iisdem
1622 948 1665 999 hia

313 1025 410 1087 scriptia
427 1038 444 1072 a
461 1037 534 1088 scopo
553 1031 635 1074 narro
654 1025 772 1075 alieniora
784 1025 922 1082 habentarr
942 1040 973 1076 ea
983 1026 1091 1089 prudens
1102 1025 1193 1074 Lector
1210 1039 1254 1073 sno
1264 1024 1326 1073 loco
1343 1025 1473 1089 relinquet
1501 1023 1584 1073 Nothi
1601 1036 1664 1071 oan-

314 1094 378 1144 doria
396 1108 451 1144 aare
469 1094 589 1153 duximus,
609 1098 685 1147 edam
703 1104 788 1147 cetera
804 1096 858 1154 illa,
876 1112 940 1163 qnae
957 1099 983 1147 in
1002 1097 1134 1161 exemplari
1152 1110 1218 1146 anno
1239 1092 1314 1144 154¹.
1341 1095 1457 1146 Baeticae
1475 1095 1550 1151 edito,
1568 1093 1663 1143 meani-

313 1180 385 1223 mus,
404 1181 460 1215 cum
477 1167 548 1216 titulo
567 1176 594 1218 et
611 1169 779 1232 praelatione,
797 1168 858 1218 licet
875 1168 908 1218 ad
926 1168 1085 1234 principalem
1102 1174 1212 1217 nochum
1229 1181 1330 1232 scopum
1348 1182 1398 1217 non
1416 1168 1539 1226 iacerent,
1558 1165 1665 1215 hdehtar

312 1236 440 1287 ”manda
458 1252 520 1287 aare

384 1307 526 1373 Optandam
538 1316 621 1359 mtem
634 1315 708 1366 uret
728 1309 840 1372 alteram,
857 1325 932 1374 qoam
951 1312 1078 1376 ahqnodas
1097 1310 1186 1360 author
1201 1309 1242 1359 hio
1258 1309 1395 1373 pollicetur,
1413 1308 1587 1359 limationem
1602 1322 1663 1373 qno·

314 1393 361 1443 qne
379 1381 494 1429 emissam
512 1380 602 1437 iulmee
628 1388 673 1430 aut
690 1382 711 1430 si
728 1380 812 1431 forsan
829 1383 922 1445 scripta
938 1382 1036 1447 quidem
1054 1384 1142 1441 luerit,
1168 1382 1213 1431 aad
1230 1380 1319 1431 ahcnbi
1338 1381 1469 1431 delitescat
1493 1376 1597 1441 (sibam
1614 1394 1663 1444 ego

313 1466 363 1500 non
381 1451 443 1508 ridi,
466 1466 514 1502 nec
533 1452 565 1502 ab
583 1452 630 1502 alio
648 1453 726 1502 risam
745 1467 775 1502 ex
792 1467 914 1516 quoquam
931 1452 1052 1516 intellexi)
1071 1455 1149 1503 rafim
1167 1460 1241 1507 aest.
1260 1466 1317 1501 eam
1333 1452 1431 1516 publice
1452 1452 1570 1502 atenim
1587 1464 1664 1513 quam

312 1523 338 1570 in
361 1522 450 1572 abditis
473 1523 649 1574 corrodendam
673 1524 747 1573 fineis
772 1526 882 1574 concedi.
920 1523 992 1585 Quod
1012 1527 1078 1577 idem
1103 1525 1133 1574 de
1152 1524 1340 1574 Commentariis
1358 1524 1454 1574 Erumi
1472 1521 1618 1573 Bheinholdi
1635 1523 1663 1571 in

313 1592 412 1643 medem
431 1593 559 1659 Coporuict
576 1595 649 1645 libros
667 1595 802 1659 optandum
820 1603 887 1656 erat,
912 1598 958 1646 nisi
976 1598 1108 1647 immatura
1126 1598 1179 1659 ejus
1197 1598 1240 1644 riri
1257 1609 1323 1644 mors
1340 1611 1400 1660 opes
1417 1595 1573 1651 inchoatum,
1591 1599 1620 1644 nt
1636 1600 1665 1642 at

311 1664 404 1715 multas
416 1665 479 1715 alim
487 1664 648 1731 Reipublicae
659 1666 855 1718 mathematicae
866 1668 1008 1718 ntilisaimas
1019 1668 1209 1719 lucubrationes.
1228 1666 1373 1730 ahropirset.
1400 1666 1447 1723 Tu.
1460 1665 1551 1716 Lector
1562 1665 1663 1729 optime.

248 1768 254 1773 -
311 1735 350 1786 hir
367 1736 456 1794 irnere,
475 1736 554 1787 donec
572 1743 651 1788 totam
669 1754 740 1788 snum
758 1737 893 1790 Uranicnm
910 1740 949 1789 vel
968 1740 1106 1790 Cosmicmn
1123 1753 1197 1804 opes,
1216 1740 1286 1800 cnjus
1303 1739 1343 1787 hio
1362 1738 1518 1788 Prodrom
1536 1737 1665 1797 habam

312 1805 441 1928 ἑίιοιρΙοτιιι1
452 1814 536 1928 αὕτη
553 1811 660 1860 emim
687 1809 761 1860 Vale
791 1812 882 1861 Aoum
893 1810 1024 1878 lhbingae
1041 1814 1068 1861 in
1082 1808 1186 1861 Musaeo
1204 1817 1296 1867 nom,
1315 1808 1431 1861 canta
1443 1808 1564 1861 Octobris.
1592 1810 1665 1858 Anne
1718 1800 1732 1819 ⁰

384 2019 551 2085 Kepleruc
569 2022 646 2073 literis
664 2021 844 2089 Maestllnisp.
864 2021 1178 2089 sepaparationem
1196 2024 1310 2074 modum:

401 2128 514 2209 Accepi
538 2130 643 2194 literas
667 2139 737 2193 tuas
761 2132 944 2214 Praeceptor
966 2131 1145 2205 clarissime,
1176 2139 1209 2193 ct
1235 2131 1389 2211 exemplar
1416 2113 1472 2192 urei
1496 2129 1663 2195 Prodromi.
1803 2182 1804 2219 3

315 2217 496 2299 Respondeo
525 2219 656 2282 breviter
683 2221 795 2283 omissa
826 2222 989 2285 honorifica
1015 2221 1242 2284 declamatione.
1292 2219 1424 2282 Primum
1456 2228 1557 2283 errata
1586 2239 1664 2299 quae
1691 2266 1694 2271 ,

313 2307 520 2383 animadverti,
545 2327 678 2390 quaeque
702 2330 821 2373 sensum
842 2311 974 2385 turbant,
1000 2311 1129 2391 adjunxi.
1167 2309 1201 2372 Si
1224 2310 1287 2372 fieri
1309 2316 1420 2389 potest,
1446 2309 1664 2389 subjungantur

313 2396 464 2474 opusculo.
509 2397 626 2459 Deinde
649 2400 686 2460 de
710 2396 775 2462 200
798 2400 1018 2482 exemplaribus
1048 2419 1172 2462 moneo:
1206 2399 1277 2479 qnia
1303 2397 1492 2479 typographo
1520 2416 1663 2478 expresse

313 2484 388 2561 dixi,
417 2504 475 2546 uon
497 2504 587 2566 posse
611 2507 658 2548 me
682 2489 734 2550 illa
757 2489 908 2570 accipere,
939 2490 998 2551 nisi
1021 2498 1091 2551 aute
1119 2489 1196 2551 diem
1220 2489 1343 2551 Martini
1369 2487 1544 2550 absolvatur
1567 2506 1662 2567 opus:

313 2592 371 2635 non
400 2574 503 2636 videor
531 2576 636 2637 teneri.
683 2576 716 2639 Si
740 2578 804 2657 jam
832 2579 1016 2658 accepissem
1047 2578 1246 2657 exemplaria,
1280 2576 1446 2659 potuissem
1474 2575 1502 2638 in
1533 2577 1661 2639 comitiis

312 2662 490 2725 distribuere
513 2665 591 2726 inter
612 2684 762 2746 proceres.
794 2668 915 2729 Nullam
939 2669 1066 2748 amplius
1087 2668 1181 2729 talem
1200 2666 1263 2729 scio
1282 2667 1480 2729 occasionem.
1513 2666 1564 2727 Ad
1586 2666 1661 2728 haec

308 2751 374 2830 jam
396 2770 484 2831 porro
509 2755 613 2815 venale
637 2757 694 2816 erit
722 2775 819 2819 meum
849 2758 1040 2837 opusculum,
1073 2777 1126 2818 nec
1156 2776 1211 2837 ego
1240 2775 1335 2817 novus
1364 2756 1492 2836 amplius
1523 2774 1574 2816 ero
1597 2774 1664 2817 cum

312 2841 386 2903 meis
410 2843 643 2922 exemplaribus,
672 2844 842 2926 bibliopolis
865 2846 1073 2910 invehentibus
1102 2847 1176 2921 alia,
1206 2855 1240 2908 ut
1268 2845 1387 2908 nimium
1416 2845 1472 2906 sim
1497 2844 1660 2906 habiturus.
1707 2858 1710 2863 ’

310 2930 428 2992 Vereor
451 2941 566 3003 autem,
595 2940 630 2993 ut
658 2932 686 2994 iu
712 2943 763 2996 tua
786 2954 916 3016 persona
939 2937 1078 3016 effugium
1102 2944 1236 3016 quaerat.
1283 2935 1317 2997 Si
1340 2944 1373 2997 tu
1396 2934 1424 2996 in
1448 2953 1541 2995 causa
1563 2953 1663 2995 morae

313 3019 406 3093 luisti,
429 3021 586 3099 promissis
609 3022 707 3096 stabo,
732 3024 758 3085 si
781 3024 831 3085 ille
855 3024 945 3086 aliter
968 3026 1120 3104 quiescere
1143 3024 1238 3086 nolit:
1263 3025 1397 3104 quamvis
1416 3042 1524 3103 cogere
1538 3041 1584 3084 me
1604 3041 1662 3084 non

310 3108 417 3189 possit.
451 3107 493 3169 Et
516 3111 682 3172 mehercule
707 3120 859 3174 metuont
882 3111 926 3177 50
945 3115 1048 3175 floreni
1071 3111 1136 3177 200
1151 3114 1369 3194 exemplaribus
1385 3112 1543 3176 sufficiant.
1576 3114 1662 3175 Hanc

211 3207 213 3213 ’
312 3196 405 3276 igitu'r
419 3216 482 3258 rem
495 3203 592 3260 totam
608 3200 661 3261 tibi
675 3202 826 3279 permitto,
853 3202 991 3283 quicquid
1010 3223 1078 3265 cum
1099 3203 1165 3283 ipso
1188 3211 1295 3283 pactus
1319 3190 1414 3264 amice
1438 3202 1540 3276 fueris,
1564 3209 1662 3263 ratum

312 3284 440 3346 habebo.
479 3286 568 3349 Alite
590 3289 663 3350 mihi
686 3289 765 3351 ultra
787 3287 831 3353 50
855 3292 1039 3372 exemplaria
1060 3292 1090 3353 in
1115 3290 1219 3374 Styria
1240 3311 1328 3372 porro
1352 3311 1410 3354 noo
1433 3311 1508 3372 opus
1532 3300 1590 3353 est.
1628 3289 1663 3353 Si

312 3373 421 3435 metuis
445 3381 479 3435 ut
501 3374 596 3455 ipsum
620 3378 764 3452 offendas,
789 3386 823 3441 et'
843 3380 897 3442 tibi
921 3381 1014 3455 obsis,
1039 3382 1154 3462 siquid
1178 3390 1296 3443 tuarum
1319 3400 1416 3443 rerum
1440 3382 1481 3443 sit
1503 3380 1663 3461 aliquando

313 3463 526 3540 excudendum,
551 3485 662 3528 excusa
684 3475 715 3529 te
738 3468 806 3549 ipsi,
831 3478 863 3531 et
885 3470 949 3532 sine
974 3490 1020 3531 me
1045 3490 1111 3533 cum
1135 3472 1199 3551 ipso
1219 3470 1340 3550 pacisci.
1377 3471 1456 3534 Nolo
1474 3470 1535 3531 tuis
1557 3470 1663 3531 obesse

312 3552 485 3615 commodis.
528 3556 611 3616 Ante
634 3557 780 3621 nundinas
802 3559 966 3640 paciscere,
991 3580 1026 3621 ne
1051 3569 1121 3640 post
1144 3580 1181 3622 ex
1205 3568 1313 3621 eventu
1336 3560 1531 3622 nundinarum
1555 3560 1591 3621 de
1615 3577 1662 3620 me

311 3647 438 3703 statuat.
485 3643 565 3705 Nam
592 3644 753 3708 insidiosus
781 3658 837 3710 est.
883 3648 1032 3712 Nuncium
1064 3668 1156 3711 onera
1187 3649 1407 3729 exemplaribus
1439 3650 1468 3710 iu
1498 3648 1598 3711 reditu
1626 3668 1664 3711 ex

311 3729 444 3804 Alsatia,
467 3741 555 3810 prout
577 3733 627 3796 ille
651 3754 730 3815 aqua
744 3738 790 3799 vel
806 3744 887 3799 terra
902 3739 1083 3800 descendere
1099 3736 1274 3813 decreverit,
1299 3751 1442 3819 quantum
1466 3739 1545 3800 ferre
1567 3738 1661 3800 volet.

314 3818 471 3882 -Etiam
493 3821 566 3883 illud
590 3828 641 3885 tuo
660 3823 773 3902 judicio
795 3828 947 3907 permitto,
972 3829 1042 3910 quid
1057 3848 1103 3890 me
1119 3828 1272 3908 Tubiugae
1297 3828 1395 3889 facere
1419 3828 1579 3890 honestum
1602 3827 1660 3889 sit:

313 3907 475 3988 cuicunque
490 3911 784 3992 exemplar-dandum
798 3936 914 3989 censes,
937 3918 1024 3992 dabo,
1051 3925 1082 3979 et
1101 3918 1166 3997 jam
1180 3918 1245 3979 dari
1259 3936 1314 3997 per
1328 3936 1411 3979 meos
1426 3916 1537 3979 amicos
1557 3917 1660 3997 jubeo.

313 3996 390 4059 Illud
414 3997 505 4061 etiam
530 4020 577 4062 me
605 4010 731 4082 gravat,
764 4014 832 4086 quo·
854 4005 950 4067 minus
978 4003 1044 4069 200
1067 4026 1122 4086 ego
1151 4025 1251 4067 emere
1278 4006 1409 4087 possim,
1441 4008 1518 4088 quod
1542 4006 1664 4069 Rhetici

193 4128 199 4135 ,
312 4086 446 4149 narratio
468 4089 598 4168 pretium
619 4092 750 4170 augebit.
795 4093 899 4156 Habes
924 4105 1113 4174 argumenta,
1137 4103 1169 4157 et
1191 4095 1286 4168 vides,
1309 4115 1447 4177 quorsum
1469 4097 1499 4158 iu
1524 4096 1663 4176 pactione

269 4202 272 4209 ⁴
312 4176 529 4255 respiciendum
557 4179 606 4241 sit.
651 4181 744 4244 Porro
776 4183 899 4246 nuncius
934 4184 963 4245 in
996 4185 1145 4246 mandatis
1173 4185 1283 4259 habet,
1318 4194 1352 4247 ut
1378 4183 1417 4246 12
1441 4187 1471 4249 fl.
1495 4184 1664 4266 Marpachii

313 4273 453 4346 acceptos
478 4268 556 4347 apud
578 4276 608 4330 te
633 4269 778 4351 deponat,
803 4280 834 4334 et
857 4273 921 4335 fieri
943 4281 1061 4352 potest,
1085 4282 1119 4336 ut
1139 4274 1265 4347 Lucius,
1289 4275 1430 4337 Decanus
1448 4275 1662 4354 Waiblingcn-

313 4354 371 4427 sis,
399 4356 490 4417 etiam
514 4358 624 4438 aliquid
648 4360 727 4439 apud
750 4369 781 4424 te
804 4362 951 4442 deponat,
981 4363 1010 4423 iu
1039 4384 1130 4425 causa
1157 4363 1209 4426 filii
1238 4364 1300 4439 sni,
1330 4365 1379 4445 qui
1402 4365 1450 4427 hic
1473 4374 1529 4427 est
1575 4363 1663 4444 Rogo

314 4445 467 4522 pecuniam
490 4446 573 4508 illam
594 4449 743 4529 tantisper
764 4452 934 4524 custodias,
959 4450 1027 4513 dum
1051 4453 1119 4534 quid
1143 4472 1181 4514 ec
1202 4453 1265 4514 fieri
1288 4455 1379 4516 velim
1409 4454 1586 4526 rescribam,
1611 4461 1664 4514 aut

294 4532 378 4611 ipse
406 4533 482 4596 forte
511 4537 647 4613 veniam,
674 4539 739 4601 Deo
767 4539 862 4603 vitam
890 4541 1047 4620 largiente.
1098 4540 1200 4604 Causa
1228 4543 1306 4604 enirn
1334 4563 1402 4604 mea
1433 4542 1663 4605 matrimonialis

313 4621 425 4700 pendet
447 4624 607 4704 injudicio
631 4628 845 4692 ecclesiastico.
893 4628 927 4691 Si
951 4631 1064 4704 solvar,
1097 4631 1230 4706 decrevi,
1258 4640 1292 4694 ut
1315 4653 1391 4694 nunc
1415 4633 1533 4713 quidem
1556 4632 1663 4704 liabeo,

315 4709 353 4770 ad
376 4729 431 4772 vos
458 4714 572 4776 redire:
601 4716 658 4777 nisi
687 4718 767 4780 eliud
794 4719 962 4782 suaseritis.
1008 4720 1052 4781 De
1076 4721 1222 4782 sumtibus
1253 4722 1439 4784 schematum
1462 4729 1545 4783 tuum
1568 4729 1600 4782 et
1623 4720 1662 4782 D.

314 4797 510 4863 Haienrelferi
533 4812 598 4866 esto
622 4805 767 4870 interme
791 4818 823 4870 et
844 4809 1063 4891 typographum
1086 4816 1229 4871 statuere.
1262 4810 1343 4872 Vale'
1362 4809 1409 4875 ct.
1432 4812 1459 4873 d.
1484 4819 1663 4894 praeceptor

234 4970 240 4979 θ
314 4906 419 4970 meque
443 4909 542 4952 amare
565 4912 667 4974 perge.
