3609 5634
314 374 354 441 to
899 378 1061 431 num.

310 537 513 602 Stadlerorum
535 546 761 621 praeceptorem
778 539 1070 601 commendaveram:
1090 538 1143 599 sed
1161 555 1226 600 cum
1241 538 1292 600 ille
1306 535 1563 619 impuratissima
1580 536 1676 593 eaact

311 631 349 690 ad
363 629 430 704 iter,
454 637 487 691 et
507 628 592 710 proin
615 629 706 690 etiam
729 628 1014 708 perturbatissimus,
1039 636 1153 691 mutato
1177 627 1301 690 oonsilio
1324 626 1435 688 tradidi
1450 624 1579 689 famulo.
1607 619 1675 682 Eat

310 727 409 780 autem
438 717 488 780 ills
517 736 601 781 meus
630 717 747 797 collega
774 717 939 780 eruditione
966 737 1060 799 aeque
1090 724 1179 799 atque
1207 736 1320 779 morum
1346 716 1536 795 praestantia
1568 728 1675 790 snpra

309 817 473 869 ceterorum
496 807 646 870 homiuum
669 814 793 868 sortem.
839 807 985 869 Memoria
1007 807 1187 886 prodigiosa,
1210 825 1301 867 aurea
1325 805 1425 878 dictio,
1450 804 1537 866 varia
1554 800 1672 863 scien·

308 895 360 971 tia,
380 896 523 976 judicium
541 896 651 969 foelix;
676 896 729 957 sed
745 894 861 957 animus
874 896 1027 976 perpetuis
1042 895 1120 958 curis
1135 913 1234 975 aeger,
1257 895 1365 969 tristis,
1380 895 1516 974 simplex,
1531 888 1673 953 nimium

308 994 438 1065 apertus.
486 982 602 1056 Quibus
626 985 663 1046 de
686 984 786 1047 causis
808 1002 865 1064 ego
888 1004 1017 1060 moveor,
1041 993 1076 1047 ut
1097 984 1153 1046 tibi
1174 984 1316 1064 privatim
1335 983 1472 1058 scribam,
1493 980 1580 1062 quod
1598 978 1672 1039 for·

308 1084 391 1135 tasse
409 1073 525 1154 publice
549 1074 685 1136 interest.
733 1072 845 1135 Vester
870 1073 923 1135 ille
950 1073 1093 1135 Hetlerus
1121 1073 1169 1135 hic
1196 1074 1225 1135 iu
1254 1090 1368 1134 summo
1396 1072 1506 1133 honore
1529 1068 1672 1131 habitus

309 1171 372 1224 cat:
393 1170 481 1242 atque
500 1163 531 1225 id
553 1181 645 1244 opera
662 1161 850 1242 potissimum
865 1161 1008 1241 Speidelii
1030 1163 1208 1224 secretarii:
1232 1164 1315 1243 cujus
1337 1162 1393 1222 viri
1417 1160 1478 1233 (sul
1500 1159 1579 1222 olim
1603 1174 1670 1236 po·

306 1251 434 1332 polaris)
462 1252 629 1314 authoritas
658 1251 702 1314 illi
734 1251 847 1313 aditum
873 1252 1020 1330 patefecit
1047 1252 1095 1312 ad·
1109 1251 1287 1332 praecipuae
1311 1249 1479 1312 nobilitatis
1505 1246 1668 1309 homines.

307 1341 511 1403 Veruntamen
533 1344 692 1422 postquam
713 1340 764 1403 ille
783 1340 859 1402 abiit
880 1341 968 1414 hinc,
992 1340 1162 1421 paedagogi
1182 1339 1302 1419 pristini
1324 1339 1432 1401 remoti
1455 1336 1669 1400 commisera-
1789 1421 1790 1426 γ

306 1430 385 1492 tione
415 1431 526 1492 suetum
554 1439 615 1505 est,
648 1439 682 1491 ut
708 1430 783 1492 haec
810 1430 875 1508 ejus
903 1430 1073 1510 negociatio
1102 1429 1139 1490 de
1167 1428 1322 1508 discipulis
1346 1427 1548 1490 adsciscendis
1576 1423 1668 1488 male

306 1519 408 1581 audire
430 1518 585 1598 inceperit.
630 1519 710 1581 Nam
723 1519 753 1580 iu
767 1518 901 1593 Austris,
926 1518 1030 1600 Styria
1045 1526 1076 1581 et
1090 1516 1248 1581 carinthia
1270 1516 1402 1596 suscepit
1424 1517 1550 1596 aliquos.
1590 1515 1668 1576 Ita·

306 1626 361 1688 qus
385 1608 429 1669 ita
451 1608 642 1688 interpretari
666 1615 828 1686 coeperunt
849 1607 1082 1671 calumniatores
1106 1607 1242 1687 quidam:
1267 1605 1353 1685 quasi
1376 1605 1455 1684 ipae,
1479 1613 1512 1667 ut
1530 1604 1667 1684 profes-

305 1698 381 1758 soris
399 1697 486 1772 lilius,
513 1696 551 1758 ad
573 1697 811 1777 amplificandam
830 1716 916 1759 suam
936 1696 1119 1759 academiam
1132 1695 1333 1770 descenderit,
1358 1695 1510 1757 auditores
1524 1692 1665 1773 conqui-

305 1785 409 1860 situm,
443 1804 565 1865 qnorum
588 1786 689 1866 iuopia
711 1787 801 1848 isthic
823 1786 1006 1866 premamini.
1053 1786 1119 1848 Huc
1150 1785 1281 1847 accessit
1307 1784 1404 1860 aliud,
1434 1784 1511 1863 quod
1534 1791 1665 1863 partem

304 1875 460 1949 nobilium,
493 1883 652 1955 perspecta
682 1875 869 1938 absurditate
892 1894 1005 1937 morum
1027 1875 1057 1937 iu
1081 1874 1203 1936 obtruso
1226 1881 1421 1955 praeceptore
1445 1872 1530 1944 (uam
1552 1871 1663 1934 Ride-

305 1964 374 2026 lium
397 1964 538 2026 Hetlerus
562 1965 628 2044 ipae
651 1965 793 2045 suscepit,
814 1983 891 2027 novo
906 1964 953 2026 hic
968 1964 1129 2043 exemplo),
1153 1964 1306 2045 poenitere
1329 1962 1403 2025 facti
1424 1962 1547 2041 incepit.
1589 1960 1664 2022 Neo

304 2053 416 2127 dubito,
440 2052 498 2115 nisi
521 2053 633 2134 aliquid
655 2054 831 2116 authoritati
850 2051 995 2134 Speidelii
1019 2052 1162 2125 dedisset,
1187 2060 1395 2114 revocaturum
1416 2051 1509 2113 luisse
1532 2068 1662 2111 omnem

303 2149 500 2205 contractum.
546 2140 633 2206 Nunc
655 2150 805 2222 parentes,
830 2143 880 2223 qui
903 2150 995 2204 antea
1017 2140 1063 2202 usi
1077 2148 1165 2203 eraut
1187 2142 1305 2203 homine
1328 2140 1568 2220 elegantissimo,
1595 2156 1661 2200 no-

303 2231 380 2303 mine
412 2238 444 2293 et
470 2249 502 2292 re
523 2230 648 2298 urbano
680 2231 860 2310 (cujusmodi
886 2231 1007 2293 minime
1031 2237 1079 2291 eat
1101 2229 1255 2300 Ridelius)
1285 2230 1316 2290 in
1344 2230 1475 2291 maxima
1503 2228 1551 2290 hle
1581 2234 1662 2289 sunt

305 2319 521 2387 sollicitudine.
546 2320 615 2400 quid
639 2321 675 2382 de
698 2321 754 2382 hac
777 2319 891 2381 lubrica
913 2318 1101 2381 institutione
1124 2321 1253 2381 futurum
1270 2318 1321 2381 ait.
1368 2316 1456 2389 Quod
1479 2317 1506 2379 ai
1529 2316 1661 2398 gravior

304 2408 405 2489 aliqua
428 2410 550 2491 querela
572 2416 625 2471 aut
647 2409 684 2471 de
706 2417 900 2490 praeceptore
931 2408 995 2488 (qni
1018 2407 1137 2470 minime
1165 2407 1236 2470 mihi
1264 2416 1353 2487 aptus
1376 2408 1495 2469 videtur
1523 2407 1563 2468 ad
1596 2406 1660 2467 hoc

303 2498 446 2573 officium)
470 2504 523 2561 aut
546 2498 582 2559 de
606 2497 733 2579 hospitis
750 2498 868 2560 Hetleri
890 2497 1056 2559 tenacitate
1076 2497 1169 2578 (qnod
1191 2500 1306 2569 metuo)
1329 2496 1461 2559 existat:
1486 2504 1587 2558 actum
1604 2502 1660 2556 est

206 2650 209 2659 ,
302 2587 349 2649 hic
373 2587 410 2648 de
434 2587 514 2649 fama
536 2587 718 2649 academiae.
765 2583 895 2657 Quidam
918 2586 996 2648 enim
1018 2603 1173 2665 procerum
1190 2586 1258 2648 odio
1279 2584 1444 2648 Suevomm
1464 2584 1656 2666 quorundam

303 2676 339 2737 de
362 2675 430 2755 ipsa
453 2676 545 2739 etiam
568 2677 724 2738 academia
747 2693 804 2736 uon
827 2675 902 2737 bene
927 2674 1069 2737 sentiunt.
1120 2672 1209 2746 Quod
1237 2674 1262 2736 si
1291 2682 1325 2736 tu
1355 2692 1527 2755 quacunque
1556 2672 1589 2734 in
1620 2691 1656 2735 re

302 2765 349 2826 vel
371 2772 596 2844 praeceptorem
622 2765 817 2838 admonendo,
840 2765 888 2826 vel
912 2764 1000 2827 aliter
1022 2771 1176 2843 praestare
1200 2764 1270 2843 quid
1289 2771 1392 2844 potes:
1417 2763 1447 2824 id
1462 2780 1547 2824 omne
1561 2761 1656 2823 cedet

305 2853 334 2914 in
358 2853 498 2916 honorem
521 2854 702 2917 academiae.
748 2853 849 2915 Velim
869 2872 906 2915 ex
920 2853 1057 2934 Zieglero
1076 2852 1178 2933 capiat
1198 2853 1297 2914 ideam
1316 2852 1520 2932 praeceptoris
1542 2851 1654 2931 hujus-

307 2941 395 3004 modi.
441 2941 539 3005 Venio
569 2942 662 3023 igitur
688 2943 727 3004 ad
749 2952 940 3023 praesentem
962 2942 1147 3008 studiosum:
1171 2942 1219 3022 qul
1242 2942 1290 3003 hic
1310 2942 1434 3003 honeste
1457 2939 1542 3013 vixit,
1568 2949 1601 3001 et
1620 2940 1654 3001 in

197 3062 202 3071 ·
307 3031 458 3094 exercitiis
481 3031 686 3105 scholasticis,
709 3032 887 3111 praesertim
910 3029 1174 3094 declamationibus
1197 3030 1323 3111 poeticis
1348 3031 1462 3111 aliquot
1484 3030 1655 3108 specimina

307 3119 410 3182 edidit
457 3118 532 3183 Oum
554 3119 646 3201 igitur
668 3121 707 3182 ad
729 3138 784 3181 vos
808 3121 943 3196 accedat,
967 3128 1109 3199 capturus
1132 3120 1296 3182 uberiorem
1315 3120 1443 3200 aliquem
1457 3118 1567 3199 ingenii
1581 3117 1653 3179 cul-

305 3217 384 3282 tum3
415 3209 552 3271 existimo
580 3229 638 3271 nou
663 3209 816 3288 indignum
843 3228 930 3277 esse,
964 3210 1013 3290 qui
1041 3216 1092 3270 tuo
1121 3209 1222 3270 favore
1246 3209 1275 3269 in
1298 3207 1533 3288 promotionibus
1558 3215 1652 3286 atque

305 3297 470 3377 ubicunque
486 3297 557 3359 alibi
571 3298 752 3360 sublevetur.
799 3296 860 3359 Sed
884 3298 923 3359 ad
945 3315 1018 3358 rem.
1065 3294 1212 3359 Secundis
1225 3298 1322 3360 literis
1336 3297 1467 3377 promisi,
1492 3315 1538 3357 me
1552 3294 1653 3375 prima

307 3385 463 3448 occasione
496 3386 653 3449 missurum
674 3386 857 3465 integrum
880 3385 1097 3465 opusculum.
1142 3385 1235 3465 Atqui
1262 3388 1388 3449 necdum
1416 3386 1489 3449 illud
1514 3384 1651 3457 absolvi3

305 3475 422 3538 videbis
446 3476 523 3538 enim
546 3475 595 3537 ubi
618 3475 772 3537 haeream:
801 3482 833 3537 et
862 3474 1033 3554 insperatus
1058 3473 1152 3555 ipsius
1174 3475 1289 3538 Wuruii
1318 3476 1417 3537 abitus
1444 3482 1578 3553 ternpore
1601 3491 1651 3534 me

303 3564 451 3641 excludit,
485 3564 655 3647 quominus,
686 3583 762 3644 quae
792 3563 911 3644 scripsi,
942 3563 1093 3642 descripta
1116 3565 1154 3625 ad
1177 3572 1207 3626 te
1231 3565 1351 3626 mittere
1369 3564 1492 3643 possim.
1539 3560 1650 3625 Sumus

305 3652 394 3732 igitur
417 3673 528 3725 eornm,
552 3672 628 3735 quac
651 3651 856 3733 dysuparpqsu
878 3660 957 3724 suut,
980 3652 1101 3714 brevem
1125 3672 1278 3715 summam.
1325 3653 1414 3716 Initio
1439 3653 1553 3734 aliquot
1576 3651 1648 3713 the-

305 3741 386 3804 sibus
411 3743 446 3805 de
470 3740 572 3805 Sacris
597 3742 691 3803 literis
715 3760 789 3821 ago:
813 3750 846 3803 et
868 3742 1049 3814 demonstro,
1073 3742 1218 3822 quomodo
1243 3743 1330 3805 simul
1349 3749 1381 3803 st
1395 3742 1454 3804 illis
1468 3763 1523 3804 sua
1536 3740 1648 3802 autbo-

305 3830 380 3892 ritas
403 3839 530 3905 constet,
556 3839 709 3893 ettamen
734 3828 925 3912 Gopernicus‚
950 3831 976 3891 si
1000 3830 1089 3892 aliter
1112 3839 1313 3893 consentanea
1337 3832 1427 3904 dicat,
1452 3850 1489 3913 ex
1512 3831 1573 3893 illis
1596 3847 1648 3890 re-

305 3919 395 3982 futari
417 3938 475 3982 non
498 3919 605 3999 possit.
650 3919 767 3981 Deinde
791 3929 854 3983 tres
877 3921 969 3981 affero
993 3918 1135 3993 rationes,
1159 3919 1264 4000 quibus
1284 3929 1382 3982 motus
1397 3939 1515 4001 semper
1529 3917 1647 3999 Ceper-

304 4008 370 4070 uico
393 4009 589 4072 adhaeserim.
634 4009 736 4071 Prima
763 4017 812 4071 eat
838 4008 1058 4071 astronomica:
1088 4008 1138 4070 ubi
1162 4007 1222 4070 illis
1245 4009 1428 4092 respondeo,
1462 4009 1510 4089 qui
1535 4008 1647 4081 dicunt,

304 4117 342 4159 ex
366 4099 442 4161 falso
465 4098 613 4161 interdum
635 4098 719 4178 sequi
742 4115 859 4161 verum:
883 4097 974 4176 igitur
996 4096 1058 4159 lieri
1082 4114 1182 4176 posse,
1206 4104 1240 4158 ut
1263 4096 1446 4177 Oopernicus
1470 4099 1577 4160 falsum
1590 4114 1647 4176 po-

304 4194 370 4264 nat,
401 4189 458 4249 etsi
482 4207 519 4249 ex
541 4187 593 4249 illo
616 4205 718 4250 verum
739 4186 936 4265 pulcherrime
961 4187 1156 4248 demonstret.
1202 4186 1267 4267 Ego
1292 4187 1414 4266 negavi,
1438 4187 1494 4248 hoc
1518 4187 1563 4248 ita
1584 4183 1647 4248 lieri

304 4295 403 4356 posse.
450 4276 557 4339 Altera
580 4285 627 4338 est
648 4275 780 4358 physica,
807 4275 856 4337 ubi
877 4275 1029 4354 promitto,
1054 4294 1099 4336 me
1123 4282 1218 4336 totam
1237 4276 1344 4337 molem
1358 4276 1568 4356 hypothesium
1583 4272 1645 4338 Co-

303 4366 529 4445 peruioauarum
552 4373 736 4427 exusturus
759 4363 890 4426 fontibus
915 4365 1001 4441 longe
1025 4364 1135 4425 rectius
1159 4371 1249 4444 atque
1277 4366 1472 4438 contrarium,
1503 4365 1646 4427 defensu-

305 4473 377 4517 rum.
424 4453 527 4516 Tertia
549 4461 597 4515 est
618 4462 688 4516 tuus
711 4453 761 4515 ille
785 4460 904 4513 cometa
918 4453 1074 4514 Venereus
1087 4448 1122 4523 ⁸).
1168 4452 1225 4514 His
1247 4453 1421 4534 praemissis
1444 4454 1483 4515 ad
1496 4454 1563 4534 ipsa
1576 4471 1644 4515 cor-

304 4561 377 4622 pora
400 4542 519 4605 accedo.
566 4541 739 4624 Syllogismi
762 4542 912 4622 generalis
935 4541 1014 4602 idem
1044 4540 1161 4621 quidem
1187 4542 1348 4617 intentum,
1383 4543 1437 4604 sed
1466 4544 1556 4624 paulo
1584 4541 1646 4604 alia

308 4632 409 4708 verba,
434 4651 523 4714 quam
539 4631 605 4712 jarn
627 4632 719 4711 leges.
766 4630 921 4705 Videmus,
945 4630 1041 4691 Deum
1064 4648 1183 4692 creasse
1206 4649 1330 4711 corpora
1353 4632 1501 4694 mundana
1523 4631 1562 4693 ad
1575 4650 1643 4694 cer-

304 4731 367 4783 tum
390 4739 551 4783 numerum.
596 4721 744 4784 Numerus
772 4727 871 4780 autem
901 4728 949 4780 est
976 4719 1154 4798 quantitatis
1178 4719 1332 4793 accidens,
1364 4721 1645 4801 nnmemsjinqnan

305 4811 335 4873 iu
360 4810 477 4872 mundo.
523 4809 602 4871 Nam
624 4817 695 4870 aute
718 4808 858 4870 muudum
880 4807 978 4869 nullus
1001 4814 1067 4869 erat
1080 4826 1218 4869 uumerus
1232 4816 1353 4887 praeter
1367 4810 1542 4884 trinitatem,
1567 4828 1644 4890 quae

306 4906 354 4962 eat
375 4899 440 4982 ipse
463 4898 556 4963 Deua.
603 4896 702 4969 Quare
735 4896 762 4959 sl
793 4897 832 4959 ad
860 4914 1046 4963 numerorum
1073 4914 1240 4961 mensuram
1267 4911 1316 4961 est
1342 4899 1480 4965 conditus
1509 4899 1643 4973 muudus,
1687 4892 1690 4905 '
