3609 5634
237 331 311 449 ‘302
670 384 1180 450 Ltmsqtursumqseueuse

245 543 1062 610 emmdmmmuotumlterummsniriottigiue
1100 541 1604 610 Suiesisdl‘rineipemqusetumo

245 617 320 664 nunti
338 621 364 665 et
380 629 445 679 quae
463 629 510 681 ego
527 617 626 667 omnlno
644 615 775 668 rediendo
791 615 858 666 duri
895 614 1002 666 Summa.
1023 620 1091 666 eret:
1122 615 1223 682 globum
1246 617 1328 666 ninus
1350 618 1445 679 Jmtum
1467 630 1515 667 nec
1540 615 1604 666 ιώ

246 686 387 743 artificiose,
405 688 447 750 qni
464 688 545 737 loturo
564 688 631 751 operi
648 687 797 750 respondere
809 687 895 751 possit,
915 686 1055 736 coniectum
1068 700 1131 736 esse.
1169 685 1302 736 Stellarum
1320 693 1347 737 et
1357 688 1495 753 imaginum
1507 686 1602 752 figuras

245 773 293 807 uon
312 759 375 807 boue
393 771 421 807 se
439 756 544 815 hsbere;
563 759 629 808 unde
647 760 785 822 quicunque
802 759 908 822 primurn
927 757 1081 821 adspexerit,
1100 757 1190 807 nullius
1208 759 1329 808 momenti
1345 765 1426 808 totum
1443 773 1504 822 opus
1524 757 1603 807 suo·

245 829 332 884 ruebit,
352 827 459 877 offensus
478 830 602 892 reprimo
620 830 721 885 intuitu,
740 844 771 878 ex
789 831 861 891 cnjus
874 829 1029 892 apparitione
1047 828 1078 878 de
1091 829 1180 878 ceteris
1198 830 1244 892 ipsi
1262 829 1309 884 bet
1321 829 1450 892 judicium.
1485 828 1514 879 si
1533 843 1558 878 n.
1579 829 1606 876 in

245 900 357 964 parergis
374 914 425 948 non
442 899 515 948 modo
533 899 603 950 nulls
619 900 759 964 elegantia,
778 901 823 950 sed
840 901 956 964 ingentes
974 902 1047 949 neeri
1064 901 1128 956 sint,
1153 899 1212 964 qm'd
1230 900 1262 950 de
1280 901 1332 965 ipso
1351 892 1426 967 ἔργῳ
1444 899 1604 950 sentiendum

173 1003 177 1010 -
244 968 361 1034 pntsbitl
378 967 425 1021 dte.
461 970 553 1020 Addidi
571 976 663 1028 anum,
682 978 716 1031 te,
734 972 757 1021 si
774 972 820 1021 tibi
832 972 904 1035 copie
921 970 1000 1028 fieret,
1019 985 1070 1020 non
1087 970 1159 1022 modo
1177 972 1305 1036 promissa,
1324 972 1369 1021 sed
1386 972 1511 1036 promissis
1529 971 1603 1034 plura

245 1047 374 1104 praestare
392 1040 455 1090 velle
472 1043 628 1105 promisisse,
647 1056 711 1107 quse
730 1049 815 1091 temen
839 1043 930 1090 absens
948 1056 998 1090 non
1016 1042 1094 1106 possis
1113 1040 1158 1091 duc.
1195 1040 1238 1092 lle
1257 1057 1315 1108 ergo
1334 1041 1399 1092 Cels.
1419 1043 1494 1106 ipsius
1512 1040 1603 1090 hnmil-

244 1112 301 1161 lime
320 1114 488 1170 committere.
516 1120 598 1164 utrum
623 1113 656 1163 ad
673 1112 851 1177 perficiendum
876 1112 901 1161 id
921 1126 981 1174 opus
1000 1127 1049 1162 nou
1068 1113 1202 1162 consultius
1219 1114 1326 1176 judicet,
1354 1120 1384 1164 ut
1401 1127 1473 1163 omne
1496 1112 1524 1163 ii
1541 1119 1605 1161 tuas

246 1184 365 1246 potestati
384 1184 549 1234 concredatnr
566 1181 611 1233 &c
632 1211 665 1222 -
684 1183 783 1234 Literas
801 1183 1045 1233 tuwlubeunsdme
1068 1186 1202 1244 misissem,
1231 1185 1276 1235 sed
1298 1193 1328 1234 ut
1350 1178 1465 1248 superiori
1491 1190 1605 1247 tempore

245 1254 344 1318 scripsi.
368 1255 508 1318 personalis
525 1255 570 1306 ille
586 1270 627 1306 me
645 1254 821 1319 impedierunt,
850 1270 898 1308 neo
916 1255 1015 1319 quidem
1032 1255 1076 1304 illa
1093 1261 1147 1305 tsru
1164 1255 1252 1318 isu'le,
1275 1263 1304 1306 ut
1321 1255 1388 1306 nuuc
1406 1257 1457 1312 eis,
1477 1255 1604 1306 αδδιδι-ιη’

246 1327 400 1389 potuissent;
428 1325 500 1389 pluro
517 1342 543 1376 n.
562 1335 620 1376 sunt
643 1326 744 1377 ethius
762 1326 820 1376 inde
838 1325 957 1390 dispersa.
994 1325 1045 1376 Sed
1068 1340 1108 1376 res
1131 1327 1195 1377 bene
1219 1326 1304 1378 babet
1340 1326 1396 1377 Hoc
1414 1341 1439 1376 n.
1459 1339 1604 1391 responsum
1653 1361 1659 1368 -

244 1402 301 1460 post
318 1396 400 1460 plures
417 1396 585 1448 hebdomades
604 1398 698 1462 accepi,
717 1398 782 1463 quod
800 1398 833 1447 sd
851 1395 951 1448 terbum
970 1397 1109 1447 describere
1128 1397 1201 1447 solui.

234 1498 241 1519 ²
341 1518 415 1572 Von
445 1521 571 1572 Gottes
601 1520 747 1572 Gnaden
777 1521 981 1571 Friederlcb
1011 1519 1148 1586 Herzog
1178 1534 1218 1569 su
1246 1519 1500 1585 wassemberg.

475 1591 604 1642 Vnsern
626 1592 704 1642 (irus
723 1607 819 1642 curor
836 1591 986 1642 Ersamer
1004 1591 1062 1642 rud
1080 1592 1189 1642 lieber
1208 1591 1378 1641 Getrewer.

313 1679 367 1732 wir
390 1681 472 1732 baben
497 1694 579 1730 swern
608 1681 803 1746 vndertlronigeu
830 1680 933 1732 Dericbt
957 1695 1045 1744 regen
1070 1680 1114 1730 des
1138 1695 1185 1730 von
1208 1679 1243 1731 M.
1270 1681 1295 1732 J.
1317 1679 1442 1745 Kapplero
1466 1679 1603 1743 professore

242 1751 425 1802 Mstbemstnnr
453 1766 484 1801 su
509 1751 601 1801 Graets
628 1753 808 1818 augegebneu,
839 1752 900 1804 aber
924 1768 979 1802 rom
1002 1751 1177 1803 Goldscbmied
1203 1753 1241 1802 nit
1264 1755 1317 1817 just
1341 1752 1500 1815 rericrtigten
1522 1750 1603 1814 operis

198 1842 216 1863 ν
243 1824 420 1883 Astronomici,
449 1822 510 1873 alles
527 1821 619 1872 iubalts
637 1823 687 1872 rud
704 1823 843 1874 sonderliclr
862 1823 954 1873 daraus
971 1823 1065 1888 gntdig
1083 1837 1249 1878 rernommen.
1276 1837 1328 1872 vas
1347 1822 1411 1872 eucb
1429 1822 1546 1885 besagter
1564 1818 1602 1869 sl.

244 1893 355 1957 Keppler
377 1893 441 1943 eben
460 1893 497 1943 dis
515 1894 608 1944 werck·
626 1894 717 1944 hstbeu
735 1893 784 1944 rnd
802 1896 848 1943 vie
868 1893 901 1943 Er
919 1896 965 1945 des
982 1894 1131 1958 veriertigen
1142 1893 1213 1942 ville
1231 1893 1432 1959 rngescbrieben.
1468 1890 1529 1941 Vud
1545 1891 1602 1941 veil

244 1966 289 2015 sir
305 1979 350 2015 rns
374 1964 439 2016 nocb
456 1966 495 2016 nit
512 1965 646 2030 ellerdiugs
665 1979 710 2015 ans
729 1965 825 2015 solcher
842 1966 896 2015 sein
915 1966 1034 2031 Keppleri
1052 1966 1170 2030 meinung
1188 1964 1355 2016 ruterricbten
1375 1964 1483 2018 konnen.
1503 1964 1536 2014 iso
1555 1979 1599 2013 rn-

243 2050 283 2086 ser
300 2036 422 2101 gntdiger
439 2035 564 2094 Beselch,
592 2035 618 2085 lr
635 2036 718 2086 wellet
736 2036 788 2086 lme
811 2036 915 2087 darumb
942 2036 1104 2087 snsobreiben
1131 2036 1180 2085 rnd
1202 2038 1275 2087 einen
1300 2036 1480 2101 specificierten
1498 2033 1603 2083 Der-ioht

242 2106 363 2170 begeren,
391 2121 442 2156 vas
461 2105 573 2156 sudwic
592 2107 625 2156 Er
648 2108 685 2156 dis
703 2107 779 2158 Wcrls
802 2107 873 2157 recht
898 2107 1060 2158 msuricbten
1079 2107 1229 2164 rorbabens,
1257 2108 1322 2158 euch
1340 2107 1434 2157 welche
1452 2113 1533 2156 motus
1552 2105 1602 2154 rnd

241 2178 288 2226 vie
308 2192 334 2227 er
351 2177 458 2228 dieeelbe
477 2178 562 2228 derein
580 2179 683 2243 bringeri
702 2178 780 2227 edile
817 2179 931 2229 Alsdann
949 2178 1080 2246 gedeuken
1099 2180 1204 2228 viroris
1223 2179 1304 2229 iernen
1322 2193 1354 2227 su
1369 2178 1524 2228 resolvissen.

350 2247 444 2298 Datum
463 2248 578 2314 Stutgart
595 2249 620 2299 d.
641 2246 682 2298 18.
701 2249 800 2313 Aprilis.
1156 2250 1264 2300 Belth.
1291 2250 1491 2314 Eirengreirc

313 2352 351 2403 Ex
368 2353 416 2403 boc
434 2354 553 2404 msndnto
571 2351 655 2416 (cnjus
672 2355 749 2420 verba
766 2369 823 2404 cnm
841 2355 988 2418 scripserim,
1007 2369 1108 2405 sensum
1125 2360 1179 2405 tute
1197 2357 1324 2419 percipere
1342 2353 1424 2420 potes)
1445 2354 1529 2412 rides,
1549 2368 1602 2402 rem

244 2425 325 2475 denno
343 2425 369 2474 in
388 2426 512 2490 integrum
529 2431 609 2475 totam
631 2427 772 2475 metitutsrn
795 2439 859 2475 esse.
897 2424 1062 2476 Occasionem
1085 2440 1143 2490 ergo
1166 2426 1244 2476 habes
1266 2427 1345 2478 telem
1367 2427 1400 2476 ιδ
1424 2427 1494 2477 issitie
1519 2426 1602 2476 dune

215 2515 220 2518 ·
243 2497 325 2546 ordiri.
361 2494 439 2546 Vides
457 2503 550 2546 metum
569 2498 600 2547 de
618 2498 739 2546 sumtibus
756 2510 802 2546 nos
820 2496 968 2555 declinasse,
988 2503 1014 2547 et
1032 2512 1085 2547 rem
1104 2512 1202 2546 ornnem
1220 2497 1398 2548 bene-habere.
1435 2497 1516 2546 Tuum
1532 2503 1602 2546 nuuc

243 2575 290 2624 est,
308 2567 392 2616 uthis
410 2569 518 2617 monitus
535 2573 606 2617 tuam
624 2583 722 2617 omnem
739 2568 899 2624 sententiam,
917 2576 1027 2618 mentem
1045 2574 1072 2617 et
1090 2570 1200 2618 animum
1217 2569 1249 2618 de
1267 2570 1377 2626 inreuto,
1397 2568 1428 2618 de
1441 2568 1602 2631 dispositione

243 2640 344 2699 orbium,
365 2638 395 2690 de
413 2640 520 2689 motibus
539 2646 565 2689 et
581 2640 692 2702 inprimis
711 2638 742 2688 de
755 2638 826 2687 modo
836 2639 990 2701 perficiendi,
1009 2639 1103 2688 indices
1122 2645 1148 2688 ct
1161 2639 1281 2690 declares
1318 2639 1373 2689 lloc
1390 2654 1467 2690 unum
1485 2653 1554 2703 rogo,
1573 2643 1603 2686 nt

242 2710 371 2774 perspicue
388 2710 414 2760 id
431 2725 562 2774 proponas,
581 2724 640 2759 nam
662 2725 718 2775 ego,
737 2717 767 2759 ut
784 2712 893 2774 ingenue
915 2711 1005 2766 ieteac
1023 2724 1053 2759 ex
1073 2710 1182 2773 epistolis
1200 2713 1249 2759 tuis
1267 2718 1337 2760 nram
1348 2718 1458 2760 mentem
1476 2710 1601 2759 sufficien-

244 2789 284 2829 ter
302 2782 400 2845 essequi
419 2796 468 2830 non
486 2795 595 2846 possum,
613 2782 701 2846 quibus
718 2782 833 2830 nimirum
850 2781 929 2830 modis
947 2780 1046 2831 efficere
1064 2783 1110 2830 tibi
1122 2783 1272 2844 propositum
1290 2783 1328 2830 sit.
1368 2782 1461 2833 Verum
1478 2781 1523 2831 illa
1539 2787 1601 2829 tuse

244 2851 390 2916 prudentiss
408 2854 542 2910 committo,
561 2867 612 2902 non
624 2853 749 2908 dubiteris,
768 2854 826 2917 quin
845 2854 930 2901 omnis
947 2855 1039 2915 optim
1057 2852 1240 2916 praemeditata
1257 2853 1302 2901 tibi
1321 2855 1379 2902 sint.

316 2921 373 2972 Jarn
392 2923 540 2973 Maestlluus
559 2923 592 2974 ad
610 2925 806 2973 observationem
826 2926 1084 2988 computationemque
1097 2924 1216 2986 eclipseos
1231 2920 1263 2984 Θ
1283 2921 1386 2985 (Mando
1400 2920 1482 2984 1598)
1501 2921 1601 2977 munit,

245 2993 278 3045 ad
288 2992 403 3057 Opticam
417 2995 580 3045 referendum.
590 3017 625 3028 -
638 2995 694 3044 llse
707 2993 834 3044 Mnestliui
846 2993 933 3043 literne
953 2994 1042 3044 desunt
1054 2996 1080 3044 in
1092 2995 1214 3044 Hanscbii
1226 2995 1371 3045 collectione
1384 2992 1476 3059 (comp,
1488 3009 1513 3057 p
1525 2989 1600 3052 21³).

244 3080 336 3129 sesque
355 3064 496 3116 Hanschius
514 3068 568 3116 slue
587 3066 661 3116 dnbio
680 3066 833 3132 negligentis
849 3067 1001 3128 praeterivit,
1022 3080 1077 3115 cum
1097 3068 1129 3115 ιδ
1148 3066 1206 3115 aliis
1225 3065 1260 3115 M.
1279 3067 1356 3115 literis
1375 3073 1507 3130 mnatre
1524 3065 1604 3113 inm

193 3145 197 3149 ⁴
243 3136 319 3186 Meso.
338 3136 437 3201 Petrop.
460 3136 516 3186 Vel.
535 3136 599 3194 XV,
626 3138 691 3202 quod
717 3137 793 3186 reiert
819 3137 946 3201 eclipsium
971 3138 1161 3187 observationes.
1197 3137 1361 3188 Posteriorem
1382 3151 1468 3188 essese
1494 3141 1601 3201 portu,

244 3221 308 3272 quae
326 3209 426 3270 respicit
443 3209 585 3258 mschiusur
603 3208 706 3272 Kepleri
729 3207 875 3264 coelestem,
901 3221 1051 3273 quamquem
1075 3210 1166 3259 rectius
1190 3209 1223 3258 sd
1241 3222 1299 3276 pag.
1319 3206 1354 3257 88
1375 3209 1449 3271 bnjus
1471 3208 1602 3257 voluminis

244 3279 383 3342 pertineat,
408 3278 572 3342 supplementi
595 3279 648 3328 loco
671 3280 711 3330 hio
734 3280 891 3329 inserendum
910 3282 1064 3339 censuimus,
1090 3280 1155 3330 baec
1173 3281 1273 3344 insuper
1297 3287 1440 3340 monentes,
1470 3293 1517 3336 es,
1536 3291 1602 3342 quae

243 3347 395 3398 blsestbuns
412 3350 511 3401 exbibet
536 3352 566 3400 de
584 3351 674 3414 scripto
693 3365 737 3400 suo
757 3347 789 3400 a'd
807 3349 905 3400 Ducem
924 3351 1090 3401 medonem
1113 3351 1173 3401 dato
1199 3352 1321 3418 peninere
1340 3352 1374 3402 ad
1390 3365 1450 3417 pag.
1470 3349 1504 3397 tt
1527 3362 1601 3414 pne·

315 3491 408 3542 Eodem
427 3490 487 3542 bles.
507 3491 563 3541 Vol.
582 3491 636 3542 XV.
660 3492 732 3542 sirurd
756 3505 813 3540 cnm
829 3491 968 3555 praemisse
986 3490 1061 3541 elisas
1085 3491 1290 3556 deprehendimus
1308 3490 1435 3542 Maestlini
1461 3489 1599 3553 epistolem,

245 3563 268 3613 d.
289 3563 312 3612 d
332 3560 357 3611 b.
379 3560 420 3612 it.
435 3562 491 3613 Oct.
513 3561 593 3623 teto,
618 3565 678 3614 item
703 3565 736 3613 sb
755 3562 883 3614 Hsnssbie
908 3564 1038 3617 ominem,
1065 3576 1139 3627 quam
1157 3563 1260 3614 dirim
1279 3577 1354 3627 supss
1376 3560 1412 3626 (p.
1435 3557 1482 3624 55)
1505 3561 1602 3612 deesse·

245 3634 335 3695 Quam,
354 3649 429 3699 quum
446 3636 556 3685 murima
573 3650 603 3684 er
621 3642 691 3699 perte
709 3635 793 3698 optics
809 3639 916 3690 bosut,
935 3633 967 3683 ad
986 3633 1042 3682 Vol.
1061 3633 1096 3683 ll.
1114 3634 1290 3684 reservandam
1307 3635 1456 3684 censuimus.

315 3706 356 3755 Ad
374 3704 477 3769 chleri
494 3705 578 3756 literas
602 3707 626 3757 d.
646 3707 669 3756 d.
691 3705 732 3754 11.
751 3705 810 3754 lun.
829 3703 978 3754 Maestlinus
1003 3705 1131 3768 respondit
1155 3705 1178 3756 d.
1200 3702 1224 3753 1.
1246 3701 1286 3754 tt.
1300 3705 1359 3756 iulii
1379 3701 1456 3755 tote.
1494 3704 1532 3753 Ex
1552 3699 1602 3754 ban

245 3777 404 3841 responsione
422 3776 486 3827 baec
504 3783 602 3828 tentum
619 3778 669 3828 bue
686 3778 827 3842 pertinent:
856 3774 1033 3827 Calamimm
1050 3776 1213 3826 domenicsm
1235 3783 1262 3825 te
1285 3777 1391 3826 undem
1408 3791 1483 3841 quern
1500 3790 1540 3824 sne
1558 3790 1603 3824 ex-

247 3855 344 3912 pertum
363 3850 495 3897 extanimo
514 3850 640 3899 condoleo.
677 3844 732 3898 Ab!
764 3847 846 3908 Quem
864 3849 981 3897 miseram
998 3846 1089 3897 ducere
1108 3853 1205 3911 oportet
1221 3848 1312 3900 vitam!
1350 3847 1445 3909 Quibus
1463 3862 1508 3896 nos
1527 3848 1602 3897 beare

245 3918 343 3968 videtur
359 3925 466 3976 nstma,
493 3934 525 3971 ea
537 3921 623 3992 'denuo
641 3921 725 3984 eripit!
763 3918 833 3979 Ques
851 3919 990 3983 singulares
1008 3932 1026 3968 a
1043 3918 1098 3968 Deo
1116 3919 1301 3980 medictioues
1319 3933 1365 3969 nes
1383 3920 1510 3982 accepisse
1527 3924 1602 3982 puts·

246 4003 314 4047 mus,
343 4004 387 4039 eas
404 3992 458 4055 ipse
475 4005 593 4055 perquam
615 4006 691 4054 saepe
709 3993 748 4040 rix
765 3996 917 4040 monstratos
935 4004 1018 4039 rursus
1037 3990 1136 4040 adimit!
1174 3990 1224 4041 Sed
1242 4005 1358 4042 revocare
1376 4005 1417 4040 ure
1434 4003 1538 4040 neseue
1555 3989 1602 4039 bs·

244 4061 290 4111 beo
309 4067 337 4111 et
353 4062 447 4111 dicere:
478 4061 599 4112 Dominus
617 4063 699 4119 dedit,
727 4062 848 4111 Dominus
873 4061 989 4119 sbstulit‚
1014 4063 1047 4110 sit
1068 4077 1159 4113 nomen
1177 4062 1278 4112 Domini
1304 4062 1469 4112 benedictum
1507 4059 1532 4110 ls
1551 4060 1602 4110 cle·

244 4141 342 4182 menter
358 4132 390 4183 ab
409 4133 464 4182 aliis
483 4134 666 4183 calamitatibus
685 4148 730 4183 uos
747 4139 870 4198 proteget.
908 4134 997 4182 Amen.

314 4203 372 4254 Hes
397 4205 495 4269 quidem
521 4205 626 4269 epistole
651 4205 800 4270 morologica
823 4220 873 4254 non
900 4204 997 4269 tsngit,
1023 4210 1112 4267 postea
1135 4219 1192 4254 vero
1210 4203 1371 4264 llseetlinos,
1397 4203 1509 4269 quamris
1534 4201 1603 4252 bsud

247 4275 361 4325 addictus
380 4276 544 4341 astrologice,
569 4284 656 4327 natam
674 4276 783 4339 Keplero
805 4277 937 4342 renunciet
959 4275 1061 4326 filiolam
1085 4273 1170 4336 (lusio
1188 4289 1274 4325 mense
1297 4273 1375 4336 rost)
1405 4277 1493 4337 ,cuju
1510 4275 1603 4338 prim

244 4348 271 4395 ln
289 4347 355 4396 buno
374 4347 492 4397 mnndum
516 4356 632 4412 aspectus
656 4349 723 4398 bunc
741 4348 818 4405 coeli,
841 4349 938 4396 utinam
961 4347 1059 4397 ielioern
1077 4355 1104 4395 et
1122 4361 1139 4396 ι
1158 4346 1213 4397 Deo
1232 4347 1404 4404 benedictum,
1431 4348 1537 4410 positum
1554 4343 1602 4398 he·

244 4417 323 4467 buit.“
362 4419 465 4476 Theme,
483 4420 549 4484 quod
566 4420 604 4470 iris
622 4421 711 4477 innuit,
731 4418 811 4474 deest,
828 4419 873 4468 sed
890 4418 990 4483 qualern
1008 4432 1022 4467 e
1040 4419 1134 4468 nuntiis
1146 4416 1275 4468 Mnestliui
1287 4413 1446 4468 ausititem
1458 4425 1601 4467 comre-

244 4490 277 4538 rit
296 4490 442 4555 astrologus,
459 4493 513 4553 Jam
531 4491 583 4541 elis
600 4492 677 4542 etiarn
695 4491 869 4553 superstitione
887 4496 989 4552 eaptus,
1009 4504 1066 4539 cum
1082 4491 1163 4553 ipsum
1180 4497 1234 4539 ture
1252 4491 1367 4553 temperis
1385 4491 1515 4539 turbarent
1532 4487 1602 4538 esis·

133 4619 137 4636 .
244 4561 346 4612 usitatos
364 4565 476 4626 prlrstee
493 4563 663 4628 publicasque,
684 4577 715 4613 ex
732 4561 771 4611 bis
788 4561 892 4625 Kepleri
910 4568 1016 4624 apparet
1032 4561 1119 4619 bans,
1137 4560 1162 4611 d.
1181 4560 1206 4611 d.
1224 4558 1269 4610 29.
1288 4563 1354 4627 Aug.
1377 4558 1459 4612 itte:

864 4703 898 4766 S.
945 4705 979 4766 P.

333 4808 409 4871 Mihi
442 4829 576 4891 quoque,
599 4812 786 4892 Praeceptor
815 4804 1005 4885 charissime,
1042 4816 1205 4890 postquam
1237 4810 1342 4870 eadem
1374 4816 1474 4872 tecum
1501 4807 1603 4872 studia

245 4897 402 4979 proposuit
424 4898 552 4976 Uranie,
586 4900 693 4963 eedem
713 4908 852 4981 ternpore
874 4895 1322 4983 puerperiorum‘deternims:
1354 4907 1447 4983 etque
1470 4917 1508 4962 ne
1532 4897 1603 4961 olim
