3609 5634
1485 359 1656 424 &aput
1692 356 1826 410 m.
2897 357 3026 461 [59

181 513 584 582 atriensis
617 518 841 602 aliquis
872 519 1033 583 circa
1061 521 1289 594 herum,
1340 528 1447 580 aut
1478 518 1662 582 veluti
1691 517 1881 599 quiin
1930 517 2072 596 navi
2117 519 2529 595 obambulant,
2576 538 2770 602 neque
2816 529 3022 584 tamen

184 622 372 666 sese.
443 607 802 690 fatigando
848 608 1167 689 proliciunt
1211 609 1271 671 >in
1319 608 1559 683 itinere,
1619 606 1735 669 nisi
1782 626 2005 688 magna
2050 606 2143 669 vis
2192 627 2481 689 aquarum
2527 609 2791 672 incertos
2838 629 3023 690 quor-

187 711 366 755 sum
434 706 622 761 eant
668 706 731 761 et
776 698 876 760 vel
926 698 1163 780 quietos
1209 703 1585 778 promoveat.
1662 696 1866 778 Atque
1914 704 1983 758 ut
2027 696 2288 776 spatium
2334 697 2508 759 Luna
2554 716 2631 760 ex
2676 698 2820 760 orbe
2867 700 3024 761 Ter-

187 800 390 845 reno
457 796 835 867 motumque
883 787 1107 849 sortita
1152 795 1268 860 est,
1318 786 1405 847 sic
1434 795 1499 848 et
1528 785 1750 848 multas
1780 784 2158 848 conditiones
2187 785 2349 866 globi
2380 786 2628 850 Terreni
2660 786 3022 868 adeptamf)

189 879 397 951 puta.
477 876 908 952 continentes,
961 875 1185 950 maria,
1244 883 1510 949 montes,
1570 865 1802 948 aerem,
1868 875 1965 936 vel
2023 874 2124 937 his‘
2182 874 2384 955 aliqua
2442 893 2790 956 quocunque
2846 878 3022 940 modo

201 965 855 1045 col-respondentia,
905 964 1112 1027 multis
1149 963 1513 1043 conjecturis
1543 964 1904 1026 Maestlinus
1932 964 2171 1043 probat,
2222 982 2333 1025 nec
2380 963 2576 1026 nullas
2627 983 2739 1044 ego
2789 965 2981 1028 babeo
3002 985 3040 1041 3·

203 1058 297 1111 ut.
358 1053 506 1116 vel
560 1053 638 1116 ob
686 1055 800 1117 hoc
846 1054 1041 1116 solum
1086 1052 1469 1115 verisimilior
1513 1052 1597 1115 sit
1643 1050 2046 1133 Gopernicus,
2098 1052 2197 1132 qui
2244 1053 2497 1115 eandem
2545 1053 2658 1116 loci
2704 1065 3023 1136 motusque

208 1143 772 1206 communionem
819 1143 1051 1205 duobus
1098 1142 1265 1204 hisce
1306 1141 1655 1221 corporibus
1694 1141 1971 1222 largitur.
2037 1142 2134 1204 Ac
2172 1149 2335 1203 certe
2366 1144 2793 1222 φιλαοθρωπος
2824 1142 3020 1206 Crea-

211 1234 350 1290 tor
431 1230 663 1294 ultimo
725 1232 1048 1294 vestivisse
1103 1230 1343 1294 videtur
1390 1230 1691 1293 Tellurem
1746 1229 1862 1292 hoc
1917 1230 2061 1293 orbe
2107 1229 2374 1293 Lunari:
2443 1231 2583 1313 quia
2645 1232 2902 1295 similem
2966 1233 3023 1295 ei

217 1317 472 1381 situm
515 1321 847 1383 attribuere
883 1320 1076 1384 voluit
1113 1319 1255 1382 situi
1285 1319 1477 1382 Solis:
1528 1326 1595 1382 ut
1642 1319 1692 1381 si
1741 1327 1804 1381 et
1852 1320 1988 1400 ipsa
2034 1319 2195 1381 orbis
2243 1318 2495 1400 alicujus
2544 1329 2813 1384 centrum
2859 1333 3026 1384 esset

225 1410 357 1479 (ut
422 1408 547 1476 Sol
593 1419 693 1472 est
737 1418 1008 1472 centrum
1057 1409 1346 1483 omnium)
1395 1407 1585 1470 instar
1632 1408 1798 1473 Solis
1846 1408 2160 1488 cujusdam
2207 1408 2413 1470 haberi
2459 1421 2690 1489 posset,
2740 1412 2816 1473 ob
2865 1411 3020 1493 quod

228 1498 421 1577 ipsa
477 1498 671 1561 totius
719 1499 981 1560 universi
1030 1516 1338 1560 commune
1387 1506 1658 1559 centrum
1707 1497 2098 1560 communiter
2146 1497 2316 1579 quasi
2364 1496 2576 1561 habita
2622 1499 2754 1563 fuit.

468 1587 591 1650 Est
636 1588 911 1659 omnino,
977 1598 1043 1647 ut
1098 1587 1289 1648 denuo
1350 1586 1549 1647 ludam
1605 1587 1936 1666 allegoria,
1995 1585 2172 1648 homo
2229 1586 2469 1667 quidam
2518 1589 2692 1668 quasi
2741 1588 2908 1650 Deua
2957 1588 3024 1649 in·

244 1677 537 1751 mundo,
587 1684 654 1738 et
698 1676 829 1755 ejus
876 1675 1239 1738 domicilium
1288 1673 1494 1736 Tellus
1515 1693 1533 1748 ;
1581 1674 1739 1737 sicut
1766 1675 1899 1748 Dei,
1952 1675 2005 1740 si
2053 1675 2234 1737 ullum
2281 1693 2648 1756 corporeum,
2699 1686 2863 1739 certe
2910 1676 3020 1738 Sol

247 1764 391 1825 illa.
447 1765 551 1826 lux
594 1765 932 1826 inaccessa.
1024 1764 1111 1826 Ut
1158 1763 1342 1843 igitur
1389 1763 1563 1824 homo
1611 1762 1761 1839 Deo,
1809 1764 1898 1827 sic
1946 1764 2152 1826 Tellus
2200 1763 2329 1826 Soli
2376 1765 2741 1845 respondere
2790 1765 3019 1827 debuit.

254 1854 675 1933 Argumento
741 1862 838 1915 est
901 1854 1075 1933 hujus
1139 1853 1228 1913 rei
1290 1851 1501 1912 eadem
1570 1851 1695 1913 fere
1762 1853 2068 1934 proportio
2134 1852 2296 1932 globi
2355 1853 2615 1915 Telluris
2681 1856 2757 1916 ad
2820 1854 3024 1918 orbem

256 1938 527 2017 Lu'nae,
578 1961 728 2023 quae
776 1942 939 2022 globi
990 1941 1227 2004 Solaris
1275 1941 1353 2001 ad
1401 1940 1658 2003 mediam
1703 1936 1988 2003 Mercurii
2038 1941 2476 2021 digressionem
2524 1964 2563 2005 a
2609 1941 2773 2005 Sole.
2806 1942 2862 2018 ἆ)

471 2032 684 2112 Neque
731 2050 874 2097 vero
923 2031 1303 2092 metuendum
1354 2037 1468 2104 est,
1519 2048 1591 2090 ne
1622 2029 1896 2091 Lunares
1946 2030 2121 2091 orbes
2169 2051 2208 2091 a
2255 2030 2468 2092 vicinis
2517 2051 2831 2113 corporum
2877 2050 3021 2112 pro-

264 2121 671 2201 portionibus
718 2120 1043 2199 compressi
1093 2119 1425 2193 elidantur,
1488 2118 1541 2179 si
1602 2137 1714 2180 nou
1774 2119 1901 2181 sint
1955 2119 2014 2181 iu
2072 2119 2215 2181 orbe
2264 2118 2395 2200 ipso
2454 2120 2794 2183 absconditi
2840 2129 3022 2202 atque

272 2209 530 2272 inclusi.
625 2210 783 2271 Nam
827 2209 1154 2272 absurdum
1205 2216 1270 2270 et
1314 2215 1718 2269 monstrosum
1765 2216 1889 2282 est,
1950 2226 2205 2288 corpora
2261 2208 2412 2271 baec
2459 2210 2719 2273 materia
2764 2210 3024 2290 quadam

273 2297 560 2373 vestita,
611 2318 765 2379 quae
811 2298 1009 2363 alieno
1056 2298 1295 2377 corpori
1340 2296 1662 2360 transitum
1708 2315 1828 2358 nou
1873 2298 2245 2376 praebeant,
2306 2296 2364 2359 in
2423 2299 2656 2362 coelum
2701 2300 3020 2363 collocare.

281 2384 483 2448 Certe
530 2387 703 2449 multi
750 2406 864 2448 non
913 2395 1196 2448 verentur
1242 2384 1549 2460 dubitare,
1613 2403 1688 2446 an
1739 2386 1978 2447 omuino
2028 2385 2155 2447 siut
2197 2385 2256 2447 in
2307 2387 2478 2448 coelo
2524 2388 2820 2467 ejusmodi
2867 2388 3023 2450 ada-

281 2476 547 2537 mantini
595 2475 812 2550 orbes;
872 2495 947 2536 an
996 2475 1201 2536 divina
1248 2474 1507 2555 quadam
1554 2473 1810 2550 virtute,
1861 2475 2214 2536 moderante
2261 2492 2472 2536 cursus
2519 2475 2829 2538 intellectu
2875 2495 3021 2557 pro-

286 2565 636 2644 portionum
693 2562 1227 2643 geometricarum,
1292 2564 1507 2626 stellae
1568 2580 1678 2641 per
1731 2581 1977 2644 campos
2039 2572 2102 2624 et
2147 2580 2356 2624 auram
2402 2564 2751 2626 aetheream
2797 2565 3056 2630 liberae,

287 2653 431 2715 istis
480 2652 711 2714 orbium
761 2650 1148 2733 compedibus
1200 2659 1707 2731 transportentur.
1733 2655 1787 2727 ⁸)
1882 2652 2127 2714 Nullum
2185 2651 2460 2732 equidem
2515 2652 2749 2733 pondus
2810 2652 3021 2715 dubios

292 2750 357 2806 et
406 2742 745 2805 titubantes
792 2742 1008 2803 motori
1058 2759 1306 2821 gressus
1355 2738 1595 2814 efficiet,
1648 2758 1764 2820 quo
1814 2740 2138 2821 aliquando
2187 2761 2225 2802 a
2270 2740 2494 2803 circulo
2542 2759 2648 2802 suo
2698 2740 3020 2804 exorbitet.

290 2831 540 2894 Nullum
592 2831 747 2892 enim
793 2842 1107 2910 punctum,
1170 2829 1395 2891 nullum
1454 2835 1723 2890 centrum
1778 2846 1965 2909 grave
2013 2826 2204 2903 est-‚O
2297 2827 2586 2892 Centrum
2635 2849 2778 2893 vero
2826 2831 3026 2894 omnia

294 2919 566 3000 ejusdem
624 2939 756 2982 cum
814 2937 1061 2998 corpore
1119 2926 1372 2979 naturae
1431 2922 1776 2997 sequuntur.
1871 2918 2002 2980 Nec
2047 2918 2279 2998 pondus
2328 2937 2404 2980 ex
2451 2938 2522 2981 eo
2572 2920 2827 3001 acquirit
2874 2938 3020 2982 cen-

295 3019 493 3082 trum,
563 3010 720 3091 quod
775 3016 983 3071 cetera
1042 3007 1119 3069 ad
1168 3026 1233 3067 se
1283 3006 1475 3068 allicit
1521 3014 1627 3067 aut
1675 3005 1752 3068 ab
1809 3006 1930 3068 illis
1987 3006 2332 3087 appetitur:
2400 3025 2516 3069 non
2579 3008 2775 3088 magis
2839 3017 3022 3089 atque

292 3116 582 3177 magnes,
642 3099 783 3160 dum
838 3105 981 3159 actu
1028 3097 1249 3165 ferrum
1310 3095 1534 3169 trahit,
1597 3095 1989 3176 ingravescit.
2020 3098 2077 3170 Β)
2168 3095 2290 3157 Vel
2338 3096 2486 3161 haec
2534 3096 2780 3169 Tellus.
2843 3115 3023 3179 quam

293 3186 531 3249 omnino
577 3204 713 3249 cum
761 3185 1097 3266 Copernico
1147 3183 1283 3247 vehi
1331 3184 1674 3259 statuimus,
1724 3184 1939 3264 quibus
1986 3185 2290 3262 vectibus,
2340 3185 2555 3266 quibus
2600 3186 2856 3259 catenis,
2905 3204 3020 3266 qno

295 3275 622 3337 adamante
672 3274 921 3337 coelesti
970 3273 1030 3335 in
1080 3274 1284 3334 orbem
1332 3292 1502 3335 suum
1544 3273 1779 3336 inserta
1826 3273 1966 3336 est?
2027 3272 2125 3335 Εο
2171 3292 2382 3354 nempe
2419 3292 2596 3354 quem
2641 3293 2850 3337 omnes
2894 3274 3019 3336 cir-

295 3364 594 3427 cumcirca
637 3364 695 3425 in
746 3363 1058 3443 superficie
1106 3360 1365 3424 Telluris
1414 3362 1682 3424 homines
1739 3361 2042 3425 haurimus
2101 3363 2560 3437 (tenuentatum
2613 3372 2680 3426 et
2725 3364 3020 3428 commix-

296 3461 424 3515 tum
471 3453 826 3533 vaporibus)
877 3458 1115 3513 aerem:
1166 3469 1339 3531 quem
1378 3470 1576 3525 manu,
1626 3469 1800 3531 quem
1837 3470 2085 3532 corpore
2124 3459 2530 3531 penetramus,
2579 3471 2770 3532 neque
2816 3461 3020 3514 tamen

296 3540 686 3604 discindimus
735 3550 841 3603 aut
886 3544 1286 3615 semovemds,
1336 3559 1468 3602 cum
1518 3538 1600 3601 sit
1643 3538 1969 3602 influxuum
2015 3540 2369 3604 coelestium
2418 3539 2478 3602 in
2524 3540 2724 3603 media
2769 3559 3025 3621 corpora

297 3630 651 3692 vehiculum.
674 3627 732 3705 ¹¹)
806 3629 937 3691 Hoc
988 3629 1145 3691 enim
1194 3628 1424 3690 coelum
1473 3635 1585 3703 est,
1636 3628 1695 3690 in
1728 3647 1844 3710 quo
1875 3629 2149 3705 vivimus,
2199 3648 2507 3691 movemur
2552 3637 2616 3691 et
2662 3649 2866 3693 sumus
2912 3649 3023 3692 nos
3098 3636 3105 3643 ’

296 3727 361 3780 et
388 3720 589 3781 omnia
616 3720 915 3782 mundana
947 3737 1219 3799 corpora.
1298 3715 1593 3788 Quamvis
1642 3718 1782 3796 quid
1832 3736 1980 3798 opus
2026 3726 2122 3779 tot
2153 3717 2421 3786 verbis?
2483 3718 2642 3782 Nam
2689 3717 2807 3781 etsi
2853 3720 3021 3782 orbi-

298 3809 468 3870 culus
506 3808 716 3870 Lunae
764 3826 948 3886 supra
976 3806 1234 3869 Telluris
1285 3806 1489 3868 orbem
1537 3804 1819 3882 emineat,
1869 3806 2008 3888 quid
2056 3814 2154 3868 est
2200 3807 2273 3868 de
2322 3806 2701 3871 dodecaedro
2747 3809 2845 3871 vel
2894 3808 3022 3872 ic‘o-

297 3896 551 3972 saedro,
621 3897 779 3979 quod
843 3897 1008 3959 illum
1075 3895 1341 3957 transitu
1407 3892 1776 3975 prohibeat?
1869 3895 2101 3957 Vidisti
2158 3914 2344 3976 supra
2396 3915 2530 3976 cap.
2587 3894 2655 3959 11
2727 3916 2844 3978 quo
2892 3898 3022 3960 loco

296 3984 529 4047 zodiaci
578 3985 822 4065 planum
870 3985 1021 4046 haec
1070 3983 1185 4046 duo
1233 4001 1488 4064 corpora
1534 3992 1723 4058 secat,
1774 3984 1998 4047 nullum
2046 3984 2348 4065 angulum,
2387 3985 2625 4049 nullum
2661 3986 2841 4049 faciei
2876 4005 3023 4049 cen-

297 4083 455 4135 trum
501 4092 814 4136 occurrere
836 4121 853 4148 ,
918 4073 1025 4135 sed
1075 4071 1337 4134 existere
1385 4091 1459 4134 ex
1509 4072 1778 4134 sectione
1828 4073 2222 4153 decangulum
2278 4074 2554 4154 utrinque
2574 4121 2591 4149 ,
2652 4075 2821 4155 cujus
2870 4093 3022 4156 qaae

298 4180 371 4223 ex
417 4171 626 4224 centro
683 4162 762 4224 ad
826 4163 986 4225 latus
1045 4161 1562 4241 perpendicularis
1621 4161 1821 4236 cadit,
1891 4163 2067 4243 longe
2127 4163 2318 4242 maior
2372 4171 2471 4225 est
2523 4163 2584 4224 in
2642 4162 3020 4226 dodecaedro

301 4251 465 4314 radin
517 4249 805 4330 inscripti,
862 4252 1034 4330 lungo
1084 4250 1322 4310 hrt-iius
1370 4249 1424 4310 in
1472 4250 1787 4313 icosabdro
1826 4251 1994 4313 radio
2031 4249 2480 4332 circumscripti,
2532 4258 2595 4313 et
2641 4251 2795 4312 adeo
2844 4252 3024 4330 longa

301 4342 553 4418 quinium,
609 4358 673 4402 ut„
725 4362 837 4402 nun
890 4342 1178 4398 cuslulum
1222 4338 1366 4398 illud
1396 4339 1604 4400 Lunae
1642 4347 1898 4414 tantum,
1949 4340 2054 4402 sed
2104 4340 2281 4420 longe
2325 4336 2519 4419 majus
2568 4339 2793 4421 aliquid
2840 4359 3024 4421 supra

301 4430 501 4490 urla-in
549 4442 797 4490 exstans
846 4450 954 4506 pur
994 4430 1246 4486 mediam
1286 4430 1443 4487 illum
1472 4426 1632 4488 viam
1669 4428 1943 4509 interque
1982 4428 2087 4491 illa
2124 4428 2458 4510 decaugula
2495 4428 2751 4492 transire
2789 4436 3021 4510 posset.
3130 4435 3131 4441 ’

301 4518 423 4578 Sed
475 4522 621 4578 hat-c
673 4522 870 4578 *zu-mnia
922 4518 1190 4598 111l.1.'11¹ll'³2'i;*²
1242 4534 1346 4574 suu
1406 4516 1535 4577 loco
1585 4516 2023 4598 relinquantur,
2084 4517 2267 4580 nihilo
2323 4517 2499 4599 pejus
2556 4538 2621 4580 se
2669 4535 2768 4580 res
2816 4519 3020 4582 habet.

301 4606 497 4666 “Vides
533 4610 685 4668 enim
717 4630 821 4686 pur
858 4606 1370 4686 intnrptasitinnem
1397 4603 1627 4679 Lunae,
1676 4613 2100 4686 praeterquam
2139 4606 2198 4667 in
2228 4606 2488 4684 Venere,
2538 4625 2717 4689 quam
2751 4606 3021 4690 proxime

305 4698 513 4758 accedi
561 4698 637 4758 ad
685 4698 958 4778 preditus
1006 4718 1110 4778 pei·
1162 4698 1326 4754 sinus
1374 4690 1692 4775 Coperuici
1738 4690 2015 4757 numeros
2061 4712 2322 4761 arcuum.
