3609 5634
666 374 787 424 dc'rebns
806 373 968 439 astrologicis.
1431 376 1490 442 321

209 529 422 580 Fabrlelns:
452 529 599 590 Quaeritur,
627 530 765 596 munagnl
791 537 818 581 ot
836 503 943 580 dinturni
962 533 1065 581 venti
1089 533 1143 583 sine
1170 535 1277 585 materia
1304 549 1358 585 esre
1383 536 1499 601 possint!

133 599 214 651 Unde
233 603 299 651 renti
318 601 394 651 subiti
412 616 443 651 ex
461 601 527 651 claro
547 601 625 658 coelo,
644 600 682 650 rol
703 616 733 651 ex
752 602 844 667 exigna
855 601 979 664 particula
995 603 1076 660 uubis,
1095 605 1120 653 in
1132 603 1210 655 lndlis
1222 607 1329 656 maxims
1341 606 1499 659 caedentes!

134 671 196 721 Hoc
213 672 353 738 prodigium
371 672 438 735 epod
456 686 496 722 me
514 674 596 736 potins
615 677 666 729 est,
695 686 770 736 qnam
788 680 816 721 nt
837 672 870 722 ad
894 672 1010 737 physicas
1034 675 1143 724 rationes
1170 677 1255 726 reterri
1279 679 1365 742 possit.
1402 677 1499 730 Suntne

133 745 201 793 torte
219 743 339 807 planetae
357 748 479 793 cemorani
497 749 625 792 ventorum
643 741 767 793 moturos?
1472 751 1475 757 ·

228 832 429 911 Keplerns:
454 819 500 892 De
523 832 633 906 ventis,
658 850 741 911 rogo,
767 830 867 892 indica
886 830 1047 910 diligenter
1071 842 1159 895 notas
1174 854 1278 898 omues
1297 837 1497 901 circumstan-

136 922 202 982 tias
227 921 285 982 loci
319 928 352 982 et
374 929 541 983 ventorum.
589 919 740 981 Videntur
773 919 816 981 illi
848 919 979 982 diuturni
1013 922 1093 982 venti
1126 924 1175 985 vel
1207 925 1393 989 adiuturnis
1426 927 1498 990 alibi

136 1009 255 1088 pluviis
280 1028 358 1081 esse,
382 1009 430 1071 vel
455 1009 520 1070 loco
544 1028 656 1070 earnm.
704 1006 776 1070 Sine
799 1009 928 1070 materia
951 1027 1023 1069 vero
1047 1009 1096 1090 qni
1109 1013 1237 1090 possint,
1262 1016 1311 1094 qni
1330 1024 1401 1077 sunt
1414 1035 1496 1079 mera
1547 1029 1558 1046 ·’

81 1147 90 1156 .
136 1098 288 1160 materia?
334 1098 400 1178 Ego
424 1117 497 1159 sane
521 1098 631 1172 nescio,
657 1097 727 1177 quid
751 1098 792 1158 sit
815 1097 869 1158 illa
891 1097 975 1157 sicca
997 1099 1151 1161 exhalatio
1175 1102 1232 1164 nisi
1255 1113 1412 1176 ventorum
1427 1123 1493 1167 ma·

135 1187 228 1249 teria.
275 1187 390 1266 Magna
412 1187 531 1248 videtur
555 1189 583 1248 in
607 1187 664 1248 hac
689 1187 826 1248 doctriua
849 1185 1011 1247 etiamnum
1036 1187 1208 1250 obscuritas
1237 1199 1269 1253 et
1301 1191 1491 1269 incertitudo,

136 1277 276 1338 tollenda
290 1276 476 1337 creberrimis
492 1275 705 1355 experimentis
721 1276 815 1336 totins
829 1274 921 1336 orbis.
933 1273 990 1334 x'l'u
1004 1275 1096 1352 igitur
1110 1277 1139 1338 in
1150 1277 1358 1342 collectionem
1368 1282 1492 1345 enitere.
1599 1306 1604 1318 ·

203 1364 276 1426 *De
304 1363 484 1444 prodigiosis
517 1366 577 1427 illis
602 1364 700 1426 ventis
731 1363 820 1442 plane
845 1363 943 1423 simile
968 1362 1085 1425 videtur
1113 1365 1141 1426 in
1167 1362 1250 1428 libris
1273 1368 1405 1448 Regum,
1439 1369 1494 1432 snb

133 1454 211 1515 Elia
233 1452 391 1533 propheta.
439 1453 520 1514 Nihil
544 1472 669 1533 possum
692 1451 817 1514 rationis
842 1452 959 1523 afferre,
984 1451 1041 1513 nisi
1065 1453 1137 1515 n'rihi
1159 1464 1280 1518 constet
1304 1458 1340 1518 de
1364 1460 1493 1521 circurn-

138 1543 274 1604 stantiis.
320 1541 478 1603 Nubecula
500 1541 642 1603 indicium
667 1540 878 1612 exhalationis,
904 1558 961 1601 nou
986 1559 1079 1601 cansa
1102 1561 1170 1603 esse
1193 1544 1322 1608 videtur.

229 1632 265 1692 ln
289 1628 418 1710 Styria
441 1648 527 1691 mons
550 1641 599 1691 est
622 1629 801 1703 Schelsel,
841 1630 890 1710 qui
914 1628 941 1688 si
965 1649 997 1689 se
1022 1630 1136 1692 vestiat
1160 1632 1268 1711 exiguo
1291 1634 1385 1713 pileo,
1410 1643 1495 1697 certa

139 1719 278 1784 imminet
302 1719 445 1797 procella.
491 1718 551 1780 Est
581 1737 666 1781 mons
694 1726 875 1800 praeruptae
908 1727 940 1778 et
968 1718 1107 1781 immanis
1130 1721 1314 1797 altitudinis,
1348 1741 1494 1803 superans

139 1808 332 1870 altitudinem
365 1808 623 1886 circumjectorum
647 1807 808 1882 montium,
842 1806 891 1885 qni
916 1826 988 1868 sane
1021 1825 1078 1868 uon
1104 1816 1174 1869 sunt
1197 1809 1336 1884 humiles,
1371 1812 1495 1875 dimidio

140 1897 307 1977 quadrante
327 1896 463 1957 milliaris
487 1914 599 1974 germ,
624 1896 728 1957 habito
752 1907 891 1977 respectu
915 1895 1083 1974 superficiei
1106 1916 1215 1960 curvae
1231 1900 1353 1962 Terrae.
1399 1901 1435 1962 In
1459 1919 1495 1961 eo

140 1984 351 2048 observatione
375 1984 570 2047 rotunditatis
595 1985 707 2046 Terrae
740 2003 795 2064 per
817 1983 935 2046 montes
960 1983 1025 2044 sine
1049 1985 1133 2048 coelo
1157 1986 1310 2063 instituta,
1340 1997 1374 2050 ut
1397 1988 1495 2051 obiter

139 2083 171 2135 te
204 2074 368 2148 oblectem,
402 2074 462 2135 vidi
496 2073 590 2135 multa
619 2073 763 2152 jucunda.
810 2073 912 2134 Primo
940 2091 1007 2133 oum
1031 2074 1261 2137 ascenderemus
1294 2078 1412 2139 aestivo
1436 2077 1495 2150 die,

138 2163 239 2223 clarus
264 2169 330 2222 erat
353 2171 385 2223 et
409 2162 540 2223 fervidus
566 2168 633 2235 adr3
657 2170 819 2242 postquam
839 2162 869 2223 in
891 2179 1006 2222 summo
1024 2163 1180 2224 columnae
1199 2164 1391 2239 sistebamns,
1416 2166 1496 2228 infra

139 2260 271 2312 montem
294 2251 441 2330 paulatim
465 2250 536 2312 oriri
558 2251 668 2313 nubes:
694 2259 761 2311 erat
782 2247 893 2323 Gratii,
918 2267 993 2328 quae
1010 2250 1106 2311 distat
1129 2248 1352 2326 2milliaribns,
1376 2263 1495 2333 tempe·

139 2349 217 2405 stas¹
231 2357 342 2417 magna
364 2358 432 2401 cum
454 2339 635 2414 tonitrubus,
659 2358 736 2419 qnae
760 2357 815 2398 nos
838 2356 896 2399 non
921 2337 1128 2399 exaudivimus
1136 2358 1145 2412 ;
1177 2340 1278 2401 omnia
1305 2341 1385 2402 infra
1407 2341 1495 2403 vide-

121 2428 256 2490 ·bamus.
304 2427 464 2489 Inferiores
488 2438 621 2501 montes,
656 2426 694 2488 ad
720 2446 793 2506 qnos
817 2434 884 2488 erat
911 2424 1139 2500 collimandnm,
1169 2427 1299 2507 maligne
1331 2447 1386 2507 per
1418 2429 1495 2491 cali-

139 2526 264 2596 gantem
296 2525 328 2577 et
361 2517 555 2596 fumigantem
590 2522 691 2578 aerem
728 2515 943 2587 cernebantur;
981 2514 1118 2575 discussa
1156 2522 1339 2595 tempestate
1377 2518 1495 2580 melius.

138 2604 281 2666 Vidimus
300 2606 392 2684 juxta
415 2613 445 2665 et
468 2605 547 2666 infra
570 2623 625 2665 uos
649 2603 815 2682 pendentes
840 2603 868 2664 in
893 2608 963 2662 aere
988 2603 1091 2675 nubes,
1116 2602 1297 2666 horrendum
1320 2606 1441 2668 hiantes
1464 2613 1497 2669 et

139 2694 279 2755 immanis
304 2692 479 2754 celeritatis.
527 2692 636 2754 Adhuc
661 2710 779 2770 semper
793 2691 879 2753 uobis
896 2688 951 2751 Sol
973 2689 1102 2751 luxerat.
1151 2690 1259 2754 Subito
1276 2693 1394 2768 nebula,
1419 2713 1496 2775 quae

140 2781 228 2862 quasi
252 2781 364 2843 furiata
387 2782 432 2844 ita
455 2783 568 2860 impetu
592 2779 960 2859 ferebaturaradicibus
984 2779 1093 2840 montis
1124 2779 1163 2840 ad
1192 2782 1307 2843 culmen
1336 2784 1436 2861 ejecta
1465 2793 1496 2844 et

139 2889 195 2931 nos
224 2869 342 2950 oblique
376 2870 497 2931 radens.
553 2870 638 2931 Intra
661 2868 805 2947 temporis
830 2875 981 2929 momenta
1008 2868 1071 2946 jam
1099 2867 1202 2947 pluvia
1232 2879 1265 2931 et
1293 2871 1491 2950 frigidissima

139 2960 236 3020 mixta
249 2955 412 3037 grandine.
459 2958 519 3021 Ubi
543 2957 623 3019 latus
646 2957 678 3019 id
702 2977 721 3017 s
744 2957 852 3018 nebula
867 2957 924 3017 init
938 2963 1095 3028 retectum,
1119 2975 1177 3037 qno
1196 2960 1290 3020 monti
1311 2969 1489 3038 prospectus

139 3058 227 3127 patet
250 3049 337 3126 longe
361 3046 390 3109 in
415 3047 580 3126 Ungariam
604 3057 636 3107 et
658 3047 732 3107 lines
757 3045 909 3120 ancicos,
935 3043 1111 3106 admirabile
1129 3048 1344 3125 spectaculum.
1392 3047 1492 3128 Supra

142 3156 196 3198 nos
222 3144 289 3198 erat
312 3136 430 3206 nebula,
454 3137 569 3197 coelum
593 3134 781 3208 obnubilans,
807 3134 885 3195 inira
899 3152 953 3194 nos
977 3133 1146 3196 clarissima
1161 3136 1220 3196 lux.
1267 3135 1321 3199 Sol
1335 3137 1492 3200 enimtum

139 3225 273 3288 vicissim
306 3224 458 3304 regionem
495 3224 662 3304 subjectam
699 3223 883 3286 illustrabat.
939 3222 1023 3283 Haec
1056 3224 1132 3284 adeo
1171 3225 1274 3297 fortis,
1314 3231 1346 3288 ut
1381 3244 1491 3288 averso

141 3333 255 3396 papyro
288 3313 406 3375 omnino
438 3312 506 3392 plns
541 3313 615 3374 lucis
644 3311 780 3374 aTerra
813 3311 1012 3385 allaberetur,
1047 3330 1135 3392 qnam
1168 3312 1296 3394 desuper
1324 3335 1343 3376 a
1370 3315 1490 3377 nebula.

89 3447 101 3474 ·.
141 3403 351 3483 Splendebant
374 3410 474 3464 antem
497 3401 632 3476 flumina,
666 3402 802 3480 quamvis
826 3400 946 3462 turbida
971 3408 1055 3473 tnnc,
1085 3401 1261 3464 clarissime.
1308 3402 1367 3465 Est
1391 3414 1493 3466 antem

139 3491 170 3554 in
193 3491 246 3553 illo
269 3499 371 3552 monte
394 3509 516 3570 vorago,
550 3488 703 3568 ἄβυσσος,
731 3491 808 3552 unde
832 3489 908 3551 adeo
932 3488 1055 3550 crebrae
1080 3498 1294 3569 tempestatum
1318 3492 1491 3553 exhalatio·

140 3599 210 3654 nes,
241 3587 277 3640 nt
300 3580 382 3640 fama
404 3579 568 3641 obtinuerit
590 3578 814 3657 antiquissima,
849 3576 988 3655 conjectu
1012 3578 1107 3656 lapilli
1131 3578 1308 3657 grandinem
1332 3580 1398 3641 elici
1406 3599 1415 3654 ;
1449 3599 1491 3642 ec.

141 3668 212 3749 quia
234 3669 311 3729 adeo
331 3667 435 3729 crebro
458 3667 633 3747 grandinat,
659 3666 723 3726 sive
748 3666 842 3745 lapilli
866 3665 1073 3742 conjiciantur,
1098 3665 1162 3727 sive
1186 3685 1261 3740 non;
1294 3666 1370 3728 hanc
1395 3668 1493 3730 lamas

141 3757 349 3836 deceptionem
373 3775 441 3817 esse
464 3766 547 3836 puto.
596 3756 661 3817 Nos
685 3755 763 3815 euim
788 3771 910 3841 specum
932 3771 990 3813 non
1010 3752 1176 3815 invenimus
1200 3764 1232 3816 et
1255 3763 1359 3816 tamen>
1378 3757 1493 3837 grando

141 3845 208 3920 init,
233 3844 291 3907 nisi
314 3845 393 3906 forte
415 3845 482 3924 ipso
505 3863 633 3905 ascensu
657 3842 872 3904 irritaverimns
897 3850 1030 3903 montem
1045 3843 1171 3904 scilicet.
1217 3843 1284 3906 Hac
1303 3845 1404 3925 itaque
1421 3865 1492 3908 nar-

62 3941 68 3946 ’
140 3933 309 3996 ratiuncula
332 3942 401 3995 tuas
424 3933 616 4013 quaestiones
641 3932 780 3993 claudere
804 3929 894 3992 volni.

215 4039 406 4090 Fabricius:
431 4038 521 4088 Literis
539 4039 589 4087 tuis
608 4037 806 4088 dimemsdonem
824 4036 1052 4101 cosmographicarn
1070 4036 1178 4103 adjunge
1204 4045 1230 4089 et
1253 4038 1283 4088 de
1302 4040 1374 4089 robur
1392 4053 1423 4090 ao
1441 4047 1493 4091 stn-

142 4109 189 4160 diie
207 4112 257 4160 tnir
274 4125 315 4160 me
333 4109 375 4159 lac
394 4111 529 4159 certiorem.
566 4108 615 4159 Hic
633 4110 707 4158 miser
724 4115 805 4159 statas
824 4113 871 4165 eet,
890 4115 916 4157 et
929 4108 1012 4157 omnia
1025 4110 1184 4170 perturbem
1204 4116 1375 4174 exspectamus
1387 4113 1494 4175 quotidie

141 4181 241 4243 bellurn,
260 4196 310 4231 non
328 4186 426 4230 tantum
446 4194 462 4230 a
479 4179 610 4230 rebellibus
628 4179 800 4236 Emdensibns,
819 4178 864 4229 sed
881 4181 1014 4242 praecipue
1033 4178 1157 4229 ordinibus
1167 4179 1325 4230 Hellandiae.
1361 4181 1442 4231 Pestis
1453 4182 1495 4232 hio

141 4253 215 4303 valde
240 4253 334 4313 saevit,
360 4253 418 4315 qnia
443 4250 568 4315 infigura
584 4250 679 4299 vernali
706 4250 775 4301 locus
792 4263 871 4300 nores
890 4249 978 4300 stellae
998 4245 1036 4311 (in
1055 4247 1153 4314 Cygno)
1175 4253 1200 4299 in
1219 4250 1264 4300 VI.
1283 4251 1364 4300 domo.
1402 4253 1496 4304 Stellae

143 4338 223 4374 norae
241 4331 334 4374 natura
350 4321 476 4372 Martialis
495 4329 540 4372 est
580 4317 631 4382 (De
649 4320 698 4372 hac
716 4322 789 4371 stella
806 4335 870 4385 quae
888 4320 1017 4371 Fabricius
1035 4319 1146 4381 addidit,
1170 4322 1225 4372 ride
1243 4323 1276 4371 ln'
1287 4323 1348 4372 libro
1367 4322 1497 4373 doscella

142 4393 237 4460 Cygni,
266 4408 339 4459 quern
356 4393 481 4456 Keplerns
500 4392 613 4455 adjunxit
639 4392 700 4441 libro
719 4406 764 4442 suo
782 4393 813 4441 de
833 4391 913 4441 Stella
929 4406 995 4463 nora
1014 4387 1104 4452 tout.)
1141 4391 1214 4443 Mitte
1232 4392 1307 4454 mihi,
1336 4408 1400 4458 ques
1419 4393 1496 4445 babes

142 4465 292 4530 astrologica
310 4470 336 4514 ot
352 4464 552 4529 meteorologica

210 4536 287 4587 Hisce
304 4534 368 4592 vale,
387 4536 442 4600 rige
461 4541 487 4585 et
504 4534 564 4584 doro
583 4532 786 4584 excellentissime
805 4532 913 4583 Domlnc
931 4531 1047 4596 Koplore.

300 4653 309 4661 ,
957 4602 991 4653 Η.
1010 4603 1080 4654 Tuae
1099 4604 1326 4654 observantissimus
1343 4604 1377 4654 D.
1396 4606 1424 4656 Ρ.

212 4677 346 4728 Debentur
364 4675 544 4727 Rerterlraviae
564 4674 605 4725 ll.
625 4678 690 4741 Aug.
714 4670 790 4723 1002.

229 4766 435 4846 Keplerus:
459 4764 494 4826 ln
506 4765 695 4828 conclusione
712 4782 834 4826 causam
844 4764 942 4844 pestis
957 4771 1078 4824 vestrae
1089 4763 1224 4826 adducis.
1263 4763 1329 4844 Ego
1341 4765 1417 4827 alias
1433 4775 1497 4829 ate

143 4866 298 4937 exspecto.
344 4854 447 4934 Rogo,
472 4854 602 4928 scribes,
627 4854 677 4936 qni
699 4851 783 4915 venti
808 4861 840 4915 nt
862 4853 1020 4933 plurimum
1039 4852 1187 4915 llaverint.
1235 4852 1366 4917 Videtur
1388 4857 1499 4922 malum

193 4956 396 5014 terreos-na
1252 4956 1284 5014 21
