3609 5634
772 257 1001 334 wUm'
1491 277 1554 346 ttl
1633 370 1635 374 Ι

164 431 262 508 quin
285 433 316 500 in
340 452 428 498 suum
449 452 525 514 opus
549 453 601 498 eos
626 436 813 500 uenderet.
859 435 966 516 Itaque
996 435 1034 494 de
1052 451 1153 498 emam
1178 435 1336 498 mamam
1354 434 1458 500 Solem
1481 457 1554 501 een.

99 587 108 593 ,
165 525 270 584 trum
300 523 374 584 fecit
404 522 519 584 orbium
549 524 677 586 Veneris
706 534 737 585 et
765 522 919 599 Mercurii.
974 522 1037 584 Sed
1065 523 1175 596 Ursus,
1209 523 1259 602 qui
1289 524 1382 588 Mart.
1409 523 1555 605 Capellae

165 607 344 690 dogmatis
368 612 509 674 notitiam
534 613 583 676 uni
606 609 773 693 Ccpemico
796 620 954 691 acceptam
980 612 1052 685 iert,
1087 621 1256 674 ceterumm
1281 612 1463 678 mentionem
1486 616 1555 677 nnl-

168 697 249 764 lam
275 700 362 769 lacit,
386 701 570 766 Manlianum
584 700 711 780 primunr
730 709 884 766 auctorem
900 700 1092 764 existimans:
1118 719 1227 780 magno
1242 701 1430 766 incommodo
1444 723 1557 768 caueae

166 807 275 851 suae.
324 787 478 860 Quantum
505 790 585 852 enim
613 790 739 852 fecisset
761 791 799 852 ad
823 790 971 870 speciem,
997 809 1085 869 quam
1109 789 1137 850 in
1162 790 1334 852 auctoribus
1366 793 1554 874 etantiqni-

168 885 255 940 tate
281 878 383 940 studio
406 878 567 958 quaesivit,
590 879 617 940 si
638 879 791 942 Martiano
815 878 1014 964 macrobium,
1037 878 1063 939 si
1077 878 1234 940 Macrobio
1249 879 1387 955 Plinium,
1411 882 1436 943 si
1456 882 1554 945 Plinio

168 965 364 1032 Vitruvium
394 970 627 1048 anteposuisset.
673 969 753 1032 Nam
781 978 812 1029 et
839 967 887 1030 hic
921 967 950 1028 in
980 966 1190 1029 astronomicis
1218 967 1319 1032 Plinio
1348 970 1379 1031 in
1408 967 1553 1049 praedam

170 1051 354 1131 cessit‘ut
368 1057 482 1120 Plinius
497 1057 661 1122 Martiana.
709 1055 788 1127 Quin
802 1057 863 1118 imo
878 1075 915 1118 ne
933 1056 1089 1119 Vitruvius
1111 1057 1229 1136 quidem
1254 1066 1358 1120 auctor
1382 1068 1431 1121 est
1448 1072 1552 1122 astro-

172 1145 373 1210 nomicarum
400 1145 587 1225 dogmatum,
619 1164 696 1226 qnae
717 1155 857 1214 recenset
883 1145 1027 1225 inopere
1056 1165 1120 1208 suu.
1168 1143 1248 1215 Quid
1277 1145 1356 1208 euim
1385 1148 1551 1212 architecto

173 1252 255 1298 cum
280 1235 485 1298 astronomia?
531 1236 598 1299 Non
623 1234 688 1314 agit
711 1242 916 1298 astronomum
939 1254 976 1296 ex
994 1235 1131 1314 professo
1147 1233 1315 1309 Vitruvius,
1339 1237 1395 1300 sed
1409 1238 1448 1300 ad
1462 1257 1547 1302 com-

176 1323 415 1385 mendationem
441 1333 472 1385 et
497 1323 717 1404 jucunditatem
745 1323 844 1402 operis
872 1323 1031 1386 occasione
1055 1330 1181 1403 captata
1208 1342 1275 1385 cum
1305 1324 1367 1386 alia
1390 1345 1460 1388 rara
1488 1337 1551 1392 tum

178 1412 395 1475 astronomica
417 1414 537 1474 aliunde
559 1413 658 1492 petita
681 1412 886 1492 interspergit.
933 1411 1104 1474 Macrobius
1122 1430 1193 1474 vero
1217 1420 1249 1473 et
1271 1420 1359 1475 retus
1380 1415 1420 1476 ad
1434 1416 1552 1479 Bedam

180 1502 423 1566 commentarius
446 1503 523 1566 hanc
546 1502 714 1581 opinionem
739 1501 795 1581 ipsi
813 1502 934 1564 Platoni
958 1501 1073 1576 tribuit,
1100 1512 1249 1580 utcunque
1268 1520 1335 1564 eam
1358 1522 1551 1568 successores

181 1591 254 1670 ejus
277 1590 428 1653 Platonici
451 1591 699 1670 quemadmodum
731 1591 795 1652 alia
817 1591 916 1673 multa
945 1590 1142 1670 corruperint.
1189 1590 1253 1652 imo
1276 1591 1355 1653 idem
1378 1592 1552 1658 Macrobius

183 1680 317 1741 eandem
340 1680 534 1742 traditionem
557 1680 597 1741 ad
620 1679 704 1759 ipsos
726 1680 897 1761 Aegyptios
922 1681 1025 1752 refert,
1048 1687 1081 1741 ut
1104 1679 1149 1750 ita
1170 1697 1247 1759 pene
1270 1699 1337 1743 cum
1359 1682 1427 1761 ipsa
1449 1691 1551 1745 astro-

184 1769 291 1830 nomia
320 1775 394 1832 nata
421 1767 522 1831 luerit.
568 1769 656 1832 Hanc
685 1768 788 1849 itaque
815 1769 961 1849 praedam
984 1769 1119 1832 Urense
1149 1768 1225 1830 rictu
1253 1769 1371 1844 amisit,
1404 1770 1473 1834 dum
1500 1773 1553 1835 vix

184 1865 351 1937 conspectu
374 1858 465 1919 Mart.
492 1855 636 1936 Capellae
668 1857 785 1920 nomine
813 1859 844 1919 in
868 1855 1045 1939 Gopernico,
1078 1858 1107 1919 in
1131 1857 1187 1919 boc
1211 1877 1300 1920 unum
1333 1858 1468 1922 intentus
1491 1872 1550 1937 est,

186 1967 223 2009 ne
248 1945 367 2028 quidem
383 1944 542 2026 Copernici
565 1946 779 2009 indicationem
802 1948 987 2027 expendens.
1033 1944 1216 2018 Quaesisset
1233 1946 1312 2008 enim
1335 1947 1454 2025 saltem,
1480 1952 1548 2031 qui·

186 2055 258 2098 nam
283 2044 385 2097 essent
408 2036 451 2097 illi
475 2035 528 2097 alii
551 2036 737 2111 Latinorum,
759 2056 833 2117 quos
858 2036 938 2098 idem
962 2055 1030 2100 cum
1043 2035 1195 2097 Martiano
1222 2036 1458 2119 „percallniese“
1485 2039 1548 2103 Ge·

184 2126 326 2204 pernices
349 2125 495 2199 allinnat3
519 2126 691 2205 quaesisset
706 2126 862 2207 cujusnam
887 2145 904 2186 e
921 2125 1040 2188 Latinis
1060 2123 1231 2186 auctoribus
1247 2136 1352 2188 essent
1369 2127 1422 2190 illa
1438 2128 1548 2192 verba:
1570 2145 1577 2157 ’

188 2232 374 2288 „conversam
398 2212 541 2275 absidas“
568 2234 644 2295 qnae
669 2213 854 2293 Cepernicus
879 2233 895 2275 e
923 2214 1019 2275 Plinio
1042 2212 1264 2292 transscripsit.
1486 2275 1493 2292 ¹

278 2303 385 2366 Placet
406 2322 477 2364 vero
501 2304 538 2364 de
562 2303 620 2365 hac
643 2302 722 2364 circa
737 2304 888 2366 Venerem
913 2311 945 2364 et
958 2302 1138 2364 Mercurium
1152 2301 1313 2382 hypothesi
1336 2300 1548 2367 verbatrans-

186 2391 331 2465 scribere,
354 2398 389 2452 ut
411 2411 486 2471 quae
506 2391 573 2470 jam
596 2392 658 2454 dini
683 2392 847 2454 luculenter
871 2399 1049 2472 appareant.
1097 2389 1244 2469 Capellae
1260 2390 1354 2452 verba
1377 2391 1550 2456 clarerent

187 2501 227 2546 ex
249 2480 302 2542 lib.
327 2479 430 2546 VIII-z
462 2481 554 2555 ,Tria
577 2481 649 2543 item
673 2501 710 2543 ex
734 2481 779 2542 bis
803 2500 869 2542 cum
892 2480 965 2542 Sole
988 2480 1133 2559 Lunaque
1157 2479 1258 2541 orbem
1283 2480 1394 2541 Terrae
1417 2480 1547 2546 circnm-

187 2577 269 2644 eunt,
295 2569 319 2644 Ω
344 2588 415 2632 vero
434 2577 466 2631 et
488 2572 510 2647 q
533 2589 591 2632 non
614 2570 749 2632 ambiunt
772 2570 926 2632 Terram.“
973 2569 1015 2630 Et
1028 2568 1133 2647 paucis
1157 2567 1343 2648 interjectis:
1370 2587 1461 2643 „nam
1475 2569 1548 2633 licet

187 2668 272 2724 ortae
288 2677 478 2738 ¹occasusque
502 2659 692 2738 quotidianos
716 2658 892 2733 ostendant,
916 2666 1019 2720 tamen
1042 2677 1145 2719 eornm
1167 2657 1269 2719 circuli
1294 2658 1405 2721 Terras
1427 2658 1546 2722 omnino

187 2767 246 2814 neu
270 2747 416 2824 ambiunt,
450 2747 503 2823 sed
527 2749 609 2812 circa
631 2747 735 2811 Solem
750 2748 878 2818 'laxiore
903 2747 1018 2809 ambitu
1048 2744 1256 2809 obcelentur.
1286 2747 1423 2828 Denique
1447 2747 1546 2812 cira-

189 2838 283 2900 lurnm
311 2856 432 2902 sucrum
460 2845 582 2902 centron
611 2838 641 2900 in
665 2835 736 2900 Sole
765 2829 968 2918 constituunt,
1002 2835 1047 2897 ita
1079 2844 1227 2916 utsupra
1251 2835 1347 2916 ipsum
1374 2836 1548 2916 aliqnando,

187 2926 266 2988 infra
287 2926 461 3006 plerumque
489 2926 716 3006 propinquiores
740 2925 839 2988 Terris
870 2925 1035 2987 ferantur.“
1083 2925 1166 2986 infra
1189 2943 1275 2998 vero,
1308 2943 1374 2988 cum
1401 2925 1485 3004 prius
1509 2926 1548 2988 de

189 3015 277 3094 Luna
297 3025 329 3077 et
352 3014 423 3080 Sole
447 3017 615 3095 mutuisque
643 3014 674 3078 in
696 3033 764 3075 sese
788 3025 820 3075 et
843 3014 872 3078 in
897 3015 993 3076 Terra
1015 3013 1172 3076 affectibus
1203 3014 1330 3092 egisset,
1357 3013 1469 3076 ordinis
1493 3034 1545 3076 ra-

187 3105 270 3168 tione
293 3104 333 3166 ad
355 3124 408 3167 ecs
431 3104 582 3184 pervenit,
616 3103 685 3183 „qni
710 3105 791 3165 circa
813 3101 916 3166 Solem
946 3102 1157 3183 peragratione
1181 3103 1331 3167 mundana
1353 3103 1544 3180 volvuntnr‚“

190 3191 215 3267 9
240 3202 272 3256 et
285 3197 322 3270 ti,
348 3212 471 3273 quorum
495 3193 642 3268 „circulos
657 3192 807 3274 epicyclos
824 3212 901 3268 esse,
926 3192 1140 3272 superioribus,
1164 3191 1218 3261 ait,
1242 3193 1456 3267 memorasse,“
1482 3192 1501 3254 i.
1518 3185 1564 3257 e.'
1641 3263 1643 3266 ¹

191 3300 271 3357 „nen
294 3283 373 3348 intra
397 3281 541 3346 ambitum
564 3281 714 3362 proprium
737 3281 951 3344 rotunditatem
971 3280 1101 3346 Telluris
1124 3280 1286 3356 includere,
1310 3281 1363 3343 sed
1388 3283 1426 3344 de
1450 3282 1545 3344 latere

189 3372 300 3433 Terrae
333 3371 549 3451 quodammodo
583 3370 796 3436 cbcnmduci.“
849 3371 888 3433 ln'
920 3389 976 3451 quo
1010 3370 1143 3453 epicyclc
1177 3371 1329 3450 quomodc‘
1357 3380 1544 3447 moveantur,

189 3460 269 3522 inira
298 3461 328 3521 in
352 3460 471 3522 Venere
501 3460 637 3526 declarat
658 3459 705 3521 his
729 3459 844 3522 verbis:
878 3459 931 3534 „in
955 3477 1010 3520 suu
1037 3460 1139 3539 posita
1162 3459 1273 3521 circulo
1297 3478 1363 3520 enm
1386 3458 1473 3520 varia
1492 3460 1544 3522 'di-

188 3550 336 3614 versitate
358 3549 535 3624 circumdat,
570 3550 639 3630 quia
661 3549 822 3629 aliquando
851 3566 918 3609 enm
940 3547 1134 3621 transcurrit,
1168 3547 1329 3628 aliquando
1352 3547 1546 3629 subsequitur

189 3657 243 3702 nee
266 3638 503 3718 comprehendit,
528 3639 687 3718 aliquando
711 3638 906 3718 superfertur,
931 3655 1140 3717 nonnunquam
1156 3635 1436 3718 subjacet.“‘Haec
1451 3638 1546 3700 verba

189 3736 220 3789 et
243 3728 413 3789 sententiae
438 3728 584 3808 quomodo
609 3728 768 3806 desumpta
792 3725 854 3787 sint
876 3743 916 3786 ex
938 3725 1006 3787 aliis
1024 3725 1092 3804 jam
1114 3724 1243 3804 patebit.

276 3816 367 3879 Plinii
390 3835 475 3878 mens
497 3817 527 3878 in
551 3816 690 3896 ambiguo
714 3823 762 3877 est
786 3833 852 3876 cnm
874 3814 1031 3877 verborum
1051 3813 1236 3880 obscuritate
1260 3821 1324 3878 tum
1348 3813 1545 3894 interpretum

187 3906 217 3967 in
241 3906 296 3966 boc
321 3905 441 3984 negotio
460 3904 652 3968 auctoritate.
700 3904 811 3966 Valido
826 3904 971 3984 probatur
994 3910 1169 3984 argumento
1194 3921 1232 3963 ex
1246 3921 1313 3982 cap.
1329 3902 1417 3968 VIM.
1434 3905 1485 3967 lib.
1501 3905 1544 3970 11.

134 4063 139 4066 ,
189 3993 333 4075 Capellae
364 4003 494 4056 mentem
517 3994 614 4055 Plinio
642 4013 700 4055 non
732 3993 825 4056 fuisse
852 4002 1053 4073 perspectam.
1099 3992 1145 4054 Εο
1173 4011 1279 4072 nempe
1312 3988 1378 4054 loco
1411 4012 1478 4056 cnm
1507 4012 1545 4053 ex

186 4085 324 4164 professo
348 4084 494 4162 sphaeras
518 4083 685 4156 ordinaret,
711 4083 813 4157 „infra
835 4081 947 4157 Solem,
971 4082 1077 4163 inquit,
1102 4080 1196 4143 ambit
1210 4082 1316 4162 ingens
1332 4080 1415 4143 eidus
1435 4081 1543 4161 appel·

188 4175 282 4234 latum
297 4171 461 4234 Veneris.“
506 4171 549 4233 Et
579 4171 668 4251 patilo
691 4180 764 4251 post
785 4171 972 4251 „proximum
998 4170 1110 4233 Veneri
1133 4170 1216 4232 sidus
1238 4169 1380 4232 Mercurii
1402 4169 1543 4232 inferiore

187 4262 297 4324 cuculo
321 4261 447 4323 fertur.“

276 4350 479 4414 Retinuernnt
500 4349 576 4410 haec
599 4346 692 4408 verba
716 4346 927 4424 Collimitium‚
956 4347 1139 4427 Zieglerum,
1164 4346 1333 4429 Mycillnm,
1362 4344 1543 4434 interpretes

187 4440 277 4502 Plinii
300 4460 359 4502 non
382 4439 540 4513 immerito,
566 4454 623 4517 quo
647 4435 744 4502 minus
768 4438 903 4512 inferius,
928 4456 996 4499 cum
1018 4437 1048 4498 in
1063 4436 1165 4515 specie
1184 4435 1300 4497 Plinius
1316 4435 1352 4497 de
1368 4434 1489 4498 Venere
1513 4443 1545 4500 et

187 4530 335 4594 Mercurio
364 4529 458 4590 verba
485 4528 573 4602 lacit,
607 4526 635 4587 in
658 4524 756 4589 Plinio
787 4524 945 4605 Capellam
973 4544 1137 4605 agnoscere
1165 4525 1288 4586 vellent.
1335 4523 1415 4586 Sunt
1441 4533 1544 4588 autem

188 4619 324 4686 baccea
342 4635 408 4697 cap.
432 4616 556 4680 XVII.:
591 4614 746 4690 „Primum
769 4614 860 4694 igitur
884 4614 1017 4683 dicatur,
1041 4633 1093 4676 cur
1116 4613 1146 4673 hi
1169 4613 1227 4674 duc
1251 4632 1400 4694 nunquam
1424 4614 1543 4694 longius

190 4705 302 4769 uSole
326 4706 504 4779 abscedant,
528 4724 619 4785 saepe
643 4705 681 4766 sd
701 4703 803 4766 Solem
824 4702 1046 4782 reciprceenti.
1076 4699 1247 4764 Conversas
1261 4701 1376 4768 babent
1398 4710 1543 4785 utraeque

188 4797 312 4862 absides
336 4805 370 4858 ut
391 4795 473 4858 inira
493 4793 598 4860 Solem
621 4792 711 4872 sitae,
734 4801 909 4875 tentumque
932 4790 1053 4878 arculis
1076 4809 1178 4856 earum
1201 4792 1305 4856 subter
1328 4799 1376 4855 est
1399 4801 1542 4876 qnantum
