3609 5634
744 358 907 415 hamtuna
1459 354 1502 423 53

113 515 177 579 erit
200 535 284 583 cum
309 522 583 599 utilitats‚·rebus
601 522 667 602 jam
688 521 865 602 prostratis,
896 520 981 583 nulla
1002 519 1075 584 mihi
1101 520 1159 584 nisi
1186 521 1275 583 valde
1298 520 1448 584 laboriosa
1470 527 1503 584 et

112 604 261 671 molesta
287 612 457 693 provincia
479 612 652 675 demandari
674 611 796 691 poterit,
821 610 940 692 qualem
962 611 1065 672 forsan
1088 619 1121 673 et
1138 611 1309 690 provisores
1328 610 1422 672 vestri
1445 611 1501 673 de·

112 704 290 762 nectant:
320 702 375 764 cui
398 720 517 782 operae,
540 701 686 763 siminus
711 718 767 780 ego
788 707 912 781 proptet
935 700 1118 781 superbiam,
1142 708 1224 763 certe
1246 706 1368 782 propter
1390 700 1503 780 ingenii

112 785 371 854 volubilitatem
394 799 427 854 et
444 792 579 854 laborum
598 790 816 872 impatientiam
834 789 953 870 ineptus
973 809 1048 865 sum,
1073 790 1123 852 alii
1142 789 1253 852 rectius
1272 788 1500 867 adhibebuntur.

112 877 187 938 Non
214 878 312 943 latet
339 881 526 962 inspectores
549 898 633 942 meos
656 899 705 942 res
729 879 809 941 ista:
834 898 928 965 eoqne
948 880 990 954 fit,
1015 887 1049 942 nt
1070 899 1107 941 ne
1128 880 1247 961 quidem
1269 878 1503 960 cogitationibus

112 964 182 1028 suis
208 986 267 1030 me
297 970 458 1033 destinent
479 969 631 1032 laboribus
655 968 856 1032 scholasticis.
894 967 1027 1049 Cupiunt
1048 987 1095 1031 me
1119 969 1162 1032 nti
1186 970 1242 1031 hoc
1262 969 1323 1033 otio
1341 988 1407 1030 meo
1431 969 1501 1048 phi-

113 1057 294 1138 losophico
314 1060 358 1122 ad
375 1060 570 1123 illustrandas
585 1058 759 1139 disciplinas
773 1058 1020 1120 mathematicas:
1045 1066 1077 1120 et
1099 1058 1125 1121 si
1148 1078 1240 1138 penes
1264 1059 1346 1140 ipsos
1369 1061 1499 1134 steterit,

114 1165 292 1227 nunqnam
320 1149 395 1212 mihi
422 1148 566 1212 salarium
592 1167 689 1211 meum
717 1146 922 1229 sabrogabitur.
968 1145 1031 1209 Sed
1058 1148 1093 1210 fit
1119 1148 1228 1229 injuria
1253 1157 1433 1229 temporum,
1466 1155 1502 1211 ut

113 1235 178 1299 frui
204 1236 276 1300 hac
304 1239 441 1321 ipsorum
464 1238 578 1320 optima
599 1238 753 1300 voluntate
777 1238 827 1301 din
849 1257 907 1300 oon
931 1237 1054 1316 possim.
1087 1236 1200 1317 Siqua
1222 1239 1268 1301 vis
1291 1258 1330 1300 ex
1347 1237 1418 1301 aula
1439 1237 1499 1300 mi-

114 1325 234 1389 nistris
261 1344 430 1407 procerum
451 1327 577 1407 ingruit,
606 1327 636 1389 ei
661 1327 719 1407 ipsi
743 1346 858 1408 qnoque
880 1334 952 1390 sunt
974 1327 1107 1402 obnoxii,
1136 1333 1254 1390 tantum
1282 1327 1370 1390 abest
1396 1333 1430 1389 nt
1452 1346 1499 1389 me

115 1415 324 1480 defendant.
368 1417 417 1479 Ex
439 1419 537 1480 altera
557 1423 644 1498 parte
657 1402 743 1479 'sunt
764 1415 842 1479 inter
864 1435 1022 1497 proceres,
1057 1415 1106 1496 qoi
1138 1416 1216 1497 qnod
1243 1416 1412 1479 academias
1441 1416 1498 1479 ad-

114 1504 244 1569 iverint
272 1507 449 1589 opinionem
472 1506 585 1568 habeut
607 1505 791 1580 eruditionis,
817 1506 923 1588 quibus
942 1506 998 1568 hoc
1016 1512 1154 1584 praestat
1177 1504 1344 1581 literatura,
1368 1514 1408 1569 ut
1424 1526 1499 1569 con·

116 1594 262 1659 fidentia
285 1596 421 1679 quadarn
434 1602 557 1659 utantur
579 1595 609 1657 in
633 1596 858 1658 contemnendis
880 1594 963 1659 hisce
986 1594 1208 1658 mathematicis
1231 1594 1496 1677 speculationibus.

117 1684 231 1748 Penes
259 1704 345 1767 quos
368 1704 434 1748 com
457 1685 499 1748 sit
521 1683 564 1747 rei
586 1698 712 1761 summa,
737 1684 848 1760 nescio,
871 1703 960 1765 qnam
984 1685 1034 1747 dio
1053 1703 1100 1746 me
1119 1692 1256 1748 tntatnra
1278 1685 1319 1747 sit
1341 1684 1497 1765 inspecto-

118 1792 191 1837 rum
219 1775 384 1838 autoritas
407 1782 512 1837 cootra
533 1774 652 1837 illorum
673 1773 825 1850 invidiam,
849 1774 908 1855 qni,
932 1782 965 1835 ot
988 1772 1058 1836 olim
1075 1774 1240 1836 Florentini
1262 1781 1368 1837 contra
1381 1774 1498 1837 Philei-

120 1862 238 1943 phum,
267 1865 319 1927 sic
341 1864 430 1927 hodie
452 1871 558 1927 uontm
580 1881 627 1925 me
650 1864 816 1938 clamitant,
840 1866 888 1927 vel
912 1870 994 1926 certe
1018 1864 1192 1939 mussitant,
1216 1882 1275 1927 non
1294 1865 1358 1945 jam
1381 1871 1498 1945 tempos

122 1972 198 2015 esse
232 1953 394 2029 discendi,
424 1953 479 2015 sed
505 1952 722 2031 belligerandi3
748 1953 823 2015 irem
850 1953 950 2032 potins
979 1953 1010 2015 in
1034 1950 1242 2029 Germaniam,
1272 1974 1348 2037 quae
1372 1972 1431 2015 non
1453 1954 1499 2016 ita

123 2049 301 2122 prematur
324 2041 538 2106 incursionibus
561 2042 705 2105 Torcicis.
753 2040 868 2114 Quibus
892 2042 1027 2106 omnibus
1050 2042 1176 2123 aliisque
1199 2044 1236 2106 de
1259 2042 1359 2106 causis
1382 2042 1496 2124 opinor,

123 2140 324 2196 excusatam
346 2152 413 2196 esse
436 2132 516 2214 apud
538 2139 569 2194 te
592 2131 668 2193 hano
690 2131 925 2212 inquietudinem
948 2140 980 2194 et
1001 2131 1222 2214 impatientiam
1240 2152 1346 2197 meam.
1385 2131 1496 2207 Quare,

125 2229 163 2283 ot
187 2222 393 2296 concludam,
421 2240 558 2285 reversus
585 2221 625 2283 ad
650 2220 838 2303 principium,
867 2240 934 2283 cum
961 2239 1021 2282 non
1047 2222 1147 2302 possit
1169 2241 1237 2284 esse
1261 2223 1400 2297 diuturna
1422 2222 1497 2284 haec

124 2329 206 2373 mea
229 2311 379 2385 conditio,
403 2310 537 2374 omnibus
560 2309 657 2372 modis
680 2331 700 2373 a
721 2318 752 2373 te
774 2319 861 2390 peto,
887 2318 921 2373 ot
943 2329 1033 2391 super
1054 2310 1111 2373 hac
1133 2330 1201 2373 mea
1222 2329 1366 2393 perquam
1388 2330 1496 2374 neces-

128 2400 220 2463 saria
246 2401 469 2464 consultatione
493 2399 565 2463 mihi
588 2400 679 2462 animi
700 2399 745 2462 tui
767 2419 858 2461 sensa
881 2398 1018 2484 aperias:
1042 2408 1131 2482 teque
1150 2400 1246 2482 ipsum
1268 2401 1405 2482 tingendo
1429 2419 1496 2463 meo

128 2488 162 2551 in
176 2490 254 2553 loco
271 2490 448 2565 constituas,
473 2498 514 2566 et,
539 2489 609 2571 qnid
624 2497 657 2553 tu
672 2489 806 2552 facturus
822 2490 859 2550 de
873 2489 1052 2570 migratione
1069 2508 1162 2564 esses,
1187 2490 1310 2553 indices.
1348 2491 1495 2552 Totumne

132 2578 178 2642 sit
201 2586 239 2642 et
264 2581 491 2661 expeditumet
512 2599 579 2642 cnm
601 2597 655 2659 spe
678 2577 872 2659 promotionis
896 2577 1044 2653 futurum,
1080 2579 1107 2642 si
1139 2578 1307 2660 Tubingam
1337 2598 1384 2644 me
1421 2598 1495 2641 con-

133 2668 259 2742 teram3
292 2689 331 2731 an
362 2676 499 2749 praestet
527 2668 558 2730 in
590 2668 681 2731 aliam
713 2667 841 2730 transire
874 2668 1083 2731 academiam?
1127 2667 1162 2730 Si
1189 2669 1286 2731 minos
1315 2675 1416 2732 cetera
1437 2666 1495 2730 hoc

135 2757 292 2820 facientia
314 2758 354 2820 ad
375 2777 423 2821 rne
444 2758 490 2820 vis
513 2757 706 2839 perscribere,
729 2775 858 2836 parcens
872 2758 1002 2819 semaam
1021 2758 1149 2837 privatis
1173 2758 1321 2838 aliquibus
1345 2765 1397 2820 ant
1420 2778 1495 2820 aca-

137 2846 262 2910 demiae
285 2848 362 2923 toti,
387 2854 440 2910 aut
462 2847 620 2909 consulens
644 2865 821 2909 arcanorum
844 2846 1063 2909 conscientiae:
1095 2854 1128 2909 at
1151 2847 1203 2910 illa
1226 2847 1364 2928 vulgaria
1386 2846 1493 2921 scribe,

137 2937 221 3016 quod
246 2937 376 3020 pretinm
397 2929 468 3012 vini,
494 2936 646 3010 frumenti,
671 2935 720 3016 qui
743 2930 927 2998 commeatus
951 2936 1138 3016 cupediarios
1162 2939 1235 3009 (non
1259 2937 1338 2999 euim
1360 2934 1496 2999 assuevit

136 3042 217 3088 uxor
242 3045 310 3089 msa
332 3024 409 3088 labis
432 3025 585 3099 victitare)
608 3025 657 3106 qui
680 3024 785 3088 modus
813 3024 1068 3089 conducendorum
1096 3026 1228 3100 aedium,
1257 3034 1289 3088 et
1314 3024 1345 3087 in
1372 3043 1492 3105 genere,

137 3123 258 3195 quanto
280 3123 379 3178 sumtu
401 3114 465 3177 vita
487 3122 613 3201 quatuor
635 3115 684 3177 vel
710 3113 849 3196 quinque,
864 3114 1015 3178 hominum
1042 3116 1206 3195 vulgariter
1228 3115 1258 3177 iu
1282 3134 1389 3177 annum
1411 3115 1492 3177 tole-

139 3205 251 3266 retur?
286 3205 344 3267 Hic
367 3212 434 3267 estc
456 3204 643 3267 necessarios
666 3203 870 3284 responsionis
893 3213 964 3267 tuae
988 3222 1106 3285 scopos.
1154 3204 1204 3287 Ad
1227 3210 1329 3267 cetera
1353 3223 1412 3267 non
1436 3202 1493 3265 nisi

140 3311 197 3372 per
222 3294 326 3357 otium.
359 3293 487 3377 Jamque
509 3294 632 3356 tandem
649 3294 726 3369 vale,
751 3302 782 3355 ct
804 3291 1113 3357 clunensium
1136 3294 1256 3357 affinem
1279 3313 1374 3357 meum
1397 3294 1494 3357 hono·

142 3381 226 3446 riliee
250 3383 360 3445 saluta.
403 3383 437 3445 In
461 3403 569 3463 genere
592 3402 663 3445 vero
687 3401 734 3444 me
758 3383 894 3446 omnihus
919 3383 1043 3464 collegis
1067 3384 1252 3445 commenda.

239 3469 288 3537 19.
313 3467 366 3537 29.
389 3474 468 3553 Aug.
492 3467 544 3537 99.
642 3472 653 3559 ι’
758 3472 797 3534 Η.
822 3472 857 3534 Τ.
906 3470 992 3535 Grat.
1017 3473 1179 3554 discipulos

213 3650 346 3715 Nuucins
367 3651 399 3714 in
420 3650 570 3714 mandatis
593 3656 625 3713 et
647 3644 717 3713 ante
734 3649 840 3713 habuit
858 3651 900 3724 (si
913 3649 1083 3732 postulatus
1103 3560 1241 3727 luterell
1258 3559 1298 3713 sl
1307 3559 1492 3733 jffffllbet
1534 3656 1538 3670 “

146 3741 185 3803 de
208 3749 281 3824 typo
303 3739 520 3817 satisfaciendi,
544 3759 611 3802 com
633 3739 798 3821 gratiarum
820 3740 950 3803 actione.
987 3739 1023 3803 Id
1046 3740 1197 3820 negotium
1219 3740 1308 3803 unica
1330 3740 1493 3804 monition-

148 3831 217 3894 cola
237 3848 411 3911 promovere
433 3836 530 3912 potes.
1330 3853 1334 3862 ·

220 3989 260 4040 Ad
276 3990 340 4040 hoec
359 3988 547 4041 Maestliuus
566 3987 691 4052 respoudit
708 3987 806 4039 demum
825 3987 849 4037 d.
870 3985 911 4038 15.
931 3986 973 4038 25.
990 3989 1049 4040 Jan.
1068 3986 1152 4038 1600:
1181 3986 1303 4055 Magnum
1319 3988 1434 4054 mihique,
1454 3991 1495 4055 qui

100 4080 107 4095 ·
148 4061 261 4124 politicus
278 4061 434 4112 nullomodo
453 4076 515 4119 surn,
533 4059 680 4125 impossibile
698 4059 861 4124 respondendi
879 4061 1030 4138 postulatum
1046 4061 1189 4125 imposuisti.
1221 4060 1253 4110 D.
1272 4060 1306 4109 D.
1326 4060 1449 4110 Gerlachii
1468 4067 1493 4111 et

149 4131 312 4184 Halourefferl
330 4133 456 4184 mosillmn
475 4138 521 4191 est,
540 4139 568 4182 ut
585 4147 629 4196 per
645 4131 752 4181 libellum
769 4132 903 4197 supplicem
916 4133 1107 4183 illustrissimum
1119 4133 1229 4182 nocuum
1247 4131 1278 4181 de
1295 4146 1409 4207 regressu
1426 4131 1492 4180 solli·

150 4205 247 4263 citeron
264 4206 348 4256 forsan
359 4207 380 4255 is
394 4205 426 4256 dc
438 4207 492 4256 loco
510 4205 643 4254 clementer
659 4205 797 4267 prospiciet
826 4203 964 4255 censentit
983 4206 1138 4256 instrumenti
1155 4219 1199 4254 seu
1218 4204 1297 4267 operis
1315 4201 1492 4259 mathematici,

150 4289 192 4338 per
208 4276 272 4340 qnod
290 4277 349 4340 Ejus
368 4276 451 4328 Celsit.
470 4276 597 4326 innotuisti
615 4272 682 4338 (vide
700 4272 776 4337 iufra)
800 4276 853 4326 fieri
870 4291 942 4339 posse
959 4278 1116 4328 mentionem.
1154 4276 1258 4338 Utinam
1280 4274 1448 4338 prudentiores
1467 4279 1493 4323 et

149 4346 175 4396 ln
189 4348 262 4398 rebus
274 4348 377 4412 politicis
389 4349 591 4414 intelligentiores
609 4362 683 4411 quom
700 4362 739 4396 me
757 4347 929 4405 consuluisses,
949 4350 1007 4413 quia
1018 4363 1075 4398 vere
1087 4348 1217 4397 infantiam
1229 4346 1270 4396 hic
1282 4359 1364 4395 meam
1377 4358 1492 4410 agnosco.

218 4418 343 4470 Frumenti
366 4423 471 4485 pretium
494 4419 560 4483 apud
583 4434 627 4468 nos
650 4423 702 4468 est:
729 4419 866 4469 medimnus
893 4420 947 4484 plns
971 4422 1098 4483 minusque
1123 4420 1139 4468 5
1162 4419 1187 4467 s.
1213 4423 1326 4474 coortam
1350 4422 1417 4465 'urna
1442 4416 1492 4465 vini

153 4487 253 4540 12-19
272 4493 367 4542 circiter
383 4492 489 4542 floronis.
517 4490 556 4540 Do
575 4492 662 4541 ceteris
680 4489 745 4539 malo
758 4491 838 4549 silere,
857 4505 931 4557 qoam
949 4492 1031 4553 inopte
1049 4490 1205 4553 respondere,
1222 4490 1281 4554 quia
1298 4488 1329 4537 dc
1346 4486 1492 4537 victualibus

151 4562 284 4613 rudioribus
297 4568 323 4613 et
333 4564 509 4631 vulgarioribns
520 4562 560 4612 vix
571 4562 703 4628 quidquam
715 4563 785 4621 novi,-
797 4562 888 4613 nedum
901 4561 931 4611 de
943 4561 1100 4617 lautioribnsr
1119 4564 1154 4610 sic
1168 4559 1381 4610 conducendorum
1393 4558 1492 4609 aedium

151 4636 269 4684 rationem
286 4635 360 4698 plane
377 4638 471 4702 ignoro.
512 4633 566 4684 Hoc
584 4636 653 4691 scio,
672 4633 735 4697 quod
753 4641 851 4698 propter
869 4630 885 4681 5
903 4634 1024 4697 principes
1043 4633 1171 4697 pluresque
1189 4632 1293 4682 barones
1312 4629 1428 4689 stallos,
1448 4630 1489 4696 qui

151 4703 190 4755 hic
208 4705 308 4770 degunt,
326 4721 419 4774 magua
435 4708 467 4757 sit
485 4707 651 4771 plerorumque
663 4704 805 4754 victualium
823 4706 933 4769 penuria.
963 4703 1046 4765 Quare
1063 4719 1113 4753 noo
1131 4709 1177 4760 est,
1196 4710 1225 4753 ot
1241 4701 1364 4753 nonnullis
1382 4703 1491 4767 privatis,

154 4782 197 4825 aut
212 4779 258 4826 toti
270 4778 377 4838 scholae,
395 4782 446 4829 sivo
459 4791 604 4829 arcanorum
616 4776 791 4834 conscientias,
809 4783 838 4827 nt
855 4777 947 4835 scribis,
967 4774 1101 4832 consulam,
1120 4775 1165 4825 scd
1181 4789 1239 4825 mea
1256 4774 1363 4824 inlantis
1379 4773 1404 4823 in
1422 4774 1491 4824 hisee

152 4848 255 4897 scribere
272 4865 322 4900 oon
339 4851 405 4907 cluit,
423 4864 487 4916 quas
505 4848 622 4913 postulas.
659 4847 766 4905 Obsecro
785 4862 852 4912 ergo,
869 4854 898 4896 ut
916 4861 948 4898 ea
963 4861 1013 4896 non
1031 4844 1170 4907 offendaris,
1189 4847 1233 4898 sed
1250 4848 1301 4896 ista
1319 4847 1350 4897 ab
1368 4845 1430 4903 allis,
1449 4845 1490 4911 qui

153 4919 244 4984 auser
260 4924 340 4986 maus
357 4927 428 4980 aas,
447 4928 547 4990 apsa
565 4920 626 4971 sss
644 4917 689 4970 os.
1201 4951 1203 4954 ψ
