3609 5634
858 1272 980 1371 Caput
1006 1271 1035 1346 1.

397 1451 532 1531 'Quibus
553 1449 732 1512 rationibus
755 1447 924 1531 camasi
945 1447 1130 1530 hypotheses
1143 1447 1229 1528 fiant
1251 1455 1483 1511 emmam.

609 1555 654 1618 Bt
676 1553 846 1637 explicatio
870 1553 1087 1636 hypothesium
1112 1551 1286 1656 Oopervaici.

354 1714 424 1776 Etsi
447 1713 528 1793 pium
552 1721 610 1784 est,
633 1713 737 1775 statim
761 1711 799 1773 ab
823 1710 909 1772 initio
933 1710 1020 1791 hujus
1044 1711 1081 1772 de
1101 1718 1210 1772 natura
1224 1710 1438 1791 disputationis
1454 1711 1565 1787 videre,
1589 1732 1631 1773 an

268 1804 338 1866 nihil
364 1802 468 1865 Sacris
491 1800 604 1863 Literis
627 1800 810 1863 contrarium
834 1798 968 1861 dicatur:
993 1795 1241 1881 intempestivum
1262 1809 1363 1861 tamen
1387 1799 1537 1872 existimo,
1561 1820 1632 1862 eam

268 1890 503 1954 controversiam
525 1888 572 1951 hic
592 1909 711 1952 movere
735 1888 818 1969 prius
841 1896 933 1968 atque
957 1888 1110 1952 solliciter.
1126 1893 1154 1962 ⁸)
1186 1888 1265 1950 Illud
1288 1888 1317 1949 in
1340 1906 1451 1968 genere
1474 1888 1630 1969 promitto,

268 1981 339 2042 nibil
362 1999 410 2042 me
435 1977 593 2052 dicturum,
619 1980 698 2059 qnod
721 1980 750 2038 in
775 1976 887 2039 Sacras
911 1976 1033 2038 Literna
1056 1976 1192 2056 injurium
1216 1976 1271 2052 sit,
1296 1985 1328 2038 et
1350 1976 1376 2037 si
1399 1978 1484 2056 eujus
1508 1976 1630 2057 Caper-

268 2070 351 2130 nicns
375 2087 490 2129 mecum
509 2067 717 2141 convincatur,
742 2085 796 2145 pro
821 2064 900 2126 nullo
925 2064 1106 2128 habitnmm.
1140 2066 1241 2146 Atque
1260 2084 1298 2127 ea
1311 2084 1396 2126 mens
1413 2065 1485 2127 mibi
1508 2084 1632 2146 semper

269 2157 339 2229 fnit,
366 2157 435 2218 inde
459 2176 478 2215 a
501 2175 559 2235 quo
583 2154 741 2235 Capernici
765 2152 997 2216 Revolntionum
1022 2152 1117 2215 libros*
1137 2171 1318 2233 cognoscere
1343 2154 1436 2233 coepi.

356 2243 433 2307 Cum
457 2244 548 2323 igitur
571 2244 627 2306 hac
651 2244 679 2306 in
704 2253 791 2325 parte
815 2242 908 2325 nulla*
922 2241 1064 2321 religione
1079 2240 1258 2322 impedirer,
1281 2261 1339 2323 qno
1362 2242 1459 2305 minus
1479 2240 1629 2322 Copemi-

267 2355 334 2396 curn
358 2333 383 2395 si
407 2343 612 2394 consentanea
635 2333 750 2395 diceret
774 2330 924 2402 audirem,
954 2329 1082 2410 primam
1105 2331 1193 2392 fidem
1217 2330 1288 2393 mihi
1313 2331 1386 2392 lecit
1408 2331 1461 2393 illa
1482 2332 1627 2410 pulcher-

268 2423 343 2484 rima
365 2421 504 2495 omnium,
531 2441 607 2502 quae
632 2421 768 2482 incaelo
793 2426 952 2500 apparent,
976 2439 1043 2482 cum
1065 2419 1187 2499 placitis
1212 2417 1370 2500 Copernici
1394 2421 1569 2482 consensio:
1594 2430 1631 2483 ut

268 2510 316 2592 qni
341 2529 397 2572 non
423 2510 519 2571 solum
542 2518 642 2571 motus
666 2508 848 2589 praeteritos
864 2527 901 2569 ex
916 2506 1024 2569 ultima
1038 2509 1218 2589 antiquitate
1233 2507 1379 2589 repetitos
1394 2509 1628 2581 demonstraret,

267 2601 321 2661 sed
346 2599 439 2662 etiam
463 2599 580 2660 futuros
604 2605 713 2667 antea,
743 2617 800 2662 nnn
825 2596 945 2677 quidem
968 2596 1151 2673 certissime,
1185 2599 1238 2659 sed
1267 2608 1367 2660 mmen
1393 2599 1481 2679 longe
1505 2598 1627 2671 certius,

267 2709 356 2768 qnam
378 2687 588 2760 Ptolemaeus,
619 2688 793 2766 Alpbonsus
821 2695 853 2746 et
876 2685 986 2756 ceteri,
1010 2684 1134 2749 diceret.
1180 2679 1259 2749 Illud
1282 2695 1383 2748 autem
1406 2687 1494 2768 longe
1518 2686 1627 2764 majus,

246 2777 350 2858 -quod,
370 2795 446 2855 quae
476 2795 513 2836 ex
542 2774 609 2837 aliis
642 2774 744 2837 mirari
777 2773 940 2845 discimus,
973 2792 1075 2836 eorum
1108 2776 1191 2836 solus
1216 2773 1400 2855 Copernicus
1428 2775 1628 2854 pulcherrime

268 2866 413 2926 rationem
437 2864 546 2938 reddit,
572 2860 986 2944 causamqne‘admirationis,
1012 2881 1087 2944 qnae
1111 2873 1159 2924 est
1178 2863 1327 2943 ignoratio
1342 2883 1509 2938 causarum,
1535 2863 1626 2925 toltit.

266 2955 424 3033 Nunquam
454 2952 485 3013 id
519 2952 636 3014 facilius
669 2953 796 3013 docuero
830 2952 993 3023 lectorem,
1029 2970 1119 3031 quam
1150 2951 1177 3012 si
1206 2952 1244 3012 ad
1267 2951 1482 3014 Narrationem
1505 2951 1626 3014 Rbetici

258 3042 425 3122 'legendam
449 3041 492 3101 illi
516 3049 622 3102 auctor
646 3048 677 3101 et
699 3057 861 3121 persuasor
885 3037 1027 3102 existam.
1065 3039 1145 3101 Nam
1169 3039 1251 3120 ipsos
1267 3038 1426 3122 Copernici
1450 3041 1541 3102 libros
1559 3039 1626 3101 Re-

266 3130 451 3193 rointionum
474 3128 576 3208 legere
601 3148 658 3190 non
682 3127 819 3190 omnibus
842 3137 943 3188 vacat.

356 3219 457 3296 Atque
481 3217 538 3279 hcc
562 3219 627 3279 loco
651 3235 800 3297 nunquam
824 3214 967 3276 assentiri
989 3214 1073 3294 potui
1098 3215 1172 3290 illis,
1207 3215 1256 3297 qui
1285 3215 1354 3277 freti
1382 3216 1519 3296 exemplo
1543 3215 1625 3278 acci·

269 3305 422 3368 denteriae
448 3305 728 3379 demonstrationis,
762 3323 837 3385 qnae
862 3323 900 3364 ex
924 3303 1011 3365 falsis
1033 3305 1209 3384 praemissis
1232 3305 1415 3367 necessitate
1440 3303 1628 3385 syllogistica

268 3415 370 3457 cccrum
394 3394 506 3474 aliquid
529 3392 638 3468 infert,
654 3391 682 3466 b)
715 3391 782 3473 qui,
808 3392 948 3471 inquam,
971 3392 1028 3453 hcc
1051 3392 1188 3471 exemplo
1213 3393 1282 3455 freti
1306 3394 1539 3467 contendebant,
1562 3391 1626 3454 fieri

268 3503 368 3565 posse,
395 3491 428 3544 nt
451 3484 548 3544 salsae
572 3481 641 3556 sint,
667 3501 742 3563 qnae
768 3478 935 3561 Copernico
959 3481 1081 3560 placent
1103 3481 1302 3563 hypotheses,
1325 3493 1358 3544 et
1380 3492 1481 3545 tamen
1505 3501 1543 3544 ex
1566 3481 1627 3544 illis
1662 3547 1675 3570 ‚

270 3593 340 3635 vera
364 3593 527 3648 ouercam
549 3579 694 3649 tanquam
717 3589 755 3631 ex
778 3568 915 3648 genuinis
939 3568 1092 3650 principiis
1115 3579 1288 3651 sequantur.
1430 3573 1434 3579 ’

358 3659 538 3739 Exemplum
561 3658 640 3719 enim
664 3678 723 3720 non
747 3658 885 3738 quadrat.
933 3659 1012 3720 Nam
1040 3658 1102 3720 ista
1129 3660 1254 3740 sequela
1280 3679 1319 3722 ex
1342 3660 1429 3721 falsis
1451 3657 1628 3738 praemissis

271 3747 395 3810 t'crtnita
418 3757 484 3822 est,
515 3753 546 3809 et
570 3764 645 3827 quae
670 3746 738 3809 falsi
762 3756 870 3808 natura
898 3755 960 3822 est,
992 3746 1121 3825 primum
1144 3758 1234 3829 atque
1259 3748 1310 3809 alii
1332 3749 1376 3810 rei
1400 3756 1547 3828 cognatae
1571 3766 1627 3808 ac-

270 3835 486 3907 commodatur,
510 3834 654 3916 seipsam
669 3835 783 3916 prodit:
807 3835 864 3897 nisi
889 3843 996 3916 sponte
1015 3836 1164 3898 concedas
1184 3837 1422 3916 argumentatori
1445 3835 1498 3911 illi,
1523 3846 1556 3898 ιιι
1579 3835 1627 3895 in-

271 3923 372 3986 finitas
392 3923 468 3984 alias
484 3923 579 3986 falsas
593 3923 813 4004 propositiones
829 3932 974 3998 assumat,
1000 3943 1054 3986 nec
1078 3944 1208 4005 unquam
1231 3925 1260 3986 in
1285 3929 1447 4006 progressu
1469 3943 1627 4004 regressu-

271 4012 407 4093 quesibi
433 4011 489 4091 ipsi
513 4021 643 4075 constet.
690 4011 790 4075 Aliter
818 4032 851 4074 se
879 4033 929 4074 res
957 4012 1049 4076 habet
1076 4032 1143 4075 cum
1178 4032 1232 4089 eo,
1267 4013 1317 4094 qni
1341 4013 1444 4078 Solem
1472 4013 1500 4074 in
1525 4021 1628 4075 centro

271 4102 410 4163 collocat.
457 4102 537 4162 Nam
555 4101 628 4180 jube
652 4100 800 4182 quidlibet
822 4120 944 4184 eorum,
977 4120 1053 4180 quac
1085 4121 1193 4165 revera
1219 4102 1248 4164 in
1277 4103 1361 4165 coelo
1390 4110 1556 4183 apparent,
1591 4119 1629 4163 ex

270 4189 364 4252 semel
388 4189 488 4268 posita
512 4189 671 4269 hypothesi
695 4191 917 4260 demonstrare,
940 4188 1076 4268 regredi,
1100 4192 1259 4271 progredi,
1283 4212 1374 4254 unum
1397 4211 1435 4253 ex
1457 4191 1517 4252 alio
1541 4190 1629 4252 colli·

271 4297 352 4358 gere,
377 4288 408 4339 et
431 4277 550 4358 quidvis
573 4297 675 4356 agere,
699 4297 775 4358 quae
800 4278 913 4339 veritas
938 4296 1036 4339 rerum
1058 4277 1194 4357 patitur:
1218 4299 1314 4361 neque
1338 4280 1387 4344 ille
1412 4278 1577 4341 haesitabit
1598 4279 1629 4339 in

272 4370 350 4441 ιιΙΙο,
376 4365 400 4427 si
425 4365 583 4445 genuinum
607 4365 660 4438 sit,
684 4374 716 4427 et
740 4368 787 4428 vel
811 4385 849 4427 ex
873 4365 1108 4428 intricatissimis
1131 4367 1421 4432 demonstrationum
1444 4367 1630 4431 anfractibus

222 4453 228 4461 ’
272 4455 300 4516 in
325 4475 358 4516 se
382 4473 473 4516 unum
496 4453 740 4516 constantissime
760 4461 938 4516 revertetur.
976 4452 1066 4524 Quod
1090 4454 1115 4516 si
1139 4456 1272 4536 objicias,
1295 4457 1375 4519 idem
1398 4457 1509 4538 partim
1532 4456 1629 4519 adbuc

271 4533 382 4624 poss'e,
415 4543 525 4623 partim
548 4543 618 4604 olim
641 4542 775 4623 potuisse
800 4542 858 4604 dici
883 4543 919 4604 de
943 4541 1055 4604 tabulis
1079 4551 1111 4605 et
1132 4543 1348 4625 hypothesibus
1372 4545 1523 4626 antiquis,
1551 4544 1630 4624 qnod

273 4649 379 4710 nempe
411 4653 598 4710 carroperae
630 4630 840 4707 satisfaciant,
873 4639 965 4712 atqne
998 4630 1068 4693 illas
1100 4640 1202 4695 tamen
1231 4633 1439 4715 aCopernicc
1472 4642 1506 4697 ut
1534 4634 1630 4696 taleas

274 4717 377 4799 rejici3
401 4736 490 4798 posse
514 4718 605 4798 igitur
629 4720 735 4781 eadem
759 4720 875 4783 ratione
899 4729 932 4782 et
955 4718 1123 4800 Copemicc
1145 4723 1338 4802 responderi,
1363 4743 1469 4804 nempe
1494 4720 1630 4803 quamvis

274 4806 395 4890 egregie
419 4826 534 4882 eorum,
559 4827 634 4890 quae
658 4818 806 4890 apparent
828 4809 976 4872 rationem
999 4808 1122 4886 reddat,
1147 4812 1300 4874 tamenin
1324 4811 1485 4897 hypothesi
1509 4831 1628 4890 errare:
