3609 5634
750 356 834 424 oopus
851 356 907 410 ΧΠ·
1450 365 1513 435 lut

151 519 213 569 tus
225 512 273 569 uui
291 531 329 571 cx
349 514 486 587 priraoeiis
506 516 667 586 cerporibus
687 516 789 582 uibus,
813 527 845 573 et
865 520 914 573 uni
932 536 970 574 ex
989 522 1157 577 somudariis
1175 522 1291 579 dnobus
1320 525 1429 582 Accidit
1445 544 1515 602 erqo

62 663 66 669 .
151 600 284 664 respecto
307 596 349 651 rei
375 595 550 660 alterutrius,
578 604 611 651 ut
635 596 727 652 altera
753 604 850 653 utatur
873 599 971 655 cadem
995 599 1136 657 divisione.
1179 602 1259 659 Talia
1284 605 1401 662 fortuita
1427 609 1517 663 multa

152 673 287 729 eveniunt
306 674 335 729 in
353 676 438 731 rebus
457 676 660 731 mathematicis
681 684 711 732 et
730 678 922 743 naarralibus,
946 686 1045 735 contra
1070 698 1185 753 quorum
1204 700 1362 740 concursum
1382 693 1415 742 ut
1434 685 1517 745 drus·

151 773 218 811 uos
247 755 432 812 mmmm
455 763 501 811 cst
520 755 618 825 judicii
643 757 730 812 nostri
758 758 948 824 imbecillitas,
979 777 1014 814 ne
1040 762 1136 817 statim
1161 779 1323 836 quacunque
1350 767 1517 823 medulitate

152 835 214 888 sine
234 836 304 890 duce
322 837 432 892 ratim
452 836 616 906 abripiatur.
657 837 728 892 Vide
747 856 821 910 quae
842 856 929 909 supra
949 842 983 894 de
1003 841 1037 895 iis
1058 842 1265 913 disputaverim,
1287 861 1359 917 quae
1380 854 1446 903 suut
1465 864 1515 903 nu·

152 931 229 969 merc
250 915 319 980 tria,
340 918 472 982 velseri,
493 917 539 970 vel
560 925 676 987 septem.

235 991 265 1067 q)
285 996 358 1051 Ecca
377 1014 485 1052 rursum
505 996 649 1053 scribendo
677 999 872 1068 proficientem.
915 1001 994 1055 Haec
1021 1001 1094 1056 enim
1119 1001 1234 1057 inventa
1258 1011 1303 1058 est
1327 1021 1415 1060 causa
1434 1004 1515 1076 ipsis·

154 1074 233 1138 sima
255 1077 334 1132 utin
355 1079 452 1132 Harm.
473 1077 522 1131 lib.
543 1078 593 1133 111.
615 1079 683 1149 Cap.
705 1080 726 1134 l.
750 1079 778 1134 iu
798 1079 986 1135 axiomatibus
1006 1080 1100 1135 videre
1121 1089 1173 1135 est.
1215 1082 1287 1138 Nam
1314 1086 1422 1157 figurae
1443 1102 1517 1157 quae

153 1153 335 1224 perfectiones
356 1158 462 1216 habeut
481 1158 739 1228 demonstrationes,
761 1167 880 1236 suntque
893 1160 1019 1216 affabiles
1042 1158 1224 1235 (triangulum
1245 1169 1276 1217 et
1294 1167 1520 1237 quadrangulumv

154 1243 187 1289 et
206 1234 407 1308 sexangulum)
426 1237 567 1307 periectas
588 1238 672 1293 etiam
698 1239 812 1310 pariunt
832 1240 1027 1296 consonantias
1050 1241 1186 1310 maiores:
1214 1259 1287 1314 quae
1306 1261 1372 1300 vero
1392 1244 1516 1300 viliorem

153 1315 264 1371 babent
283 1317 543 1372 demonstrationem
564 1325 594 1371 et
614 1318 706 1374 latera
725 1319 879 1375 ineffabilia
899 1320 946 1388 (at
966 1323 1160 1392 octangulum,
1182 1323 1432 1397 quinquangulum,
1454 1326 1515 1379 dec·

154 1391 319 1468 angulum),
345 1396 456 1451 riliorea
477 1397 561 1452 etiam
582 1414 717 1468 peperere
737 1401 946 1455 concordantias
967 1402 1087 1472 majores
1113 1403 1290 1472 imperfectas
1311 1406 1397 1477 vulgo
1416 1405 1515 1461 dictas.

155 1475 234 1530 Haec
254 1484 348 1533 autem
368 1477 501 1548 perfectio
521 1479 567 1531 vel
588 1480 729 1534 conumia
748 1479 842 1534 vilitas
863 1480 959 1536 meunt
979 1481 1179 1546 consumtiis,
1206 1490 1324 1554 propter
1347 1485 1424 1555 ipsas
1444 1485 1516 1558 dqu-

155 1571 203 1609 ras
224 1556 333 1627 planas,
355 1557 450 1612 iusudt
469 1562 499 1611 ει
518 1558 615 1630 figuris
635 1559 742 1614 solidis:
763 1576 872 1614 rursum
891 1561 980 1634 igitur
1000 1579 1055 1617 uon
1075 1561 1220 1633 cognatio,
1242 1565 1290 1617 sed
1312 1565 1433 1620 affinitas
1454 1565 1517 1620 sola

156 1635 304 1692 intercedis
330 1637 484 1708 duplicibus
510 1637 566 1692 illis
592 1644 622 1693 ει
647 1639 894 1711 imperfectioribus
921 1642 1089 1697 sectionibus
1113 1641 1278 1698 harmonicis
1310 1661 1371 1700 cum
1401 1646 1516 1701 dodeca-

156 1718 224 1771 ddrc
244 1715 375 1788 primario
395 1724 426 1772 et
444 1718 586 1773 icoseddro
607 1720 778 1775 secundario.

238 1793 263 1863 r)
284 1798 348 1852 Duc
367 1798 542 1852 theoremata
561 1799 685 1853 infinitae
705 1799 851 1865 utilitatis,
883 1816 971 1870 eoque
997 1801 1210 1871 pretiotissima,
1241 1805 1290 1858 aed
1309 1820 1442 1878 magnum
1461 1805 1515 1860 dis-

157 1877 260 1932 crimen
285 1886 379 1932 umen
406 1885 451 1931 εει
478 1877 552 1932 inter
571 1885 726 1950 utrumque.
767 1880 837 1935 Nam
864 1880 955 1950 prius,
985 1882 1057 1952 quod
1083 1881 1177 1937 latera
1198 1883 1385 1956 rectianguli
1409 1884 1518 1956 possint

157 1965 274 2022 tantum,
297 1966 429 2029 quantum
449 1959 584 2014 subtensa
602 1967 688 2023 racto,
710 1960 762 2015 hoc
782 1960 894 2031 iuquam
913 1966 989 2015 recte
1004 1962 1207 2031 comparaveris
1226 1978 1335 2020 massae
1349 1965 1424 2020 auri:
1445 1965 1516 2021 alte·

156 2054 226 2102 rum,
248 2039 282 2091 de
301 2038 424 2092 sectione
445 2038 660 2109 proportionali,
688 2056 824 2112 gemmam
844 2040 958 2096 dixeris.
1000 2041 1093 2111 Ipsum
1112 2041 1185 2096 euim
1204 2059 1256 2113 per
1275 2059 1306 2096 se
1327 2045 1435 2115 quidem
1454 2044 1516 2116 pul·

157 2118 253 2172 ebrum
272 2125 325 2181 est,
347 2126 380 2172 at
399 2116 458 2172 aine
479 2118 563 2188 priori
584 2120 662 2173 valet
682 2119 764 2181 nibil;
786 2120 876 2190 ipsum
889 2127 984 2175 tamen
996 2128 1140 2190 promovet
1153 2122 1297 2178 seientiam
1310 2130 1377 2179 tunc
1390 2125 1516 2191 ulterius,

156 2214 219 2254 cum
240 2197 316 2268 prius
337 2198 405 2252 illud
425 2213 475 2252 nos
496 2198 672 2269 aliquatenus
691 2207 837 2270 provectos
854 2199 916 2270 jam
936 2200 1072 2266 destituit,
1094 2202 1179 2258 scilia
1201 2203 1237 2257 ad
1257 2205 1517 2262 demonstrationem

156 2285 188 2333 et
208 2277 392 2332 inventionem
411 2278 510 2332 lateris
531 2280 726 2351 decanqularis
747 2287 778 2334 ει
798 2287 982 2352 cognatarum
1002 2280 1197 2351 quantitatum.

238 2352 267 2426 s)
288 2358 335 2412 Nil
355 2358 459 2429 mirum,
481 2360 756 2415 accommodationem
777 2361 981 2415 harmoniarum
1002 2362 1037 2427 ad
1058 2377 1176 2432 corpora
1195 2379 1251 2418 non
1264 2362 1292 2417 in
1309 2370 1420 2433 promtu
1439 2379 1517 2427 ossas

157 2440 231 2511 quod
251 2438 323 2493 enim
344 2439 372 2492 in
392 2439 454 2492 sinu
475 2446 593 2494 naturae
614 2457 669 2494 non
689 2447 745 2505 est,
774 2441 801 2494 id
821 2440 943 2511 depromi
963 2440 1071 2511 nequits
1101 2457 1147 2495 res
1168 2441 1240 2496 istae
1265 2442 1318 2497 boc
1338 2442 1446 2514 quidam
1465 2458 1521 2498 nu·.

156 2535 233 2573 merc
254 2524 285 2573 et
304 2519 358 2573 bac
378 2520 535 2591 quantitate
556 2520 712 2590 descriptae
732 2528 798 2576 aunt
817 2520 1004 2575 insociabiles.
1045 2519 1108 2576 Etsi
1128 2537 1194 2576 vero
1218 2527 1249 2577 et
1268 2537 1324 2594 eqo
1351 2523 1379 2577 in
1399 2523 1517 2578 Harmo-
1556 2586 1563 2595 ⁸

158 2599 235 2662 uicis,
257 2598 306 2653 lib.
327 2599 363 2654 V.
384 2616 445 2669 cap.
467 2599 493 2654 9.
516 2600 675 2671 corporibus
696 2600 853 2656 harmonias
874 2599 994 2655 maccio:
1015 2607 1048 2654 at
1066 2600 1094 2654 id
1115 2617 1169 2655 uon
1188 2602 1220 2656 dt
1240 2617 1327 2657 causa
1346 2608 1423 2657 ortus
1436 2601 1518 2658 unius

158 2698 196 2734 ex
218 2678 282 2742 alic,
314 2681 361 2733 sed
390 2694 477 2733 causa
503 2695 569 2734 usus
596 2681 623 2735 in
653 2681 836 2735 exornatione
861 2679 967 2742 mundi;
998 2687 1166 2751 argumenta
1185 2681 1377 2737 uacciationis
1407 2699 1468 2753 cap.
1488 2682 1518 2738 2.

159 2759 250 2814 multa
271 2759 377 2831 quidem
405 2765 471 2814 aunt
490 2759 575 2814 etiam
595 2779 632 2816 ex
658 2761 818 2816 formalibus
839 2760 1007 2823 rationibus,
1037 2766 1095 2815 tam
1115 2777 1272 2831 corporum,
1302 2778 1383 2833 quam
1408 2763 1517 2818 hermo

159 2840 275 2903 niamm,
298 2846 329 2893 at
347 2839 398 2894 illa
411 2846 579 2911 argumenta
598 2847 663 2896 sunt
676 2840 769 2895 multis
789 2857 897 2911 semper
910 2839 1060 2895 harmoniis
1078 2840 1152 2895 inter
1164 2858 1195 2895 se
1209 2843 1368 2906 communia,
1389 2842 1518 2914 sinquiaa

160 2919 322 2975 barmoniae
336 2920 454 2993 singulis
473 2920 633 2989 corporibus
647 2938 698 2991 per
711 2938 747 2976 ea
760 2938 814 2975 uon
827 2920 1014 2975 vindicantur:
1038 2922 1174 2975 accedunt
1191 2920 1279 2993 igitur
1292 2922 1392 2977 diuersi
1405 2922 1518 2993 generis

158 3008 328 3072 ugumeuta
347 3000 484 3054 forinseca
507 3007 558 3054 aut
580 3017 599 3054 a
625 3001 831 3071 comparatione
853 3000 1061 3071 proportionum
1089 3001 1249 3073 figuralium
1270 3017 1332 3056 cum
1354 3000 1519 3056 harmonicis

159 3082 292 3143 deducta:
317 3081 416 3152 quibus
438 3081 549 3134 tandem
568 3081 728 3136 harmoniae
746 3098 802 3135 non
816 3081 895 3144 istae,
920 3081 968 3134 sed
982 3080 1134 3151 pleraeque
1154 3080 1197 3136 his
1210 3082 1331 3151 majores
1345 3081 1520 3137 associantur

158 3161 336 3231 corporibus;
352 3167 384 3215 at
397 3177 486 3231 neque
500 3160 657 3216 immediata
671 3167 715 3215 εει
728 3160 798 3214 haec
812 3160 969 3224 maculatio,
989 3163 1038 3215 sed
1052 3160 1211 3216 tribuuntur
1226 3161 1387 3218 humoniao
1400 3161 1520 3218 arcubus

158 3242 270 3296 illorum
292 3242 477 3313 planetarum,
499 3257 612 3311 quonum
635 3242 715 3296 orbes
738 3241 795 3295 bini
813 3240 927 3312 singula
946 3239 1038 3295 sortiti
1056 3249 1122 3296 suut
1139 3258 1257 3312 corpora
1271 3241 1433 3313 ¹requilesria.
1475 3242 1522 3298 Ita

159 3321 342 3393 commigrant
356 3321 463 3393 quidem
485 3320 645 3376 harmoniae
659 3322 688 3376 in
702 3322 821 3393 quinque
835 3337 979 3392 corporum
999 3319 1126 3376 viciniam
1143 3321 1336 3378 interstinctae
1358 3321 1415 3376 suis
1429 3338 1520 3377 mace·

158 3403 253 3457 riebus
274 3409 304 3456 ει
324 3403 375 3456 sub
397 3403 492 3456 eadem
512 3408 589 3457 tecta
609 3420 663 3456 ncn
682 3401 862 3473 recipiuntur.

240 3495 267 3568 t)
288 3500 345 3554 Imo
359 3517 394 3553 ne
407 3500 460 3555 hcc
474 3500 582 3572 quidem
596 3501 724 3555 absolute
738 3516 832 3556 verum
846 3505 898 3553 est.
941 3498 1027 3552 Nulla
1040 3497 1148 3568 quidem
1161 3515 1199 3553 cx
1218 3497 1252 3553 iia
1271 3514 1343 3570 quae
1357 3505 1423 3553 sunt
1435 3500 1521 3554 mino·

159 3597 205 3636 res
220 3596 302 3651 quam
320 3579 463 3650 diapason,
487 3580 634 3651 cognatior
651 3586 696 3634 est
709 3578 845 3650 pyramidi
858 3583 975 3648 prepter
987 3576 1167 3650 triangulum,
1191 3580 1263 3649 quod
1281 3578 1418 3651 pyramidi
1431 3579 1521 3644 basin,

159 3660 214 3732 ipsi
228 3659 358 3732 diapente
373 3665 463 3714 crtum
475 3661 602 3730 praebet.
644 3660 706 3716 Non
728 3665 931 3730 potesttameu
953 3656 1006 3727 ipsi
1020 3656 1151 3727 diapente
1169 3658 1247 3712 locrus
1260 3659 1300 3714 ibi
1313 3676 1384 3724 esse,
1407 3659 1456 3714 ubi
1469 3675 1521 3730 py-

159 3740 243 3796 ramis
257 3740 447 3804 interlccatur,
471 3742 520 3794 sed
534 3738 596 3794 aliis
610 3739 683 3795 uotis
697 3741 836 3794 censenda
849 3744 894 3792 est
915 3737 987 3791 haec
1000 3737 1204 3806 harmoniarum
1216 3739 1253 3793 ad
1265 3740 1370 3809 figuras
1385 3739 1521 3810 aptitudo.

161 3824 194 3876 de
209 3839 263 3892 quc
276 3821 339 3875 vide
353 3821 403 3876 lib.
419 3819 453 3874 V.
468 3820 599 3876 Hermon.
614 3836 676 3890 cap.
692 3818 720 3875 2.
757 3817 881 3882 Quinimo
895 3834 931 3871 ne
944 3816 1075 3887 ἀιερεειε
1088 3815 1198 3887 quidem
1210 3818 1346 3891 trianguli
1360 3819 1445 3874 solius
1458 3835 1523 3889 prc-

160 3902 238 3956 xima
252 3907 296 3955 est
309 3901 410 3972 proles,
426 3903 475 3956 sed
488 3900 628 3957 antecedit
641 3900 710 3954 illud
723 3899 858 3970 diapason
870 3897 1062 3969 epidiapent03
1076 3896 1139 3950 vide
1152 3896 1201 3953 lib.
1211 3898 1259 3953 iv.
1273 3899 1405 3954 Hermon.
1420 3905 1482 3968 csp'.
1493 3898 1522 3953 6.

162 3981 281 4036 Causam
301 3981 409 4053 quidem
422 3979 506 4050 hujus
521 3979 651 4036 affirmati
664 3980 834 4035 verissimam
847 3978 893 4035 bic
907 3978 936 4033 in
955 3976 1016 4047 ipso
1037 3982 1119 4032 textu
1139 3975 1255 4049 ignarus
1276 3978 1337 4049 ipse
1356 3978 1446 4049 posui,
1467 3984 1523 4032 ter·

162 4062 229 4117 tiam
249 4079 289 4118 sc.
310 4067 419 4132 partem
439 4061 543 4116 circuli.

242 4154 273 4224 u)
294 4156 478 4220 Secundarils‚
502 4156 563 4212 scil.
584 4156 753 4226 cerporibus,
776 4154 954 4210 associandus
977 4171 1039 4209 esse
1062 4153 1272 4209 concordantias
1294 4153 1368 4218 illas,
1392 4169 1464 4225 quae
1484 4152 1524 4207 sic

163 4255 213 4310 per
235 4237 384 4292 secdomm
406 4237 526 4292 chordas
547 4243 801 4308 repraesententur,
822 4242 856 4290 ut
878 4236 902 4289 si
916 4251 953 4289 ex
967 4234 1071 4290 chorda
1091 4251 1143 4305 per
1166 4233 1313 4288 sectionem
1337 4234 1452 4305 signata
1472 4232 1525 4286 bat

163 4318 291 4383 circulus,
315 4317 391 4372 linea
402 4325 482 4373 recta
495 4333 567 4389 quae
581 4317 666 4388 signa
678 4316 825 4380 connectit,
850 4332 905 4370 nou
928 4316 980 4369 liat
1001 4315 1076 4369 latus
1100 4314 1218 4384 alicujus
1240 4314 1348 4385 ligures
1371 4312 1522 4383 perfectae,

163 4401 212 4454 sed
225 4399 272 4453 εει
284 4414 343 4455 una
355 4397 432 4453 lines
444 4398 573 4453 sohtaria
584 4404 705 4461 maneat,
726 4397 771 4449 rel
785 4397 860 4451 latus
874 4397 925 4450 ilat
937 4395 1045 4467 figurae
1060 4394 1235 4457 abundantis,
1259 4408 1328 4464 quas
1342 4394 1391 4448 lib.
1406 4393 1429 4448 1.
1445 4397 1475 4447 et
1488 4391 1523 4446 ll.

163 4480 296 4536 Hormou.
326 4478 425 4533 stellas
457 4495 476 4533 a
498 4477 676 4533 similitudine
697 4476 806 4547 placuit
826 4475 993 4547 indigstare.
1044 4474 1193 4529 Pulchrum
1215 4472 1323 4544 quidem
1344 4477 1525 4528 commentum

164 4575 274 4625 ceusu,
297 4558 417 4629 pulchra
437 4558 593 4613 distributio
617 4558 765 4610 secuudum
778 4570 840 4610 eam
854 4555 1059 4610 harmoniarum
1079 4555 1152 4609 inter
1165 4552 1283 4625 quinque
1297 4569 1421 4625 corpora,
1444 4551 1524 4607 sire·

165 4655 295 4710 sponsum
314 4638 420 4694 nummi
442 4637 560 4710 apeme,
585 4642 617 4691 at
638 4652 690 4707 per
712 4652 742 4689 se
765 4651 854 4705 neque
878 4634 998 4705 speciem
1019 4634 1073 4687 hoc
1094 4633 1182 4688 hahet
1195 4649 1305 4698 cauam,
1329 4649 1418 4705 neque
1441 4637 1526 4688 scxta

164 4735 250 4791 snpra
269 4719 404 4790 diapason
423 4719 567 4790 quicquam
586 4717 674 4772 habet
694 4732 754 4770 cum
774 4715 917 4770 iccsatdro
938 4712 1099 4768 commercii.

243 4794 277 4869 v)
297 4798 383 4863 Quasi
404 4816 472 4854 vero
495 4799 597 4855 stellae
619 4815 674 4852 non
694 4797 751 4851 sint
772 4795 858 4850 etiam
879 4795 1007 4866 figurae?
1048 4792 1179 4848 Nimirum
1205 4791 1308 4863 aliquid
1332 4799 1395 4847 erat
1418 4790 1525 4846 commi·

218 4891 421 4944 ¹⁸11stan
1278 4883 1341 4942 10·
