3609 5634
290 341 334 411 24
484 334 500 353 ’·
883 342 1045 395 noo-en.

290 521 350 572 epus
367 507 449 562 tuerit
466 519 599 572 proposse
617 519 714 557 curnem
731 504 906 556 emendatam
923 503 1003 555 tollas
1034 503 1106 565 Quod
1123 504 1165 554 ubi
1182 503 1368 563 tactumluem
1386 502 1634 563 eeuiedmtoam

290 579 374 630 licebit
390 578 492 643 prelum.
528 578 610 628 Velim
628 584 711 628 autern
730 577 763 627 ad
779 591 824 626 nos
843 590 967 631 excnmu.
986 582 1012 626 et
1027 575 1068 626 hic
1086 577 1170 625 omnia
1187 575 1312 640 expedias,
1331 575 1372 625 ubi
1390 581 1417 625 et
1433 574 1548 625 librorum
1563 572 1635 634 copia

291 655 317 701 et
334 650 438 700 aliarum
454 665 534 700 rerum
552 653 631 713 maior
649 649 825 714 opportunitas.
862 647 927 698 Vale
946 656 972 698 et
988 646 1059 697 Vive.
1265 642 1268 648 ⁸

360 720 478 771 Perlecds
495 722 533 771 his
551 720 714 771 liaieurelieri
732 726 759 770 et
773 719 902 771 Maestlini
919 720 1018 769 monitis
1029 718 1152 783 Keplerus
1172 717 1331 783 stuttgarn'a,
1349 717 1390 769 nbi
1409 717 1489 768 adbuc
1507 727 1561 763 eum
1579 726 1633 763 ma-

290 793 396 843 trimonii
415 792 515 844 meandi
533 791 645 856 (uxorem
663 791 733 842 duxit
754 791 867 849 viduam,
890 790 1028 841 Barbaram
1045 784 1178 840 Milier'am
1196 803 1213 839 a
1229 788 1359 846 iiuhlech
1385 791 1410 839 in
1429 788 1509 853 styra
1526 785 1592 834 bona
1608 791 1636 834 et

290 866 413 915 fortunam
430 865 603 929 possidentem.
634 863 808 928 stuttgartiae,
826 879 882 915 cum
900 863 1029 928 Tubingae
1047 862 1174 927 stipendiis
1192 874 1250 912 usus
1268 862 1342 911 iussit
1349 857 1580 922 wurmmlerricis,
1599 862 1632 911 tt·

291 936 418 987 maecum
435 938 571 992 trendens,
589 935 822 1000 Wtirttembergiam
839 936 946 999 patriam
963 936 1093 989 mtineret.
1112 934 1295 984 mnoeuiouem
1313 935 1453 997 nuptiarum
1465 924 1564 993 pedit).
1582 933 1635 977 &11¹²

290 1008 343 1057 libri
361 1008 400 1058 sui
418 1007 515 1065 edendi,
534 1014 587 1058 tum
606 1006 721 1067 „uuicti
738 1006 865 1073 argentei¹
886 1020 964 1057 causa
980 1007 1136 1066 versabatur,
1154 1006 1310 1055 consentiens
1328 1019 1384 1054 enm
1401 1004 1492 1055 illcmm
1509 1000 1636 1050 sententia

290 1078 422 1130 Maestlinc
440 1080 553 1143 scripsit:
1611 1106 1613 1113 .
1689 1072 1695 1079 ’

378 1236 516 1302 Salutem
538 1237 568 1301 in
585 1237 717 1302 Christo.
756 1238 873 1301 Nudius
897 1237 999 1319 accepi
1023 1237 1127 1300 literas
1150 1239 1188 1300 D.
1204 1236 1242 1298 D.
1258 1233 1461 1307 Hsienreieri
1485 1230 1633 1294 unicum

288 1328 328 1391 H.
353 1328 435 1391 Tuae
459 1328 573 1407 judicio
597 1328 633 1393 de
657 1327 840 1409 corporibus.
886 1327 1052 1391 Brevitatis
1080 1327 1171 1406 igitur
1198 1345 1291 1388 causa
1318 1333 1431 1389 tantum
1459 1323 1496 1384 de
1525 1340 1633 1383 ueces-

289 1416 379 1480 sariis
393 1436 492 1497 agam.
527 1418 687 1492 (Quamvis
702 1417 866 1498 gratiarum
881 1418 999 1481 actione
1019 1417 1061 1478 nil
1084 1417 1181 1496 magis
1200 1414 1242 1477 sit
1259 1412 1481 1485 necessarium.)
1513 1410 1632 1473 Parebo

290 1506 488 1569 libentissime
511 1508 547 1568 dc
571 1508 792 1588 quibuscunque
815 1506 966 1569 monuisti.
1003 1506 1140 1569 Formam
1164 1524 1235 1567 vero
1259 1520 1452 1583 eorumquae
1476 1501 1633 1575 adduntur,

290 1597 381 1659 aliam
403 1596 540 1671 meditor,
564 1616 628 1672 nec,
651 1606 686 1659 nt
710 1596 886 1677 spere-tibi
910 1596 1127 1679 displicentem.
1165 1593 1301 1657 Scribam
1326 1599 1408 1656 netas
1432 1591 1495 1652 sive
1518 1589 1635 1652 scholia

290 1688 326 1748 dc
349 1684 424 1747 locis
448 1685 592 1748 obscuris.
640 1686 769 1749 Primum
793 1686 893 1767 itaque
917 1687 944 1747 si
967 1687 1080 1747 notasti
1104 1685 1280 1765 corrigenda
1303 1681 1445 1765 quaedam
1472 1682 1555 1756 loca,
1585 1683 1633 1744 vel

289 1775 425 1837 tollenda
446 1776 496 1838 vel
519 1777 678 1850 mutanda,
701 1777 748 1838 vel
773 1776 816 1837 its
839 1776 980 1850 obscura,
1005 1784 1039 1837 ut
1060 1796 1120 1836 una
1141 1794 1200 1838 vox
1223 1772 1339 1839 addita.
1362 1772 1479 1848 demta,
1506 1780 1633 1845 mutata,

288 1865 484 1946 transposita,
509 1865 641 1946 explicet
663 1866 829 1942 dilucidius,
856 1886 893 1927 ca
908 1866 1006 1928 omnia
1024 1865 1170 1946 corrigam
1189 1865 1227 1926 de
1245 1871 1299 1926 tua
1321 1863 1479 1925 sententia.
1516 1862 1634 1924 Deinde

289 1954 441 2017 crebriora
463 1954 591 2018 obscura
614 1955 689 2030 loca,
714 1975 789 2036 quae
806 1955 1013 2036 ‘explicatione
1037 1963 1128 2035 egent
1152 1957 1237 2026 (ate
1261 1960 1363 2015 notata
1382 1951 1407 2013 si
1426 1952 1559 2025 videam)
1582 1971 1634 2013 rc-

289 2045 385 2106 ieram
407 2044 437 2107 in
460 2052 558 2107 nutas.
596 2045 697 2107 Tertio
721 2046 758 2106 de
781 2045 998 2126 hypothesibus
1015 2042 1171 2124 (lopernici
1194 2062 1317 2123 possum
1336 2042 1384 2104 vel
1407 2041 1500 2122 ipsius
1516 2040 1634 2121 Cuper-

289 2132 347 2195 nici
370 2134 419 2197 vel
442 2133 564 2197 Rbctici
588 2134 681 2197 verba
708 2155 767 2196 uua
793 2154 860 2197 cum
881 2134 1032 2196 luculento
1056 2133 1209 2196 schemate
1232 2132 1312 2195 uotis
1332 2131 1473 2194 inserere.
1516 2130 1634 2202 Quarto

170 2234 183 2245 ‘
290 2223 326 2283 de
349 2222 466 2286 ratione
486 2224 657 2286 numerandi
683 2224 845 2286 distmtias
867 2222 1090 2305 Cupernicanas
1113 2221 1186 2284 nihil
1209 2241 1265 2301 ego
1288 2221 1448 2302 perfectius
1471 2220 1635 2303 adjungere

288 2331 419 2392 possum,
444 2332 534 2394 quam
556 2322 625 2376 tuas
647 2314 784 2394 pagellas
808 2314 898 2393 (qnae
922 2311 1037 2392 pridem
1059 2330 1144 2372 meae
1167 2315 1252 2383 sunt)
1276 2309 1411 2392 apposito
1435 2317 1487 2372 tuo
1505 2310 1633 2372 nomine.

290 2400 402 2472 Quinto
426 2403 462 2465 de
486 2401 676 2464 numerandis
700 2402 930 2465 semidiametris
954 2402 1152 2482 ascripturum
1180 2401 1251 2476 ieci,
1281 2409 1312 2462 nt
1338 2399 1456 2472 vidisti,
1484 2400 1635 2479 peculiare

289 2498 390 2571 caput.
426 2489 460 2554 si
482 2490 513 2553 id
536 2492 667 2554 noudum
690 2492 766 2555 satis
790 2498 849 2566 est,
872 2500 1006 2572 repetam
1030 2491 1059 2552 iu
1074 2490 1154 2552 notis
1169 2510 1233 2553 rem
1247 2490 1285 2553 ab
1299 2489 1429 2570 origiue:
1453 2497 1635 2558 monstrans,

288 2599 348 2642 nou
370 2582 456 2660 plura
480 2600 547 2643 csse
575 2599 700 2662 corpora
727 2600 835 2662 posse,
868 2600 958 2662 quam
985 2581 1123 2662 quinque.
1169 2579 1235 2642 Hoc
1261 2588 1348 2660 pacto
1377 2579 1524 2658 (perlecto
1551 2577 1633 2658 prius

289 2669 383 2732 semel
406 2690 425 2732 a
451 2690 498 2732 mc
528 2673 684 2751 opusculo)
718 2670 923 2752 typographus
952 2672 1009 2731 n'on
1037 2669 1239 2750 impediretur.
1285 2669 1371 2732 Alias
1399 2668 1470 2730 mihi
1498 2668 1535 2729 de
1558 2686 1635 2728 nero

291 2757 517 2822 describendum
532 2769 615 2822 esset
629 2762 814 2840 opusculum.
847 2757 935 2829 Quod
958 2758 984 2820 si
1008 2768 1108 2821 autem
1131 2778 1189 2821 nou
1211 2759 1307 2820 omnia
1322 2759 1393 2821 fient
1407 2757 1636 2836 perfectissima.

289 2848 342 2918 ita,
366 2857 400 2911 ut
422 2848 495 2911 nihil
518 2850 645 2929 amplius
669 2849 843 2911 desideres:
867 2856 1018 2910 memento
1032 2848 1157 2928 primum
1180 2848 1257 2909 huuc
1280 2867 1345 2909 esse
1368 2848 1513 2919 laborem,
1536 2846 1581 2908 ita
1603 2855 1637 2907 ut

289 2936 346 2999 sim
369 2956 481 3020 aequos
504 2937 660 3001 habiturus
683 2939 828 3012 lectores,
862 2944 894 2998 et
921 2937 1042 2999 nimium
1065 2937 1208 3017 temporis
1230 2936 1403 3017 requisitum
1424 2936 1476 3010 iri,
1508 2954 1637 3015 eousque

288 3025 357 3121 dum
379 3027 434 3088 liat
454 3026 702 3106 perfectissimus.
747 3026 839 3088 Hisce
862 3027 931 3088 vale
953 3034 1131 3107 praeceptor
1153 3026 1336 3089 charissime.

379 3130 416 3196 11
442 3129 515 3207 (21)
539 3133 620 3196 Junii
645 3130 696 3198 96.
722 3131 945 3213 Stuttgardiae.
1159 3134 1197 3196 Η.
1222 3133 1257 3195 T.
1302 3131 1342 3197 G.
1366 3132 1404 3196 D.

865 3235 875 3248 '
1335 3230 1381 3296 M.
1406 3231 1440 3295 J.
1463 3229 1592 3313 Kepler.

358 3427 453 3478 Eadem
477 3426 599 3490 Keplerua
626 3423 853 3477 Haieureilero
879 3427 1048 3492 perscripsisse
1070 3426 1184 3486 udam.
1210 3442 1265 3479 cum
1291 3426 1331 3479 his
1352 3426 1538 3479 liateurefferus
1562 3427 1638 3478 literie

288 3496 915 3634 mwffigztffiffffiuffiffiffi
922 3506 1177 3635 ltsdeusssbcddieenber
1193 3572 1329 3636 magisnec,
1348 3572 1389 3636 qui
1407 3570 1568 3625 descendent.
1587 3584 1637 3619 uon

288 3657 358 3694 meas
376 3642 509 3705 acceperis.
539 3639 589 3691 Sed
606 3655 749 3705 mrpousum
768 3641 800 3691 ad
817 3643 926 3705 proxime
943 3642 1079 3706 tumueras
1096 3643 1144 3692 hoc
1155 3643 1254 3694 habeto.
1281 3642 1383 3693 Collatb
1405 3644 1536 3693 secundis
1553 3641 1639 3705 placet

289 3715 408 3779 posterius
431 3719 502 3762 tuum
520 3706 658 3770 coctilium,
684 3714 723 3763 ita
739 3719 839 3774 nmen,
866 3719 895 3763 ut
912 3729 954 3777 pro
973 3712 1073 3763 Rhen‘ci
1089 3715 1230 3764 amadeus
1254 3710 1328 3778 (quse
1346 3721 1373 3764 et
1394 3714 1509 3777 prolixior
1533 3720 1587 3769 eat.
1612 3710 1639 3762 et

289 3785 411 3851 quaedam
430 3785 462 3835 ab
479 3783 527 3835 hcc
543 3790 586 3834 tuo
604 3784 732 3849 prodromo
751 3784 834 3835 aliena
850 3784 943 3840 babet,
961 3793 988 3835 et
1004 3786 1030 3834 in
1048 3785 1193 3850 quibusdam
1210 3783 1302 3847 deficit)
1321 3786 1488 3837 brevissimam
1506 3784 1636 3848 erpcdtic-

289 3871 347 3907 uem
365 3862 392 3906 et
403 3857 582 3921 proportionem
594 3870 720 3919 corporum
733 3871 789 3907 cum
801 3856 927 3908 schemate
940 3856 1049 3923 generali
1061 3864 1116 3921 post
1128 3857 1303 3921 praelationem
1317 3858 1350 3908 ad
1362 3857 1479 3907 lectorem
1492 3858 1638 3906 interseras:

290 3941 354 3993 quae
371 3934 491 3994 tauquam
510 3927 584 3978 clavis
602 3932 675 3978 erunt
692 3928 725 3978 ad
743 3928 888 3991 Mysterium
905 3927 1038 3979 Prcdromi.
1075 3928 1254 3979 memnones
1270 3944 1340 3993 porro
1358 3928 1423 3993 quod
1448 3928 1553 3983 attinet.
1579 3926 1639 3976 aihu

290 4013 351 4063 opus
370 4004 415 4056 eet,
433 4006 463 4049 ut
479 4004 560 4049 totum
577 4012 638 4063 opus
650 3999 681 4050 de
693 4014 755 4050 noro
769 4006 875 4059 retexas,
894 4000 1004 4050 ordinem
1022 4006 1067 4050 aut
1084 4000 1265 4065 &montionem
1283 4003 1336 4065 ejus
1353 4001 1437 4051 turbes
1455 4000 1493 4049 rel
1509 4001 1639 4049 immutes:

289 4085 370 4136 neqm
387 4076 473 4121 tamen
489 4071 536 4120 hoc
555 4070 692 4121 consultum
709 4077 819 4135 putatur,
836 4077 865 4121 ut
882 4086 967 4121 omnes
986 4074 1159 4122 mactationes
1176 4074 1201 4122 iu
1220 4078 1366 4137 postremam
1384 4071 1546 4136 appendicem
1564 4076 1639 4134 atque

291 4142 324 4193 ad
340 4143 395 4192 librl
414 4141 508 4193 calcem
525 4143 638 4205 rejiciam
657 4142 702 4191 sed
720 4144 837 4207 optimum
852 4143 986 4206 ludicatur.
1004 4149 1034 4192 ut
1045 4143 1177 4208 &egendo
1194 4144 1289 4203 librum,
1307 4144 1371 4210 quod
1383 4144 1513 4194 obscurum
1524 4148 1571 4197 est.
1590 4157 1640 4191 uno

291 4220 317 4264 et
334 4214 412 4264 altero
430 4214 503 4265 rerbc
520 4214 610 4264 reddas
628 4213 766 4264 dilucidius.
793 4215 825 4264 Et
843 4214 939 4280 siquid
957 4214 1090 4278 copiosiore
1108 4216 1269 4279 explicatione
1287 4230 1347 4280 opus
1364 4217 1485 4272 habuerit.
1504 4214 1542 4265 vel
1560 4215 1639 4265 textui

288 4285 399 4343 imeras,
417 4285 455 4336 vel
474 4286 559 4336 statim
578 4286 698 4336 edistius
717 4287 804 4350 capitis
822 4286 897 4337 finem
915 4286 1052 4348 subjicias:
1069 4288 1105 4336 sic
1123 4288 1189 4337 euim
1205 4288 1327 4351 perfectrus
1345 4295 1371 4338 et
1389 4287 1421 4337 ad
1438 4286 1532 4351 prelum
1550 4285 1641 4350 politus

290 4357 360 4408 labor
378 4358 429 4407 erit
467 4356 539 4407 Haec
557 4357 671 4414 breviter,
690 4356 753 4406 elias
771 4372 826 4407 cum
844 4359 983 4419 vacaverit,
1001 4356 1079 4421 plura
1116 4358 1237 4409 Dominus
1254 4365 1350 4417 tecum
1369 4358 1490 4422 hospitem
1509 4357 1640 4408 Saniorum

290 4434 448 4493 peramanter
465 4443 520 4478 ureo
538 4429 637 4478 nomine
655 4428 746 4479 saluta.
783 4427 814 4477 D.
835 4425 877 4477 lt.
896 4426 956 4490 (tt)
973 4429 1042 4479 iunii
1063 4427 1138 4480 1598.

364 4500 478 4551 Ceterum
496 4501 519 4550 ei
536 4499 701 4550 Haienrefferi
725 4500 864 4551 sententiae
887 4515 937 4550 non
959 4501 1033 4563 plane
1059 4501 1253 4566 obtemperatum
1279 4508 1324 4551 est
1362 4500 1430 4564 Opus
1448 4500 1577 4564 'intingue
1594 4500 1639 4548 im·

292 4570 363 4634 primi
380 4578 493 4635 coeptum
511 4577 558 4629 est,
578 4577 603 4621 et
622 4571 829 4623 Maeatlinus
847 4572 871 4620 d.
894 4568 950 4635 ¹⁶l„
972 4571 1034 4621 Nor.
1058 4569 1126 4621 locu
1144 4573 1208 4625 haec
1226 4573 1331 4636 Keplero
1349 4573 1459 4637 scripsit:
1486 4570 1553 4634 Opus
1571 4577 1640 4620 tuum

293 4642 415 4699 succedit,
439 4656 586 4708 quamquam
604 4644 665 4693 satis
683 4643 768 4704 tarde,
791 4658 834 4705 pro
853 4643 1066 4709 typographorum
1075 4659 1149 4694 more.
1187 4644 1217 4694 ld
1234 4652 1263 4694 ut
1278 4645 1377 4700 rideas,
1401 4644 1471 4693 mitto
1489 4642 1641 4706 pagellarum

294 4726 438 4764 mensuum
449 4715 594 4777 exemplum.
625 4713 701 4779 Spero
714 4721 807 4777 autem,
823 4715 848 4764 id
867 4715 1006 4779 propediem
1024 4716 1057 4766 ad
1074 4716 1149 4765 tinem
1166 4716 1307 4780 perductum
1325 4716 1361 4764 iri.
1392 4715 1481 4765 Totum
1499 4720 1525 4763 et
1543 4728 1641 4764 omnem

292 4781 400 4833 laborem
419 4784 443 4832 in
461 4799 501 4835 me
519 4787 610 4849 recepi,
628 4787 670 4850 qui
687 4786 795 4849 proiecto
813 4785 943 4850 plurimum
956 4788 1049 4852 negotii
1066 4787 1124 4837 mihi
1143 4787 1251 4838 iacesdt.
1282 4787 1426 4853 Figuramm
1444 4793 1471 4836 et
1488 4785 1641 4834 schematum

296 4854 427 4904 delineatio
444 4868 502 4917 pars
518 4858 621 4906 minima
638 4864 684 4906 eat.
721 4856 826 4907 Chartae
844 4858 1034 4922 typographicae
1053 4873 1099 4923 ego
1122 4873 1171 4923 qna
1195 4874 1292 4922 pesam
1318 4858 1437 4908 fidelitate
1461 4863 1487 4907 et
1511 4849 1648 4921 diligentia*

232 4984 237 5003 .
295 4926 396 4997 compo.
433 4925 582 4983 Tabularum
601 4933 684 4985 autem
702 4928 832 4996 descnptic
849 4928 910 4983 mibi
927 4929 998 4983 ratde
1017 4929 1139 4986 laboriosa
1155 4937 1209 4988 est,
1233 4931 1291 5001 quia
1312 4944 1362 4987 nou
1379 4930 1485 5001 scriptae
1502 4927 1601 4984 demut
1624 4940 1641 4979 a
