3609 5634
280 293 346 360 218
606 365 611 375 ,
879 296 1043 348 masmim

280 456 330 536 agi
353 464 492 536 coeptum
516 457 629 532 luerat,
659 457 717 519 nisi
741 476 823 518 mors
857 459 952 521 leram
980 457 1062 520 illam
1098 456 1242 538 singulari
1271 456 1414 520 beneficio
1437 455 1596 521 affecisset
1623 460 1663 515 et

280 564 396 626 poenae
420 546 615 607 subduxisset
637 545 885 609 meritissimae.“

369 635 464 696 Ursus
493 634 643 716 Tychonis
677 637 839 697 adventum
871 636 900 696 in
931 636 1030 696 aulam
1060 634 1249 713 Pragensem
1281 634 1377 696 noluit
1409 635 1556 715 opperiri,
1594 631 1659 715 sed

281 732 361 785 metu
389 724 517 785 actionis
556 724 703 785 adversus
736 744 769 784 se
801 724 930 786 forensis
969 741 1192 803 poenarumque
1224 722 1442 786 imminentium
1468 724 1569 803 Praga
1605 740 1657 794 se,

280 813 395 891 aliquot
418 820 581 892 antequam
605 813 797 875 adversarius
821 814 898 876 bane
924 812 1132 893 ingrederetur
1162 811 1355 891 septimanis,
1386 808 1465 876 clam
1484 812 1545 874 alio
1566 810 1659 873 snb-

279 901 374 963 duxit.
431 901 523 962 Teste
555 901 696 963 Jessenio
729 902 887 982 prologum
921 902 1033 966 Ursum
1065 900 1156 980 paulo
1202 910 1273 979 post
1309 903 1415 964 eodem
1446 921 1523 964 anno
1557 895 1658 964 1599

279 990 423 1051 incertum
447 1007 504 1068 qno
529 990 557 1050 in
585 991 650 1053 loco
674 1010 754 1053 mors
779 992 931 1071 oppressit
954 990 1093 1071 vivisque
1117 988 1237 1052 exemit.

366 1079 483 1141 Ansam
515 1080 719 1142 simultatibus
747 1080 825 1142 inter
854 1100 920 1142 enm
951 1087 983 1141 et
1006 1078 1179 1160 Tychonem
1211 1078 1350 1159 praebuit
1381 1086 1529 1160 systema,
1563 1076 1655 1159 qnod

154 1204 162 1215 ·
278 1167 375 1230 Ursus
407 1169 561 1230 inventurn
589 1188 664 1230 ase
695 1187 763 1229 esse
787 1169 948 1248 jactabat,
981 1168 1083 1250 Tycho
1112 1176 1212 1229 autem
1237 1166 1294 1228 sibi
1325 1166 1363 1228 ab
1391 1167 1444 1228 illo
1474 1174 1656 1247 surreptum

279 1257 482 1319 contendebat
511 1259 758 1332 astronomicum,
792 1258 822 1320 in
849 1258 1080 1331 „Fundamenta
1111 1255 1334 1327 astronomico“
1359 1277 1388 1317 a.
1417 1253 1502 1319 1588
1525 1255 1653 1318 descri-

279 1353 377 1425 ptum,
406 1347 435 1406 ln
472 1345 708 1427 „hypothesibus
743 1346 974 1408 astmnumicis“
1009 1362 1088 1406 anno
1121 1342 1205 1408 1597
1239 1345 1372 1406 dictione
1405 1345 1497 1406 ferme
1525 1343 1652 1407 scurrili

279 1436 444 1497 defensum.
491 1434 557 1496 Hoc
580 1435 609 1496 in
635 1437 778 1497 extremis
793 1435 991 1498 Pomeraniae
1015 1434 1122 1495 finibus
1140 1434 1212 1494 Kal.
1229 1432 1299 1495 Oct.
1322 1430 1417 1506 1585,
1441 1452 1509 1495 enm
1524 1431 1651 1514 Goper-

278 1523 335 1584 nici
359 1522 591 1586 Revolutionum
618 1525 710 1586 libros
742 1525 918 1604 diligentins
946 1523 1127 1597 evolvisset,
1161 1531 1322 1603 ternaeque
1347 1522 1532 1597 Ptolemaei,
1564 1522 1647 1584 Ari-

279 1612 393 1674 starchi
418 1620 450 1673 ct
472 1612 627 1691 Apollonii
650 1613 779 1692 Pergaei
804 1614 988 1695 hypotheses
1013 1612 1092 1674 inter
1114 1631 1148 1672 se
1172 1612 1351 1673 contulisset
1379 1620 1411 1672 et
1439 1611 1545 1674 harum
1567 1611 1647 1673 nlti-

279 1719 358 1762 mam
387 1701 579 1773 invertisset,
611 1703 816 1781 excogitatum
847 1724 866 1763 a
894 1722 927 1763 se
957 1720 1025 1762 esse
1056 1700 1204 1778 perhibet
1256 1703 1347 1762 Anno
1380 1696 1464 1763 1586
1492 1699 1646 1763 Caesellio

280 1788 442 1850 Guilielmo
467 1789 659 1868 Landgravio
683 1790 763 1853 istud
797 1811 816 1851 a
840 1812 873 1853 se
897 1798 1003 1853 narrat
1026 1789 1195 1860 detectum,
1229 1789 1511 1852 aRothmanno
1539 1791 1647 1871 (quen

279 1878 448 1940 mersans
472 1879 606 1958 scoptiee
629 1899 748 1959 semper
772 1881 922 1960 appellat)
947 1887 1074 1940 exeunte
1099 1899 1126 1939 a.
1155 1875 1238 1941 1587
1258 1877 1422 1961 Tychoui
1445 1898 1513 1939 esse
1536 1878 1643 1961 prodi·

280 1975 352 2029 tum.
396 1966 544 2029 Ultimum
576 1969 743 2030 accessisse
775 1970 861 2031 addit
883 1969 1101 2030 Helisaeum
1124 1967 1338 2029 Roeslinum
1371 1976 1404 2029 et
1425 1967 1456 2028 in
1481 1969 1557 2030 libro
1581 1968 1642 2040 „de

279 2075 369 2134 opere
394 2054 586 2118 Creationis“
615 2054 698 2120 1597
722 2059 890 2137 publicato,
922 2056 1049 2118 eandem
1073 2055 1229 2135 Apollonii
1257 2064 1289 2117 et
1312 2056 1464 2138 Tychonis
1489 2056 1641 2139 hypothe-

279 2144 324 2205 sin
348 2144 448 2224 plagio
473 2143 635 2224 impudenti
659 2165 714 2226 pro
738 2167 794 2208 sna
815 2148 969 2209 vindicare
997 2154 1029 2206 et
1051 2144 1229 2206 Reimarum
1251 2144 1340 2207 simul
1363 2145 1504 2207 convitiis
1528 2144 1643 2207 adoriri

280 2253 339 2294 non
363 2231 529 2295 erubuisse.

366 2323 452 2383 Haec
476 2323 666 2385 Mollerus.
712 2323 907 2386 Idem‘iuter
935 2322 1050 2402 scripta
1077 2321 1148 2384 Ursi
1178 2321 1301 2384 exhibet
1331 2321 1439 2383 librum
1465 2321 1641 2401 germanico

280 2429 416 2472 sermone
431 2412 657 2473 concionatum:
685 2410 897 2474 Gsodaesia
911 2411 1153 2472 Ranzoviana
1171 2411 1256 2490 Lips.
1277 2406 1379 2491 1583,
1408 2410 1438 2470 in
1452 2411 1538 2489 cnjus
1553 2411 1642 2473 titulo

280 2500 394 2562 autoris
417 2519 523 2561 nornen
543 2510 575 2564 et
597 2500 698 2579 patria
722 2500 803 2564 hisce
827 2500 928 2563 verbis
953 2500 1175 2579 exprimuntur:
1210 2498 1360 2561 Nicolai
1383 2498 1559 2582 Reymers
1583 2519 1641 2561 von

279 2589 434 2651 Henstede
458 2590 488 2650 in
511 2588 744 2739 Ditbmarsplpzen
768 2590 988 2652 Landrechnen
1012 2590 1071 2650 und
1094 2589 1291 2651 Feldmessen
1315 2589 1368 2650 dre.

368 2678 446 2740 Huic
473 2678 565 2758 igitur
588 2679 668 2740 Urso
728 2680 890 2758 epletus,
924 2679 1053 2740 nondum
1092 2678 1168 2740 satis
1191 2677 1377 2757 perspiciens
1400 2677 1455 2738 viri
1480 2677 1641 2755 ingenium,

281 2773 352 2828 ants
375 2766 488 2829 editum
512 2767 706 2829 Prodromum
721 2768 853 2849 scripsit
876 2768 952 2829 hunc
975 2767 1005 2828 in
1027 2768 1149 2828 modurn
1173 2768 1210 2828 de
1233 2787 1290 2828 sna
1313 2767 1501 2828 detectione:

370 2854 429 2926 Qui
444 2857 539 2934 ignoti
554 2858 591 2917 ad
611 2857 729 2937 ignotos
745 2858 774 2917 in
796 2858 974 2937 longinquas
989 2857 1128 2935 regiones
1143 2856 1353 2917 transmittunt
1372 2855 1530 2934 epistolas,
1547 2853 1642 2915 mira-

278 2945 355 3008 biles
374 2954 445 3007 snnt
463 2945 607 3009 homines.
642 2947 685 3006 Te
705 2946 776 3007 mihi
798 2955 902 3007 notum
922 2946 1036 3025 pridem
1057 2945 1130 3006 fecit
1149 2945 1354 3006 illustrissima
1373 2952 1426 3005 tna
1445 2944 1551 3021 gloria,
1581 2962 1642 3022 qna

280 3035 511 3096 mathematicos
540 3034 627 3113 hujus
655 3035 722 3095 aevi
745 3035 904 3115 praecedis
934 3054 1024 3106 unns,
1060 3042 1205 3114 quantum
1231 3032 1390 3095 Phoebeus
1418 3032 1500 3094 orbis
1528 3033 1643 3093 minuta

280 3123 391 3185 sidera.
439 3122 501 3186 Sed
529 3143 584 3185 nec
614 3132 733 3203 tempus
764 3124 852 3202 plura
884 3124 958 3195 fert,
992 3141 1046 3184 nec
1074 3122 1356 3184 mathematicorum
1388 3131 1437 3183 est
1467 3121 1640 3200 garrulitas.

279 3212 346 3272 Hoc
369 3231 459 3272 unum
482 3212 569 3286 habe,
594 3212 672 3273 tanti
695 3220 726 3272 te
750 3234 769 3273 a
791 3231 839 3274 me
862 3213 935 3284 fieri,
962 3212 1065 3289 quanti
1081 3230 1184 3273 omnes
1208 3212 1290 3274 docti
1314 3219 1345 3272 te
1370 3210 1493 3284 faciunt,
1518 3228 1642 3291 quornm

277 3299 422 3379 judicium
446 3301 601 3380 aspernari
626 3301 796 3379 arrogantis
820 3308 881 3374 est,
918 3299 1089 3362 collaudare
1113 3301 1242 3363 modesti
1263 3300 1394 3379 juvenis.
1442 3297 1517 3361 Cum
1540 3300 1643 3378 itaque

280 3396 476 3468 praeceptore
500 3399 545 3463 te,
573 3389 605 3451 id
628 3398 677 3451 est
700 3389 785 3451 libris
809 3389 882 3462 tuis,
914 3389 970 3450 boc
994 3391 1171 3469 quantulum
1195 3400 1242 3452 est
1266 3389 1445 3469 cognitionis
1470 3389 1642 3470 acquisive-

281 3478 336 3541 rim
361 3478 392 3538 in
415 3478 624 3552 mathematis,
656 3497 782 3559 aequum
806 3477 892 3551 duxi,
923 3485 956 3539 nt
986 3486 1017 3540 te
1053 3478 1083 3539 in
1107 3499 1140 3541 re
1163 3479 1258 3542 ardna
1285 3498 1340 3539 nec
1369 3487 1402 3540 ut
1429 3477 1503 3539 mihi
1525 3478 1645 3541 videtur

280 3568 500 3629 contemnenda
523 3568 687 3630 consulam.
735 3566 770 3630 si
794 3567 1010 3649 approbaveris
1035 3568 1112 3647 quod
1132 3587 1204 3648 ago,
1230 3567 1353 3628 beatum
1376 3586 1423 3628 me
1446 3566 1639 3646 praedicabo,

185 3692 191 3697 ·
280 3656 446 3737 proximum
471 3656 626 3719 felicitatis
649 3657 775 3736 gradum
798 3657 827 3718 in
852 3676 887 3716 eo
912 3664 1023 3730 statuo,
1049 3664 1082 3717 ut
1106 3678 1124 3717 a
1147 3666 1178 3719 te
1197 3656 1340 3736 corrigar.
1388 3656 1476 3717 Tanti
1501 3663 1550 3718 eet
1571 3654 1643 3717 mihi

281 3752 363 3806 tunm
389 3744 550 3823 judicium,
583 3746 766 3827 hypotheses
796 3754 865 3807 tuas
888 3763 973 3819 amo;
1005 3746 1059 3806 sed
1084 3743 1283 3826 Oopernicum
1313 3745 1391 3807 satis
1414 3744 1556 3807 admirari
1584 3763 1642 3806 non

281 3852 418 3912 possum,
453 3836 536 3913 cujus
564 3834 748 3916 hypotheses
772 3835 828 3896 hoc
852 3835 984 3908 habent,
1018 3836 1096 3913 quod
1127 3836 1174 3897 his
1201 3835 1338 3896 versibus
1366 3835 1540 3914 complexus
1564 3853 1640 3895 sum.

282 3919 436 3986 (Sequuntur
453 3937 545 3980 veram,
564 3938 625 3988 quos
643 3924 742 3974 exhibet
760 3939 784 3988 p.
804 3920 853 3971 98:
882 3922 965 3985 ,Quid
982 3923 1103 3973 mundm“
1123 3921 1182 3986 (tc.)

312 4046 314 4051 a
370 4011 450 4072 Nam
473 4010 551 4073 inter
574 4011 736 4073 Saturnum
760 4021 792 4073 et
814 4012 923 4074 Jovern
947 4020 994 4072 est
1018 4011 1120 4086 cubus,
1145 4012 1189 4074 sic
1212 4020 1246 4073 nt
1269 4011 1330 4073 ima
1353 4009 1478 4073 Saturni
1501 4010 1642 4089 periodus

280 4099 323 4161 sit
351 4099 432 4162 orbis
460 4099 718 4181 circumscriptus,
747 4121 864 4163 summa
885 4101 973 4162 Jovis
1003 4100 1181 4180 inscriptus;
1211 4102 1288 4163 iuter
1315 4101 1423 4163 Jovem
1451 4109 1483 4162 et
1510 4100 1642 4162 Martem

278 4190 465 4263 tetratdrom
490 4190 569 4251 inter
591 4191 724 4251 Martem
748 4199 780 4252 et
801 4191 927 4252 Terram
951 4189 1171 4260 consessores,
1196 4192 1274 4252 inter
1297 4191 1421 4252 Terram
1445 4198 1477 4251 et
1492 4189 1642 4250 Venerem

279 4277 466 4352 icosaedron,
492 4278 570 4340 inter
592 4279 743 4341 Venerem
769 4286 801 4339 et
823 4278 1005 4340 Mercurium
1029 4280 1204 4342 octaedrou.
1252 4277 1396 4341 Ordinem
1424 4279 1502 4340 bunc
1532 4295 1641 4356 corpo-

279 4386 343 4428 rum
366 4386 461 4447 neque
485 4367 685 4450 metaphysici
709 4386 804 4448 neque
828 4366 1035 4429 mathematici
1059 4388 1125 4430 cnm
1149 4368 1266 4430 ratione
1289 4368 1525 4430 immutaverint.
1571 4364 1641 4429 lam

280 4464 313 4516 et
335 4457 425 4518 medii
448 4466 547 4518 motus
571 4477 604 4518 se
624 4457 868 4529 accommodant;
888 4464 937 4517 est
961 4458 1041 4518 enim
1060 4477 1163 4520 eorum
1186 4458 1277 4537 dupla
1300 4457 1377 4519 ratio
1403 4458 1441 4518 ad
1465 4456 1640 4532 distantiae,

280 4544 398 4606 scilicet
420 4545 491 4625 quia
513 4546 562 4608 vel
586 4547 691 4608 eadem
714 4554 799 4607 esset
821 4545 957 4607 incitatio
981 4547 1111 4626 partium
1135 4548 1165 4608 in
1189 4547 1341 4622 omnibns,
1361 4548 1409 4608 rel
1434 4554 1555 4626 propter
1572 4566 1640 4609 ma-

277 4633 375 4712 jorem
400 4634 626 4713 amplitudinem
649 4635 768 4715 quidem
793 4633 909 4697 tardius
932 4636 1076 4698 redirent.
1121 4636 1164 4697 Et
1188 4638 1252 4716 jam
1276 4635 1395 4698 accedit
1421 4635 1592 4699 debilitatio
1610 4636 1641 4698 in

281 4721 495 4799 exterioribus,
528 4725 624 4805 qualis
648 4723 760 4786 accidit
784 4724 812 4786 in
837 4724 928 4787 lucidi
952 4725 1029 4786 radii
1053 4727 1275 4788 extenuatione.
1324 4726 1432 4788 Parum
1459 4724 1642 4805 utrinqnea

284 4806 451 4888 Copernico
475 4810 648 4888 disceditur,
674 4814 743 4893 plns
766 4821 879 4888 tamen,
903 4813 930 4875 si
955 4835 992 4876 ex
1015 4816 1145 4879 motibus
1161 4814 1267 4878 mediis
1282 4816 1505 4878 constituantur
1520 4815 1639 4878 distau-
