3609 5634
735 397 818 462 Caput
834 398 978 451 VI-vm

745 591 865 692 Caput
891 593 974 668 VH.
1082 680 1096 691 p

451 750 508 812 De
529 751 794 815 secundariorum
817 753 930 816 ordine
953 761 983 816 et
1002 756 1258 838 proprietatibus.

266 890 454 954 secundaria
471 893 550 974 quod
565 892 685 968 attinet,
710 913 777 956 cnm
799 896 963 959 octaedron
987 897 1028 958 sit
1051 898 1133 976 prius
1156 898 1322 974 icosaedrn
1347 899 1455 962 mnam
1478 901 1538 963 ali·
1600 915 1605 926 “

172 982 224 1043 cni
238 982 333 1043 videri
347 980 456 1059 possit,
480 1001 533 1044 cur
552 981 631 1063 quod
646 982 749 1044 ordine
769 991 894 1046 naturae
909 985 1062 1065 posterius
1081 995 1138 1061 est,
1162 986 1192 1048 in
1216 988 1326 1049 mundo
1350 990 1537 1068 praecedat?

171 1069 257 1132 Nam
281 1069 351 1151 quia
374 1071 459 1132 Mars
483 1070 689 1132 dodecaedron
714 1073 839 1134 sortitus
864 1082 913 1135 est
935 1093 1003 1136 cum
1025 1075 1154 1149 Tellure,
1179 1075 1314 1156 sequitur
1337 1096 1375 1138 ex
1399 1078 1537 1158 linquae

175 1159 328 1234 diximus,
361 1158 440 1221 inter
462 1159 612 1221 Tellurem
641 1170 673 1222 et
695 1160 846 1222 Venerem
874 1163 1020 1224 iuteresse
1049 1165 1236 1226 icosaedron.
1289 1164 1332 1226 Et
1358 1166 1440 1245 prius
1471 1188 1538 1230 esse

174 1248 342 1310 octaedron
372 1249 530 1311 icosaedro
563 1250 659 1310 multa
691 1250 831 1329 probant.
883 1251 1016 1314 Primum
1049 1253 1126 1314 enim
1159 1255 1321 1315 occasuros
1355 1266 1463 1318 natum·
1490 1265 1539 1318 est

175 1341 253 1408 (non
277 1355 347 1398 vere
370 1337 502 1418 quidem,
526 1338 580 1399 sed
603 1337 648 1399 ita
671 1338 756 1419 quasi
780 1348 883 1402 natum
908 1342 963 1414 sit)
988 1341 1123 1403 excubo
1148 1349 1179 1403 et
1201 1344 1357 1424 pyramide
1380 1344 1483 1423 primis
1507 1345 1537 1406 in

175 1445 232 1488 sno
247 1426 368 1488 ordine:
394 1446 518 1507 qnorum
533 1427 615 1490 illius
629 1446 784 1490 numerum
799 1430 937 1503 laterum,
961 1431 1050 1510 hujus
1066 1430 1151 1492 basin
1170 1431 1354 1512 triangulam
1372 1442 1536 1496 mutuatur.

176 1516 360 1577 Icosaedron
384 1535 456 1578 vero
480 1517 669 1597 apyramide
690 1524 721 1577 et
735 1518 924 1580 dodecaedro
948 1520 1109 1598 postremis
1133 1521 1162 1581 in
1187 1540 1240 1584 suo
1263 1521 1367 1583 ordine
1392 1522 1535 1586 nascitur.

176 1603 309 1665 Rursum
325 1605 403 1667 enim
421 1624 458 1666 ex
482 1604 536 1665 illa
558 1606 655 1679 basin,
680 1625 718 1666 cx
733 1607 788 1667 hoc
803 1626 958 1669 numerum
971 1608 1099 1670 laterum
1114 1617 1277 1672 mutuatur.
1312 1608 1349 1683 2)
1365 1609 1539 1674 Octaedron

177 1702 210 1755 et
233 1693 410 1755 icosatidron
435 1693 460 1755 si
484 1712 521 1754 ex
545 1695 664 1774 angulis
687 1695 854 1774 adspicias,
886 1696 960 1759 illud
984 1697 1051 1759 cubi
1076 1697 1161 1758 basin
1187 1700 1367 1778 quadratam
1391 1707 1536 1775 ostentat,

176 1782 234 1844 hoc
258 1782 439 1846 dodecatrdri
463 1781 725 1863 quinquangulum.
768 1781 803 1858 3)
828 1782 1015 1847 Octaedrnm
1038 1787 1113 1848 cubo
1136 1789 1326 1868 aeqnealtum
1351 1797 1407 1865 est,
1432 1798 1467 1851 ut
1488 1789 1536 1852 vi-

176 1870 333 1946 debimnn,
366 1880 397 1933 et
420 1872 595 1933 icosaedron
621 1872 820 1935 dodecaedro.
867 1870 904 1949 4)
929 1872 1102 1937 Octaedron
1135 1896 1201 1939 cum
1231 1877 1324 1954 cubo,
1360 1879 1537 1941 icosaedron

175 1980 243 2023 cum
267 1960 455 2023 dodecaedro
478 1969 651 2040 permutant
674 1981 827 2024 numerum
851 1963 969 2025 basium
984 1973 1016 2026 et
1030 1964 1216 2044 angulorum.
1252 1966 1332 2028 Nam
1356 1968 1423 2029 cubi
1447 1967 1538 2029 bases

175 2060 208 2111 et
232 2049 367 2112 octaedri
391 2050 491 2130 anguli
515 2059 586 2112 sunt
614 2070 685 2124 sex,
723 2052 803 2113 illius
833 2053 935 2132 anguli
960 2061 992 2115 et
1015 2053 1102 2133 hujus
1127 2054 1216 2117 bases
1240 2063 1319 2116 octo.
1367 2056 1419 2119 Sic
1443 2057 1538 2119 dode-

175 2138 278 2200 caedri
302 2139 392 2201 bases
416 2148 447 2200 et
470 2139 618 2201 icosa'e'dri
643 2140 743 2219 anguli
767 2149 837 2202 sunt
859 2141 998 2223 utrinque
1018 2143 1194 2204 duodecim:
1219 2144 1353 2207 vicissim
1376 2145 1457 2208 illius
1480 2165 1537 2208 an·
1630 2211 1636 2220 ,

174 2227 238 2308 guli
263 2235 296 2289 et
318 2229 407 2308 hujus
429 2227 521 2290 bases
545 2236 615 2290 suut
638 2227 754 2308 viginti.
801 2228 836 2303 5)
862 2229 1036 2293 Octaedron
1066 2233 1133 2293 cubi
1164 2241 1278 2295 rectum
1303 2235 1445 2313 angulum
1468 2234 1537 2298 imi·

174 2323 276 2390 tatur,
305 2317 481 2379 icosaedron
511 2318 691 2379 dodecaedri
719 2318 869 2381 obtusum.
916 2319 965 2381 Ex
998 2320 1104 2400 quibus
1135 2329 1223 2401 patet
1255 2324 1418 2386 octaedron
1447 2331 1539 2404 caput

174 2425 244 2467 esse
268 2405 315 2468 sui
339 2405 464 2479 ordinis,
489 2406 568 2468 sicut
590 2407 683 2468 cubus
706 2407 868 2487 primorum
892 2418 940 2471 est
961 2410 1112 2490 princeps.

400 3008 495 3087 Quod
517 3008 686 3070 octaedroo
707 3010 749 3072 eit
771 3009 858 3072 intro
887 3009 1034 3073 Venerem
1059 3019 1088 3074 et
1110 2999 1332 3076 Maeotiam(

269 3165 357 3238 Quod
381 3175 482 3229 sutem
507 3177 669 3247 propterea
692 3169 796 3230 statim
825 3171 862 3232 ad
891 3169 1100 3232 dodecaedron
1123 3173 1153 3234 in
1177 3173 1287 3234 mundo
1311 3170 1393 3252 sequi
1418 3170 1537 3246 debeat,

177 3276 236 3319 non
261 3255 405 3337 seqnitur.
447 3256 479 3329 1)
504 3255 582 3319 Nam
607 3257 676 3338 quia
698 3277 804 3320 revera
829 3260 886 3322 duo
911 3259 1024 3320 diversi
1048 3270 1118 3323 sunt
1140 3261 1270 3334 ordines,
1295 3268 1423 3342 possunt
1445 3261 1539 3322 etiam

176 3348 207 3408 in
223 3346 360 3406 diversas
379 3346 480 3407 mnndi
502 3346 611 3425 plagas
635 3357 773 3426 spectare
797 3349 859 3410 suis
878 3349 1037 3428 capitibus.
1076 3348 1112 3424 2)
1134 3350 1232 3430 Atque
1248 3352 1333 3426 adeo,
1358 3349 1428 3431 quia
1446 3350 1539 3412 cubus

177 3433 374 3514 dignissimae
398 3435 500 3497 mundi
520 3435 633 3516 regioni
648 3446 736 3497 extra
750 3437 874 3499 Terram
889 3438 1119 3518 appropinquat,
1144 3439 1402 3502 circumferentiae
1422 3439 1539 3501 seilicet

178 3525 243 3585 sive
266 3524 353 3595 fixis,
380 3543 436 3604 par
460 3532 545 3598 erat,
576 3534 610 3586 ut
637 3533 669 3586 et
692 3527 816 3588 alterins
840 3527 954 3588 ordinis
979 3536 1069 3605 caput
1092 3529 1220 3608 digniori
1244 3530 1310 3590 loco
1333 3528 1435 3590 mnndi
1458 3529 1538 3589 intra

178 3613 309 3676 Telluris
336 3613 439 3677 orbem
470 3613 636 3675 accederet.
682 3614 765 3676 Nihil
794 3622 894 3677 antem
927 3615 1044 3693 dignius
1073 3627 1176 3679 centro
1206 3625 1238 3680 et
1260 3618 1341 3680 Sole.
1389 3614 1424 3690 3)
1449 3614 1539 3687 Quod

179 3704 206 3764 si
229 3703 322 3764 etiam
345 3701 499 3783 utriusque
524 3702 636 3763 ordinis
660 3703 751 3764 situm
775 3723 828 3783 pro
857 3723 915 3786 uno
944 3723 1139 3780 censeamus,
1174 3705 1243 3787 quid
1276 3707 1445 3786 elegantius
1474 3704 1538 3768 lieri

179 3800 318 3871 poterat,
352 3811 440 3872 quam
472 3800 507 3853 nt
529 3791 579 3853 ille
607 3792 743 3871 utrinque
773 3792 919 3854 similibus
949 3802 980 3854 et
1001 3793 1106 3872 primis
1129 3794 1303 3874 corporibus
1326 3794 1536 3857 clauderetur?

178 3877 215 3955 4)
239 3881 397 3942 Pulchrius
420 3881 513 3941 etiam
537 3889 597 3954 est,
628 3881 795 3942 multifacia
818 3901 944 3961 corpora
967 3882 1135 3945 adinvicem
1158 3884 1243 3965 sequi
1266 3886 1296 3945 in
1320 3883 1432 3955 medio,
1464 3893 1496 3945 et
1518 3903 1538 3943 a

178 3970 355 4048 pluralitate
379 3969 497 4031 basium
520 3969 657 4049 utrinqne
682 3971 793 4031 sensim
817 3972 855 4031 ad
870 3972 1053 4051 paucitatem
1070 3972 1193 4044 discedi,
1218 3971 1244 4035 si
1262 3973 1335 4035 nihil
1359 3973 1440 4034 aliud
1463 3990 1536 4051 pro-

178 4059 291 4133 hibeat,
316 4057 455 4139 quamsi
480 4059 518 4119 ad
542 4058 702 4120 multarum
721 4058 838 4122 basium
853 4078 961 4139 corpus
981 4070 1155 4140 sequeretur
1179 4053 1269 4123 unum
1291 4080 1453 4142 paucarum
1478 4062 1535 4121 ba-

95 4163 100 4171 ·
178 4149 265 4223 sium,
290 4156 323 4210 et
346 4147 474 4228 deniqne
498 4148 674 4209 succederet
696 4167 811 4210 rursum
837 4149 918 4211 alind
942 4149 1031 4229 longe
1054 4151 1190 4230 plurium,
1216 4170 1306 4231 quam
1325 4157 1391 4211 erat
1414 4157 1532 4209 utrum·

178 4256 245 4318 qne.
285 4235 321 4311 5)
344 4237 447 4316 Atque
471 4256 537 4299 cnm
562 4236 771 4300 dodecabdron
796 4249 879 4301 esset
902 4239 931 4300 in
956 4257 1010 4299 sno
1034 4240 1136 4300 ordine
1155 4240 1302 4311 ultimum,
1326 4236 1534 4309 conveniebat,

91 4315 96 4332 ‘
177 4335 212 4387 ut
234 4325 278 4387 illi
302 4326 479 4388 succederet
507 4345 544 4387 ex
572 4325 667 4387 altero
695 4326 813 4401 ordine,
844 4329 922 4407 quod
951 4336 1034 4388 esset
1062 4328 1109 4388 sui
1131 4327 1238 4389 simile.
1286 4323 1321 4399 6)
1351 4325 1454 4386 Etiam
1479 4325 1534 4387 hoo

179 4415 217 4477 ad
240 4415 371 4478 Telluris
396 4414 574 4494 dignitatern
597 4416 744 4493 pertinet,
770 4423 803 4476 nt
827 4416 964 4497 utrinque
988 4415 1140 4490 similiter,
1166 4424 1308 4496 quantum
1331 4415 1395 4476 fieri
1418 4423 1533 4493 posset,

178 4503 353 4585 stiparetur.
395 4502 472 4565 Cum
496 4503 588 4584 igitur
610 4503 654 4564 ita
678 4503 848 4578 cecidisset,
874 4514 908 4566 ut
930 4504 1064 4567 exterius
1087 4505 1220 4585 proxime
1245 4503 1408 4565 ambiretur
1430 4503 1533 4566 multi-

178 4594 266 4669 facio,
290 4601 446 4674 parerat,
470 4601 504 4655 ut
527 4592 652 4655 interius
678 4592 770 4653 etiam
795 4593 928 4672 proxime
952 4594 1202 4673 complecteretur
1223 4591 1429 4655 multiiaoium.
1466 4593 1533 4654 Duo

178 4682 270 4762 igitur
292 4683 324 4745 hi
347 4681 467 4743 ordines
491 4682 619 4762 quinque
643 4682 748 4743 horum
771 4700 928 4762 corporum
956 4683 1002 4743 ita
1029 4691 1099 4744 sunt
1125 4703 1145 4745 a
1167 4681 1392 4762 sapientissimo
1417 4681 1531 4766 Condi-

177 4779 244 4833 tore
267 4772 298 4834 in
321 4789 411 4833 unum
434 4771 560 4841 redacti,
586 4778 620 4832 ut
644 4770 777 4838 calcibus
795 4771 923 4832 invicem
942 4771 979 4833 ad
996 4771 1156 4845 Tellurem,
1180 4791 1256 4853 qnae
1279 4771 1425 4833 maceries
1448 4771 1533 4850 ipso·

178 4878 242 4923 rum
266 4868 323 4936 est,
348 4859 585 4935 obverterentnr,
610 4858 761 4941 capitibus
784 4859 813 4922 in
837 4859 975 4922 diversas
998 4860 1099 4923 mnndi
1121 4862 1229 4942 plagas
1253 4853 1453 4999 diosqe'derent
1470 4862 1498 4934 ⁸)
