3609 5634
301 343 365 410 iili
684 331 689 340 ’
810 340 924 405 HM!
943 341 1142 408 (immffiel

298 526 402 580 easque
424 523 474 577 per
494 504 608 560 similem
628 504 856 573 praeventionem
876 503 1090 560 translocabiles
1111 506 1146 557 do
1160 505 1221 558 loco
1240 501 1269 557 in
1287 503 1376 558 looum
1389 505 1441 558 sub
1456 504 1536 567 lixis3
1558 521 1596 558 ex
1609 502 1661 557 luis

299 588 421 643 obtentis
443 586 567 657 sequitur
582 585 655 638 ultro
679 583 738 636 sine
756 584 817 637 ulla
836 586 961 654 polorum
980 580 1136 648 libratione,
1159 590 1190 637 et
1207 583 1418 638 declinationem
1437 584 1581 654 eclipticas
1594 600 1660 638 snu-

188 709 194 721 ,
298 669 362 732 tari,
387 675 417 722 et
441 666 617 737 aequinoctia
638 663 762 717 nonnihil
786 681 858 717 nunc
878 664 997 727 incitari,
1021 681 1093 717 nunc
1115 663 1268 727 retardari;
1297 663 1436 733 quinimo
1459 665 1581 735 sequit-nr
1600 665 1662 717 boc

298 749 381 803 etiam
406 747 538 816 amplius,
569 745 640 813 quod
665 742 815 812 Copernico
849 744 1096 798 inanimadversum
1128 743 1221 814 Tyoho
1244 744 1371 796 Brabeus
1405 751 1435 798 et
1460 744 1660 813 Landgrnrins

298 828 416 882 flassiae
433 821 472 894 ³⁶)
492 827 671 886 detexerunt,
696 824 814 877 lixarum
835 825 936 878 mutari
959 822 1129 877 latitudines.
1170 823 1232 876 Etsi
1251 839 1317 875 vero
1338 823 1449 878 libratio
1468 823 1660 894 aequinoctio·

191 925 194 930 ’
298 926 357 961 rum
376 924 429 960 non
450 912 531 959 tanta
552 921 602 957 nec
621 911 677 956 mm
692 903 790 956 celeris
805 911 871 956 tuno
885 904 1002 966 elicitur,
1019 910 1124 973 quanta
1137 920 1174 956 ex
1189 901 1382 956 librationibus
1397 903 1551 974 Copernici:
1575 910 1605 957 at
1619 904 1660 955 de

297 988 347 1040 illa
361 986 518 1057 quantitate
540 1000 593 1037 nou
609 989 717 1037 tantum
732 986 850 1037 nondum
865 983 961 1054 liquet,
986 985 1033 1036 sed
1055 975 1365 1053 constaus'aequalitas
1386 991 1452 1037 aute
1466 990 1496 1036 et
1509 988 1573 1054 post
1586 984 1658 1037 Pto·

296 1068 432 1120 lernaeum
455 1063 629 1133 deprebensa
656 1069 745 1116 totum
779 1064 922 1133 negotium
954 1080 1010 1118 una
1032 1079 1092 1116 oum
1115 1061 1355 1117 observationibus
1378 1063 1531 1118 Ptolemaei
1554 1079 1659 1134 prope·

296 1148 404 1200 modum
417 1145 445 1198 in
459 1143 569 1197 dubium
583 1150 673 1196 vocat
715 1143 783 1197 Sola
796 1144 868 1196 enirn
883 1151 963 1198 aetas
977 1143 1131 1197 Ptolemaei
1145 1149 1197 1207 est,
1218 1157 1290 1214 qnae
1308 1143 1468 1198 exorbitat:
1485 1142 1656 1214 reliquarum

296 1231 420 1280 aetatum
436 1223 643 1278 observationes
659 1229 817 1293 congruunt
831 1226 865 1277 ad
881 1223 1054 1294 aequabilem
1068 1224 1212 1294 regulam
1235 1223 1414 1292 Copernicuru
1428 1224 1507 1285 enim,
1523 1222 1568 1296 qui
1582 1239 1656 1276 suae

296 1305 400 1360 aetatis
424 1303 609 1358 associatione
631 1302 805 1356 librationem
827 1304 900 1358 hanc
920 1304 1020 1358 enixus
1043 1310 1100 1365 est,
1125 1302 1243 1371 proximi
1265 1309 1361 1356 aetate
1383 1304 1576 1358 observatores
1598 1304 1657 1356 tde

295 1383 448 1456 dignissimi
467 1383 601 1437 refutant.
644 1381 711 1435 Vide
733 1382 786 1436 bac
799 1386 839 1436 de
860 1401 890 1437 re
915 1400 977 1439 mea
991 1383 1194 1438 commentaria
1216 1384 1251 1436 de
1265 1383 1356 1437 Marte
1379 1383 1517 1454 capitibus
1539 1383 1655 1445 ultimis.

296 1474 327 1518 et
346 1465 466 1534 Epitom.
482 1466 595 1516 Astron.
619 1461 680 1514 libr.
703 1463 763 1515 Vll.

878 1805 998 1904 Caput
1025 1804 1072 1879 Π.

632 1964 821 2027 Primorioe
843 1966 1121 2028 demonstrationis
1143 1963 1321 2029 delineatio

386 2104 502 2176 Quibus
526 2106 569 2168 ita
592 2109 766 2187 praemissis
790 2116 824 2168 ut
843 2109 881 2168 ad
903 2110 1089 2189 propositum
1109 2107 1237 2180 veniam,
1262 2097 1464 2187 atque'modo
1488 2107 1656 2167 recensitas
1722 2151 1724 2155 -

297 2192 456 2274 Cuperoici
478 2195 661 2276 hypotheses
681 2197 717 2257 de
733 2198 842 2258 mundo
866 2217 943 2259 novo
967 2216 1044 2258 novo
1066 2206 1242 2276 argumento
1262 2197 1395 2275 probem,
1420 2215 1482 2256 rem
1506 2213 1525 2256 a
1547 2195 1656 2275 primo,

295 2284 372 2363 quod
397 2282 493 2356 aiunt,
519 2303 575 2344 ovo
599 2304 658 2362 qua
681 2286 831 2346 brevitate
854 2286 918 2347 fieri
941 2287 1054 2366 poterit
1077 2293 1220 2364 repetam.
1429 2344 1434 2354 ,

384 2369 502 2451 Corpus
526 2381 593 2432 erat
616 2373 656 2446 id,
681 2375 759 2453 quod
783 2374 868 2436 initio
888 2375 970 2435 Deus
994 2374 1126 2436 creavit:
1153 2375 1238 2453 cnjus
1262 2372 1464 2434 definitionem
1487 2371 1514 2432 si
1537 2373 1654 2432 habea-

295 2478 369 2533 mus,
395 2459 533 2520 existimo
548 2461 737 2523 mediocriter
751 2457 865 2524 clarum
885 2464 957 2537 iore,
983 2483 1036 2525 cur
1058 2463 1144 2524 initio
1168 2482 1275 2542 corpus
1299 2481 1356 2522 uun
1382 2462 1473 2523 aliam
1492 2479 1554 2522 rem
1569 2461 1653 2521 Deum

294 2548 452 2609 creaverit.
499 2548 575 2610 Dico
599 2550 800 2628 quantitatem
823 2552 1006 2614 Deo·iuisse
1035 2552 1240 2632 propositam:
1274 2552 1313 2612 ad
1342 2570 1430 2630 quam
1459 2549 1653 2612 obtinendam

294 2635 430 2697 omnibus
454 2656 529 2715 opus
557 2638 628 2707 init,
656 2656 734 2720 quae
761 2642 799 2701 ad
823 2642 956 2719 corporis
980 2641 1144 2702 essentiam
1168 2641 1339 2718 pertinent:
1373 2649 1407 2700 ut
1428 2639 1474 2700 ita
1497 2639 1652 2717 quantitas

295 2724 438 2802 corporis,
463 2734 609 2804 quatenus
634 2747 750 2806 corpus,
777 2730 923 2808 quaedam
948 2730 1052 2804 forma,
1079 2729 1317 2809 delinitionisque
1340 2729 1423 2807 origo
1447 2727 1498 2788 sit.
1543 2725 1651 2796 Quan-

295 2813 414 2873 titatem
439 2823 539 2875 autem
563 2816 646 2877 Deus
669 2818 736 2878 ideo
761 2828 831 2879 ante
855 2820 956 2880 omnia
982 2819 1115 2880 existere
1144 2819 1256 2890 voluit,
1290 2827 1324 2878 nt
1356 2827 1441 2877 esset
1475 2816 1574 2877 curvi
1613 2816 1652 2877 ad

295 2909 430 2962 rectum
460 2903 655 2981 comparatio.
702 2907 768 2967 Hac
800 2909 877 2968 euim
906 2928 966 2968 orna
997 2927 1029 2968 re
1062 2908 1179 2967 divinus
1213 2907 1283 2968 mihi
1313 2900 1512 2978 Cusanus⁸ll
1541 2906 1653 2984 aliique

293 2989 442 3064 videntur,
466 2992 543 3071 quod
567 2994 642 3055 recti
666 2996 806 3075 curvique
831 2988 869 3055 ad
893 2996 1019 3056 invicem
1043 2996 1247 3058 habitudinem
1270 2994 1347 3056 tanti
1368 2996 1511 3068 iecerunt,
1537 3003 1568 3054 et
1583 3012 1654 3054 cur-

293 3097 362 3138 vum
385 3078 464 3151 Deo,
497 3089 611 3141 rectum
634 3085 780 3143 creaturis
804 3084 869 3143 ansi
894 3092 966 3144 sunt
993 3103 1185 3163 comparare:
1218 3093 1251 3145 ut
1277 3084 1357 3145 haud
1384 3083 1479 3144 'multo
1503 3082 1654 3143 utiliorem

295 3167 415 3245 operarii
439 3169 654 3244 praestiterint,
681 3171 730 3251 qni
754 3169 932 3232 Creatorem
956 3174 1119 3247 creaturis,
1144 3174 1240 3234 Deum
1263 3171 1390 3245 homini,
1412 3171 1527 3250 judicia
1551 3169 1654 3231 divina

294 3254 443 3327 humanis,
469 3274 558 3333 qnam
581 3256 630 3334 qui
654 3276 774 3319 curvum
799 3268 890 3332 recto,
917 3260 1058 3322 circulum
1074 3263 1221 3342 quadrato
1237 3262 1432 3341 aequiparare
1448 3260 1548 3321 conati
1571 3267 1651 3321 suut.

382 3339 516 3421 Cumque
540 3344 587 3403 vel
611 3344 640 3405 iu
664 3346 720 3433 hoc
744 3348 808 3408 solo
823 3348 900 3408 satis
916 3349 1104 3412 coristitisset
1119 3367 1212 3429 penes
1227 3351 1324 3412 Deum
1343 3350 1545 3428 quantitatum
1568 3347 1652 3427 apti·

293 3431 364 3491 tudo
389 3438 420 3491 et
444 3431 524 3492 curvi
548 3431 702 3509 nobilitas,
727 3436 858 3496 accessit
881 3445 982 3497 tamen
1008 3448 1039 3499 et
1062 3440 1189 3500 alterum
1209 3440 1297 3518 longe
1319 3438 1432 3517 majus:
1464 3438 1520 3498 Dei
1541 3437 1651 3499 trinnni

293 3519 393 3596 imago
416 3518 445 3580 in
470 3520 630 3598 sphaerica
652 3525 821 3603 superficie,
852 3525 953 3586 Patris
976 3527 1095 3588 scilicet
1121 3528 1152 3588 in
1181 3536 1297 3602 centro,
1329 3528 1397 3589 Filii
1424 3528 1455 3587 in
1484 3525 1651 3605 superficie,

293 3606 425 3685 Spiritus
449 3608 478 3668 in
503 3611 689 3688 aequalitate
713 3634 844 3693 σχεσεως
866 3615 945 3675 inter
967 3624 1109 3694 punctum
1133 3624 1165 3676 et
1188 3616 1342 3677 ambitum.
1383 3617 1462 3677 Nam
1486 3633 1562 3697 quae
1585 3613 1650 3676 Cu·

293 3714 385 3755 sanus
409 3696 533 3770 circulo,
563 3697 614 3758 alii
639 3701 716 3761 sorte
740 3702 829 3780 globo
853 3703 1036 3773 tribuerent,
1062 3725 1098 3765 ea
1121 3724 1177 3782 ego
1201 3705 1258 3765 soli
1283 3704 1458 3784 sphaericae
1483 3703 1650 3782 superficiei

294 3802 411 3862 arrogo.
453 3784 519 3845 Nec
542 3789 716 3864 persuaderi
740 3793 880 3869 possum,
896 3807 1051 3853 curvomm
1076 3794 1233 3873 quicquain
1258 3793 1385 3854 nobilius
1411 3811 1478 3852 osse
1502 3801 1556 3853 aut
1577 3809 1651 3872 per-

294 3871 401 3931 fectius
425 3871 492 3950 ipsa
515 3875 674 3953 sphaerica
692 3878 856 3957 superficie.
896 3877 1014 3941 Globus
1039 3883 1116 3943 enim
1140 3883 1209 3960 plus
1232 3892 1280 3943 est
1303 3881 1461 3961 sphaerica
1484 3880 1648 3960 superficie,

293 3968 324 4020 et
347 3959 458 4021 mistus
483 3961 669 4039 rectitudini,
695 3987 754 4046 qua
777 3968 843 4028 sola
866 3969 1006 4046 impletur
1030 3971 1120 4032 intus.
1168 3969 1306 4032 Circulos
1330 3988 1402 4032 vero
1425 3969 1483 4030 nisi
1505 3971 1535 4030 in
1559 3970 1650 4048 plano
1685 4033 1688 4039 ,

293 4057 375 4110 rectu
401 4049 524 4121 existat,
547 4051 603 4113 hoc
626 4063 684 4127 est,
708 4056 766 4116 nisi
790 4057 948 4135 sphaerica
971 4060 1143 4137 superficies
1168 4067 1221 4120 aut
1244 4060 1350 4138 globus
1376 4060 1466 4137 plano
1491 4066 1573 4120 recto
1598 4076 1651 4117 se-

292 4144 386 4211 cetur,
411 4138 539 4201 circnlus
563 4142 661 4203 nullus
684 4145 752 4205 erit.
790 4145 877 4206 Unde
901 4146 1005 4207 videre
1027 4156 1085 4222 est,
1109 4148 1220 4209 multas
1244 4148 1305 4209 illic
1329 4171 1349 4209 a
1367 4149 1441 4209 cubo
1465 4148 1494 4207 in
1517 4147 1648 4226 globum,

293 4226 341 4286 hic
364 4246 384 4286 a
406 4228 554 4307 quadrato
578 4228 607 4291 in
632 4231 773 4293 circulum
797 4234 975 4296 secundario
994 4236 1123 4298 defluere
1137 4237 1350 4315 proprietates,
1374 4244 1496 4315 propter·
1510 4233 1649 4296 diametri

292 4315 509 4378 rectitudinem.

381 4401 444 4464 Sed
466 4423 519 4466 cur
542 4406 668 4485 denique
692 4407 773 4468 curvi
797 4417 829 4471 et
858 4411 934 4471 recti
963 4409 1134 4472 discrimina
1160 4413 1303 4490 curvique
1326 4411 1468 4473 nobilitas
1492 4411 1557 4472 Deo
1578 4412 1649 4473 ilre-

293 4499 362 4551 runt
382 4492 539 4571 proposita
562 4495 592 4554 in
617 4496 789 4556 exornando
814 4499 942 4557 mundo?
980 4497 1041 4560 Cur
1060 4500 1159 4560 enim?
1183 4501 1241 4561 nisi
1265 4499 1335 4579 quia
1358 4521 1377 4559 a
1400 4499 1553 4560 conditore
1576 4519 1647 4578 per-

294 4578 459 4642 fectissimo
482 4600 606 4644 necesse
639 4583 757 4645 omnino
788 4586 845 4646 fuit
877 4593 910 4646 ut
938 4586 1166 4666 pulcherrimum
1199 4608 1274 4668 opus
1298 4590 1541 4650 constitueretur.
1588 4589 1648 4648 Fas

294 4664 372 4725 enim
396 4687 450 4728 nec
473 4676 522 4729 est
553 4690 608 4731 nec
641 4690 767 4751 unquam
797 4673 852 4734 init
883 4676 932 4746 (nt
961 4674 1089 4754 loquitur
1118 4695 1155 4737 ex
1178 4677 1302 4738 limace
1325 4677 1463 4738 Platonis
1487 4674 1593 4737 Cicero
1617 4676 1645 4738 in

295 4752 371 4814 libro
387 4754 423 4814 de
438 4755 649 4830 universitate)
674 4760 830 4838 quicquam
845 4762 901 4821 nisi
917 4763 1146 4841 pulcherrimum
1166 4765 1264 4826 facere
1284 4784 1361 4838 euin,
1387 4765 1435 4845 qui
1460 4774 1543 4826 esset
1565 4764 1646 4844 opti-

294 4859 369 4902 mus.
413 4839 491 4904 ,Cum
518 4845 609 4926 igitur
640 4846 739 4908 ideam
771 4850 871 4912 mundi
900 4849 1046 4916 Conditor
1079 4852 1177 4914 auimo
1210 4852 1455 4934 praeconceperit
1487 4853 1646 4936 (loquimus
