3609 5634
292 325 357 392 336
457 365 460 371 «
715 330 815 381 tiarae
833 330 936 396 Kapsa
954 331 1107 397 summe
1123 339 1225 384 manae

291 488 376 549 llaec
400 485 501 548 omnia
518 494 684 567 sequuntur
706 507 745 550 ex
768 488 824 550 hoc
848 485 1014 570 principio,
1048 491 1126 571 quod
1154 499 1189 553 tu
1211 492 1342 554 noudum
1364 493 1527 556 refutasti:
1560 514 1585 555 a
1608 491 1662 554 die
1727 567 1736 586 ,

292 574 455 655 significari
480 594 605 651 anunm,
639 597 658 637 a
680 576 812 638 motibus
841 577 959 640 scilicet
981 578 1115 641 natalitii
1139 580 1214 642 coeli
1242 599 1296 660 per
1319 579 1400 643 diem
1426 599 1516 645 unum
1538 598 1663 662 perque

292 664 359 726 loca
382 664 526 725 thematis
550 664 755 728 characteritii
779 673 811 727 et
833 667 977 730 natalitii.
1503 719 1508 730 .

303 805 307 810 .
379 753 449 814 dam
473 747 512 813 ad
535 762 590 813 tua
612 763 800 833 argumenta.
846 756 944 836 Nego,
968 756 1118 835 respicere
1132 755 1273 834 planetas
1296 757 1427 822 orbitam
1441 758 1533 820 Solia.
1573 757 1663 819 Nasu

291 860 344 920 per
367 839 508 903 accidens
532 842 575 912 lit,
600 850 632 903 ut
655 842 794 904 dividant
815 862 870 923 por
893 845 1035 906 circuitus
1059 863 1130 905 suos
1155 843 1291 909 bifariam
1306 855 1425 925 partem
1440 848 1507 921 hue,
1531 853 1664 926 partem

291 931 361 993 illuo
385 951 404 991 a
428 928 510 991 Solis
534 931 653 991 semita.
700 932 766 993 Hoc
790 933 886 993 solum
901 934 1055 1008 affectant,
1081 942 1115 994 ut
1133 932 1214 995 eirca
1237 944 1371 997 centrum
1393 936 1493 997 muudi
1508 942 1664 996 maneant

290 1019 320 1079 in
346 1019 452 1080 eodem
475 1017 566 1098 plano
591 1021 643 1091 (ue
666 1028 698 1082 te
723 1020 908 1100 Coperuicus
932 1023 1096 1095 offendat);
1121 1022 1199 1083 idem
1222 1022 1276 1084 Sol
1300 1024 1383 1098 facit,
1408 1025 1487 1086 alter
1509 1024 1577 1086 siue
1604 1041 1662 1084 re-

290 1117 396 1187 spectu
420 1108 555 1168 alterius.
601 1108 667 1170 Hoc
693 1127 763 1170 vero
788 1110 935 1171 facientes
961 1120 1101 1191 uterque,
1126 1130 1252 1172 necesse
1276 1120 1325 1173 est
1347 1112 1463 1174 orbitas
1487 1121 1541 1174 aut
1564 1110 1662 1172 cniu-

290 1197 408 1269 cidere,
443 1204 496 1257 aut
518 1197 616 1258 secari
648 1198 763 1259 dnobus
787 1198 907 1278 punctis
930 1198 1078 1279 oppositis
1108 1207 1139 1260 et
1161 1199 1311 1263 bifariam.
1358 1202 1559 1263 Astrouomia
1580 1218 1662 1260 vero

220 1351 224 1360 ‚
289 1283 488 1347 disertissime
520 1285 670 1360 affirmat,
704 1287 785 1348 nullo
818 1295 909 1367 pacto
934 1287 1103 1368 dispensari
1136 1297 1234 1350 motus
1266 1290 1455 1370 planetarum
1488 1290 1527 1351 ab
1550 1288 1662 1352 orbita

150 1370 155 1380 ⁴
247 1375 249 1380 ’
289 1371 381 1448 Solis,
407 1393 473 1434 cum
497 1373 580 1452 leges
605 1375 731 1436 realium
755 1384 889 1437 motuum
913 1376 994 1438 uullo
1017 1385 1107 1455 pacto
1127 1377 1282 1457 pendeant
1304 1400 1323 1440 a
1346 1377 1428 1441 Solis
1452 1377 1660 1441 revolutione.

290 1464 368 1524 Nam
393 1481 468 1541 quae
493 1462 529 1522 de
554 1462 688 1544 epicyclo
712 1465 795 1527 dicta
818 1472 889 1526 suut
912 1485 931 1525 a
955 1466 1119 1540 veteribus,
1154 1466 1299 1528 tolluntur
1323 1488 1342 1528 a
1364 1468 1504 1550 'lychnus
1529 1478 1562 1529 et
1588 1463 1659 1529 Co-

291 1551 410 1632 peruico
435 1550 603 1612 rationibus
627 1552 746 1631 opticis.
794 1551 932 1615 Secundo
957 1553 1073 1633 allegas
1097 1553 1325 1634 experientiam.
1373 1557 1469 1637 Nego,
1495 1566 1526 1618 te
1545 1556 1658 1618 siuce-

291 1659 356 1701 ram
387 1657 478 1718 posse
511 1656 638 1719 capere,
671 1641 787 1704 lubrica
809 1650 875 1712 est,
909 1642 988 1724 qnod
1021 1641 1094 1715 tibi,
1122 1661 1176 1722 per
1199 1653 1302 1741 partes
1325 1646 1504 1725 proponenti
1527 1643 1659 1725 experi-

291 1734 412 1801 menta,
446 1729 613 1806 probarem.
661 1730 762 1792 Tertio
796 1732 932 1810 confugis
959 1732 1004 1792 'ad
1037 1731 1258 1811 profectiones,
1291 1763 1331 1775 ·-
1365 1734 1522 1796 ficulneum
1555 1751 1656 1813 argu·

261 1825 432 1878 -meutum
457 1816 573 1878 =Nihili
597 1827 645 1878 est
667 1819 829 1897 profectio,
864 1827 896 1882 et
919 1820 946 1881 si
979 1818 1048 1900 quid
1072 1828 1172 1893 esset,
1203 1821 1268 1900 jam
1291 1822 1374 1897 disi,
1407 1830 1439 1883 te
1462 1822 1528 1883 falli
1551 1840 1657 1901 expe-

290 1906 404 1967 riundo.
451 1904 587 1985 Denique
612 1907 732 1980 nescio,
757 1909 827 1988 quid
852 1916 881 1971 te
906 1910 976 1990 polo
1000 1909 1147 1970 attulerit.
1195 1909 1325 1972 Primum
1349 1930 1408 1972 nou
1433 1919 1504 1971 suut
1526 1911 1612 1971 vires
1638 1930 1658 1970 a

289 1995 379 2074 polis.
426 1992 543 2054 Deinde
568 1994 707 2074 ecliptica
732 2016 789 2057 non
814 2008 862 2058 est
884 1997 984 2059 media
999 1998 1076 2060 inter
1092 1999 1179 2077 polos
1193 1999 1393 2078 planetarum,
1419 2017 1513 2079 aeque
1529 1999 1658 2060 distans

291 2083 329 2144 ab
353 2081 430 2154 illis,
456 2081 510 2142 sed
534 2082 638 2162 cuique
661 2085 803 2163 planetae
828 2105 899 2146 suus
923 2087 1019 2165 polus.
1065 2086 1168 2148 Tertio
1192 2106 1247 2149 nec
1263 2088 1406 2168 ecliptica
1432 2106 1526 2168 aeque
1551 2089 1657 2149 distat

269 2177 410 2249 vsemper
433 2170 471 2231 ab
494 2169 601 2231 iisdem
638 2174 759 2250 punctis
782 2175 926 2249 lixarum3
956 2174 1027 2236 olim
1051 2174 1129 2236 euim
1153 2175 1282 2256 majores
1309 2177 1390 2239 fuere
1416 2176 1606 2238 latitudines.

362 2259 544 2309 Fabricius:
575 2258 639 2309 Mire
656 2260 772 2323 placent.
797 2276 862 2327 quae
880 2265 1034 2327 geometrica
1051 2269 1077 2313 et
1094 2264 1190 2314 musica
1208 2264 1282 2314 affers
1301 2264 1332 2314 de
1351 2265 1508 2330 aspectibus,
1536 2279 1586 2315 nec
1605 2271 1655 2320 0⁸*-

290 2330 356 2395 quod
374 2330 422 2379 illis
440 2329 610 2380 coumadicam
628 2329 673 2381 dre.

378 2401 580 2481 Keplerus:
618 2402 830 2466 Harmonicam
855 2403 1022 2466 doctrinam
1047 2405 1173 2484 recipis,
1206 2407 1266 2468 vim
1288 2405 1358 2468 inde
1381 2407 1556 2486 aspectibus
1580 2423 1654 2468 esse

290 2489 411 2569 probas.
460 2487 606 2561 Gaudeo,
641 2499 672 2551 te
696 2490 834 2553 hausisse
858 2493 914 2552 hoc
937 2492 1151 2571 pharmacum:
1193 2496 1281 2556 crede
1304 2494 1395 2569 mihi,
1429 2495 1652 2574 inposterum,

291 2579 347 2640 uisi
370 2596 424 2658 per
447 2577 591 2638 vomitum
615 2579 802 2653 reddideris,
837 2580 885 2641 ubi
912 2580 1094 2642 ventriculus
1118 2581 1150 2642 id
1174 2583 1364 2658 concoxerit,
1398 2583 1572 2663 aperientur
1595 2582 1653 2645 tibi

220 2703 227 2710 ·
291 2668 320 2728 in
345 2665 562 2744 meteorologia
585 2667 694 2728 meutis
718 2667 816 2743 oculi,
850 2669 939 2748 inque
974 2669 1209 2743 „Fundamentis
1232 2672 1461 2750 Astrologiae“.
1508 2671 1542 2733 Si
1566 2672 1653 2751 prius

291 2756 426 2827 fecisses,
452 2764 534 2834 puto,
560 2755 655 2816 multa
680 2757 790 2818 fuisses
813 2757 861 2818 hic
884 2758 1163 2837 praetermissurus.

362 2843 541 2893 Fabricius:
573 2843 610 2892 Er
629 2835 884 2895 diriua'ordinatioue
902 2853 973 2896 certa
990 2846 1113 2909 quaedem
1130 2845 1188 2897 loca
1202 2846 1389 2911 apheticaeuut
1406 2849 1433 2896 iu
1450 2847 1562 2898 themate
1575 2848 1652 2905 boue.

291 2922 318 2964 et
335 2914 459 2979 quaedam
476 2914 552 2963 mela.
590 2912 639 2964 Sed
658 2916 779 2980 quomodo
797 2915 904 2966 discerni
922 2917 1044 2972 debeant.
1063 2932 1113 2967 uon
1130 2919 1210 2968 rideo.
1245 2917 1383 2968 Multarum
1401 2920 1530 2983 genesium
1548 2932 1651 2982 conspe·

291 2988 386 3036 meone
404 2985 464 3034 illud
482 2984 653 3048 inquirendum
672 2994 698 3035 et
716 2987 898 3036 decernendum
918 2996 986 3051 puto,
1013 2993 1043 3038 ut
1061 3002 1091 3038 ex
1109 2988 1241 3052 apheticee
1259 2990 1355 3038 virtutis
1374 2989 1482 3039 naturali
1499 2990 1606 3038 termino
1624 2991 1652 3038 iu

180 3105 185 3111 ,
291 3056 371 3123 ligura
404 3069 520 3105 numerus
554 3063 579 3105 et
609 3058 768 3107 interstitium
796 3073 878 3107 rernm
907 3060 1033 3108 domorum
1065 3060 1202 3123 inquiratur
1232 3056 1381 3123 (Keplerus:
1418 3059 1467 3110 Hic
1498 3067 1527 3109 tu
1561 3060 1651 3123 incipis

291 3130 346 3178 siue
364 3128 474 3180 ratione,
502 3127 604 3176 credens
622 3129 745 3178 conclusis
762 3135 872 3178 veterum
897 3131 950 3180 stne
972 3131 1070 3179 ratione
1094 3131 1214 3185 collectis,
1243 3145 1293 3179 uou
1312 3131 1427 3181 divinitus
1444 3128 1597 3195 luspiratis),
1624 3133 1652 3180 hs

292 3213 340 3262 quo
358 3197 431 3248 valde
448 3197 541 3254 laboro,
562 3205 591 3247 et
605 3205 634 3247 ut
650 3206 678 3248 tn
696 3214 791 3264 quoque
809 3201 907 3250 labores
925 3216 992 3267 rogo.
1029 3201 1186 3252 Potissimum
1203 3203 1253 3251 rim
1270 3203 1335 3252 inter
1352 3203 1439 3252 domur
1461 3203 1542 3251 tribuo
1555 3201 1651 3268 augule

291 3269 366 3318 medii
384 3269 461 3325 coeli,
486 3269 544 3330 quia
562 3268 602 3318 ille
620 3269 689 3319 locus
707 3285 817 3320 summus
835 3279 873 3321 ert
891 3273 917 3321 in
934 3272 1062 3323 horizonte
1080 3273 1175 3338 aliquo,
1200 3273 1344 3324 nobilitatus
1363 3287 1380 3324 a
1397 3273 1461 3325 Solis
1479 3275 1586 3324 maximo
1606 3287 1649 3324 ea·

290 3339 349 3402 lore,
369 3346 396 3390 et
413 3340 559 3402 conspicuus
578 3347 616 3389 est
634 3342 749 3390 maxime.

379 3411 580 3491 Keplerus:
618 3412 766 3493 Proponis
790 3412 862 3486 tibi,
887 3412 1052 3478 interstitia
1075 3415 1213 3478 domnum
1237 3423 1269 3476 et
1292 3414 1360 3477 loca
1381 3414 1526 3477 thematis
1551 3415 1649 3495 aphe-

290 3500 353 3563 tica
376 3500 461 3561 novis
484 3499 631 3580 exemplis
654 3501 813 3580 inquirere.
860 3501 993 3579 Invitas,
1029 3512 1062 3565 nt
1094 3513 1124 3565 te
1154 3504 1267 3583 juvem.
1314 3504 1382 3566 Non
1416 3505 1545 3579 faciam,
1578 3505 1650 3585 qnia

290 3608 348 3651 uon
373 3591 473 3660 credo,
499 3590 577 3668 quod
601 3597 636 3680 tu
658 3589 843 3652 fundamenti
869 3591 935 3652 loco
954 3593 1063 3669 credis,
1089 3612 1156 3652 esse
1180 3593 1290 3673 aliqua.
1337 3593 1382 3653 Tu
1405 3592 1430 3654 si
1454 3594 1647 3655 harmonicen

291 3678 476 3752 concoxeris,
502 3695 593 3739 exues
617 3680 694 3740 hauc
718 3679 939 3741 credulitatem.
986 3681 1031 3742 Tu
1055 3680 1149 3757 euim,
1175 3681 1323 3742 conclusis
1348 3689 1482 3742 veterum
1506 3682 1570 3743 siue
1594 3702 1649 3743 ra-

289 3767 371 3827 tione
405 3766 540 3827 collectis
572 3767 700 3847 ideoque
728 3787 787 3828 nou
816 3768 961 3854 divinitus
983 3769 1158 3849 inspiratis,
1193 3779 1295 3832 tamen
1318 3769 1431 3850 primns
1455 3771 1501 3831 vis
1525 3771 1648 3834 credere

290 3856 354 3916 siue
378 3854 513 3928 ratione,
543 3856 613 3935 quia
636 3855 711 3917 diois
735 3856 858 3930 „diviua
881 3858 1050 3920 relatione“
1083 3859 1162 3921 haud
1187 3858 1275 3921 dubie
1298 3858 1372 3919 lieri.
1418 3858 1569 3921 Rationes
1592 3879 1649 3921 re-

289 3952 386 4004 terum
410 3943 479 4004 vide
504 3944 533 4003 in
557 3944 732 4005 Ptolemaeo
757 3955 788 4007 et
811 3946 889 4021 aliis,
915 3955 1036 4008 etcum
1060 3948 1241 4009 harmonicis
1265 3948 1389 4022 conler3
1414 3949 1486 4022 scio,
1513 3951 1648 4011 deseres.

257 4049 262 4058 ·
289 4032 423 4093 Medium
446 4031 522 4093 coeli
545 4032 574 4092 iu
599 4052 700 4111 regem
723 4033 820 4112 eligis,
845 4036 923 4115 quod
947 4036 1030 4097 calor
1048 4034 1130 4098 Solis
1153 4036 1195 4098 ibi
1218 4036 1379 4098 maximus.
1426 4034 1572 4099 Crassum
1595 4057 1649 4099 ar·

289 4129 481 4201 gumentum3
514 4121 583 4182 imo*
602 4121 677 4182 hora
705 4123 837 4183 secunda
865 4125 948 4186 calor
977 4124 1084 4204 major.
1130 4125 1301 4187 Incideutia
1324 4125 1442 4204 quidem
1467 4127 1647 4189 rectissima

289 4210 335 4271 At
359 4219 390 4271 et
413 4210 469 4288 hoc
494 4229 639 4272 crassum.
685 4211 866 4273 Harmonice
890 4214 954 4274 sic:
984 4224 1068 4275 ortus
1088 4213 1214 4293 jacenti,
1239 4215 1283 4275 M.
1300 4212 1336 4278 Ο.
1361 4214 1457 4276 stanti
1480 4215 1593 4278 bomini
1616 4224 1649 4278 et

288 4298 454 4360 ambulanti
478 4307 509 4358 et
528 4292 635 4378 agenti
658 4298 763 4360 simile.

359 4386 547 4436 Fabricius:
578 4386 656 4452 Cnpln
682 4401 845 4452 cognoscere,
863 4401 896 4436 an
915 4393 1026 4446 statuam
1046 4389 1196 4454 imaginaria
1220 4390 1264 4440 illa
1281 4396 1377 4454 puncta
1394 4392 1501 4441 abacia
1517 4390 1602 4442 ihc.
1622 4399 1649 4441 et

289 4456 464 4514 ascendentia,
490 4471 534 4520 per
558 4473 586 4508 se
612 4457 951 4508 ermessendem
970 4460 1065 4509 directe
1088 4462 1136 4509 rim
1155 4461 1281 4525 quendam
1298 4461 1407 4520 habere,
1434 4464 1532 4513 naemei
1550 4465 1576 4513 lu
1593 4464 1649 4513 istis

288 4530 447 4578 antisclorum
463 4529 523 4578 locis
541 4530 601 4578 nulli
619 4530 737 4594 planetae
756 4531 873 4585 existant,
892 4529 930 4580 vel
948 4544 981 4579 au
999 4531 1117 4595 planetae
1134 4533 1184 4584 illic
1202 4534 1338 4583 existentes
1355 4534 1455 4596 majoris
1473 4535 1569 4584 virtutis
1588 4535 1647 4592 dut
1756 4527 1759 4533 ’

290 4613 346 4648 cum
364 4601 434 4665 quasi
454 4601 479 4648 iu
498 4601 555 4663 ipsis
574 4602 671 4667 angulis
690 4614 745 4650 esre
764 4601 936 4650 existimantur
958 4603 984 4651 iu
1003 4602 1155 4653 directione?
1192 4600 1254 4665 (K.:
1280 4602 1338 4652 Nou
1356 4606 1392 4653 ric
1409 4604 1551 4654 usi'hnuun!
1588 4605 1648 4656 Pla·

287 4675 363 4720 uetae
382 4672 514 4720 auhscinm
531 4686 581 4722 unu
600 4679 715 4737 operatur
731 4672 779 4720 uisi
798 4671 832 4721 ed
850 4672 963 4722 cardines
980 4672 1087 4736 muudi.)

306 4777 308 4780 ·
377 4741 574 4821 Keplerus:
607 4743 654 4805 De
683 4743 820 4805 antisciis
849 4762 895 4805 me
926 4764 985 4806 uon
1013 4745 1191 4827 percepisti,
1220 4745 1317 4807 dicam
1345 4745 1468 4808 clarius.
1506 4747 1648 4809 Antiscia

287 4827 362 4893 nihil
388 4830 568 4912 promittunt
595 4832 661 4895 Soli
688 4832 736 4893 vel
767 4832 890 4908 Lunae,
923 4833 977 4895 sed
1009 4842 1126 4897 tantum
1156 4834 1331 4897 ascendenti
1359 4843 1392 4896 et
1417 4836 1462 4898 M.
1488 4833 1524 4899 Ο.
1549 4835 1646 4919 sigui·
