3609 5634
266 395 332 463 304
688 396 790 449 cmm
809 397 912 463 sepiis
930 396 1082 463 ιιιωφο
1100 404 1201 449 ιω.

262 559 341 608 literis
359 569 462 607 cansam
491 556 585 607 dilatas
604 556 812 620 compensationis
835 571 879 621 pro
897 555 1055 608 maieaflone
1072 555 1199 607 Prodromi
1222 556 1296 608 affert
1313 555 1518 620 Zcbmtnaaimat
1538 553 1629 613 „cala

263 631 380 678 mitomm
397 635 490 678 statum
507 628 614 692 patriae,
633 634 662 678 ut
679 626 738 676 binc
756 642 871 692 proceros
889 628 1036 679 occasiones
1052 634 1166 692 captent,
1185 629 1306 691 ejunnodi
1323 627 1625 693 poemenionem·

264 700 329 765 qnod
346 713 386 757 eo,
405 713 469 764 quae
487 712 562 763 supra
580 698 683 749 diximus
703 698 733 748 de
751 699 942 756 Herberstenio,
961 698 1107 750 confirmare
1126 699 1229 750 ridetm.

335 770 423 820 Porro:
444 769 561 828 ,indicia
580 769 744 836 genethliaca
762 769 850 819 vellem
869 777 897 819 ut
914 772 994 833 prima
1012 784 1109 834 quaque
1127 771 1259 821 occasione
1277 784 1437 834 maeres
1455 775 1481 820 et
1497 767 1558 818 mibi
1575 766 1628 817 buc

264 842 388 898 mitterem
407 840 477 890 labor
494 841 631 891 liberaliter
649 842 694 890 tibi
713 841 939 905 compensabitur.“
978 840 1092 891 Deinde:
1120 842 1256 895 „Generosi
1273 842 1323 893 mei
1342 842 1441 891 nomine
1458 847 1485 890 te
1503 854 1577 905 rogo,
1596 843 1629 887 nt

263 914 422 963 nativitatem
457 911 517 960 mibi
552 921 619 962 certo
644 913 769 972 mitteros;
796 919 896 962 tenstur
924 913 990 970 enim
1013 926 1104 976 parens
1127 913 1263 970 desiderio,
1290 912 1391 978 legendi
1418 913 1544 962 fortunam
1571 909 1625 959 biii

263 982 416 1033 Nativitatss
433 982 489 1032 ilias
507 990 558 1033 tres
576 998 654 1047 nuper
671 984 716 1032 tibi
735 998 752 1033 a
769 998 809 1033 me
822 983 929 1033 traditae
947 997 1077 1046 compone.
1114 983 1239 1034 iudicium
1251 984 1363 1048 quodque
1376 984 1521 1048 cognatim
1532 981 1626 1036 scribe,

263 1068 310 1104 nec
329 1054 359 1108 de
377 1054 507 1103 honorario
534 1053 638 1103 bouesto
665 1053 774 1103 dubita⁸⁴
813 1053 941 1120 Denique:
968 1053 1105 1104 Pecuniam
1131 1056 1176 1104 tibi
1194 1056 1272 1105 mittit
1289 1053 1429 1105 Generosos
1457 1050 1492 1102 10
1514 1052 1627 1101 tbalmos

263 1127 386 1190 integros,
413 1140 456 1188 pro
475 1124 562 1190 quibus
585 1125 658 1174 latori
676 1126 792 1175 rectiores
811 1122 845 1174 50
863 1126 977 1176 florenos.
1013 1124 1128 1176 Postulat
1145 1141 1189 1189 pro
1207 1128 1320 1183 mindo,
1349 1125 1414 1190 quod
1431 1124 1480 1174 bac
1508 1124 1535 1172 in
1550 1129 1627 1187 parte

263 1198 309 1247 tibi
326 1196 433 1252 exhibet,
451 1202 480 1245 ut
491 1197 650 1246 nativitatem
667 1195 762 1246 scheda
779 1198 954 1261 consignatam
972 1197 1120 1261 componasi
1141 1193 1187 1246 bc.

333 1267 423 1317 haunt
439 1267 478 1316 his
496 1267 681 1329 Zebentmaieri
704 1267 782 1317 literis
800 1268 880 1318 multa
905 1275 994 1318 notatu
1021 1268 1134 1335 digniora
1159 1268 1191 1320 de
1216 1268 1290 1319 rebus
1313 1267 1416 1332 publicio
1436 1265 1555 1330 Styriacia
1580 1270 1622 1313 tu-

266 1339 395 1389 multuosis
414 1344 440 1389 et
459 1338 634 1388 devexatione
654 1339 743 1389 civium
753 1338 856 1389 Lutberi
874 1338 933 1389 fidei
951 1339 1120 1397 addictorum,
1139 1339 1283 1406 deKepleri
1299 1340 1428 1389 sententia
1445 1337 1476 1388 de
1494 1338 1567 1388 rebus
1585 1335 1623 1385 di·

266 1410 337 1467 vinis,
356 1409 387 1459 de
405 1411 481 1474 ipsios
499 1410 559 1467 rita,
577 1410 665 1459 studiis
684 1410 800 1475 allisque,
819 1425 884 1475 qnae
903 1412 987 1460 omnia
1004 1410 1044 1460 hic
1063 1413 1209 1466 omittuntur
1228 1411 1277 1461 alio
1294 1409 1351 1460 loco
1369 1405 1528 1460 immania
1565 1405 1624 1457 Hoc

264 1488 363 1530 tantum
381 1480 503 1538 addimus,
522 1481 586 1545 qnod
604 1481 702 1545 propius
721 1481 754 1530 ad
771 1496 832 1538 rem,
852 1481 882 1531 do
901 1495 951 1545 qua
968 1482 1006 1531 his
1025 1484 1121 1547 agimm
1141 1482 1218 1537 foliis,
1237 1483 1366 1545 pertinens
1382 1482 1502 1544 judicium
1520 1478 1624 1543 Kepieri

264 1553 296 1603 do
315 1552 449 1618 astrologia
466 1552 579 1602 exhibet:
604 1550 684 1610 1,Ἱίϋῆ
703 1553 789 1603 scribit
807 1552 1013 1614 Zchentmajerus
1031 1553 1055 1603 d.
1079 1550 1118 1601 10,
1138 1552 1195 1604 Oct
1215 1550 1274 1610 tt..
1302 1554 1359 1617 ,qui
1377 1553 1516 1616 sapienfiu
1535 1550 1624 1600 studiis

264 1624 385 1674 incumbis
405 1628 431 1673 ct
449 1624 544 1672 interos
562 1629 665 1673 eventus
684 1638 715 1673 ex
732 1625 805 1673 astris
823 1625 956 1688 prospicis,
981 1637 1086 1690 quaeso,
1113 1625 1135 1674 si
1158 1624 1217 1689 qnid
1234 1626 1261 1674 in
1278 1623 1386 1673 siderum
1409 1624 1491 1688 positu
1509 1619 1623 1672 mmcd·

264 1693 456 1760 vertisti..quod
474 1692 599 1758 singulare
617 1694 676 1757 qnid
693 1695 833 1759 regionibus
850 1694 920 1744 hisce
939 1694 1085 1752 denunciet,
1110 1695 1171 1745 mibi
1190 1702 1216 1744 ot
1234 1697 1362 1746 Generoso
1382 1710 1438 1745 meo
1457 1695 1623 1744 communica.

263 1764 416 1830 Magnopere
435 1763 560 1815 desideret
577 1765 619 1814 ille
637 1765 757 1827 ejusmodi
774 1766 884 1830 speciale
901 1768 1088 1832 prognosticon,
1116 1767 1227 1830 inprimis
1246 1780 1263 1815 a
1280 1774 1319 1821 te,
1343 1767 1394 1816 siro
1413 1767 1487 1816 docto
1506 1770 1532 1814 et
1548 1764 1624 1826 hujus

221 1877 224 1884 ⁴
265 1839 325 1886 artis
342 1838 429 1899 perito.
467 1836 520 1900 Ego
538 1831 601 1886 saue
619 1843 728 1887 mentem
746 1843 816 1886 mam
835 1837 866 1886 do
885 1837 1005 1900 eiusmodi
1023 1837 1189 1903 singularibus
1207 1840 1261 1900 jam
1275 1844 1335 1887 ante
1352 1845 1508 1902 perspectam
1525 1835 1622 1885 babeo:

263 1907 324 1956 nibli
342 1906 458 1956 videlicet
476 1907 536 1958 certi
554 1907 580 1956 in
597 1908 679 1971 specie
702 1908 811 1972 praedici
829 1921 917 1972 posse,
942 1917 986 1959 ant
1004 1921 1107 1960 eventus
1126 1915 1206 1959 certos
1230 1907 1345 1966 definiri;
1370 1909 1415 1960 sed
1435 1906 1579 1975 generalem
1598 1911 1625 1956 et

262 1977 335 2028 valde
353 1977 473 2028 lubricam
491 1992 546 2027 esse
565 1978 744 2044 astrologorum
762 1979 904 2029 notitiam.u

334 2047 430 2098 Similia
447 2048 570 2112 Kepleros
589 2049 675 2099 eodem
694 2057 804 2114 tempore
821 2050 973 2100 Homolio
992 2050 1104 2110 cuidam,
1124 2051 1231 2107 medico,
1250 2050 1420 2115 perscripsisse
1438 2049 1548 2109 ridetur,
1570 2049 1623 2113 qui,

262 2136 323 2171 cum
336 2120 450 2169 themata
467 2121 625 2170 naucitatum
638 2121 769 2171 liberorum
786 2136 884 2172 suornm
905 2122 936 2170 ab
954 2123 1007 2186 ipso
1025 2123 1147 2186 petiisset,
1169 2123 1195 2171 iu
1208 2122 1367 2186 responsione
1386 2123 1445 2170 vitio
1458 2127 1540 2170 vertat
1551 2120 1622 2183 Kep-

263 2191 327 2251 iero,
349 2191 431 2255 ,quod
450 2190 513 2240 adeo
531 2192 646 2255 insurgat
663 2193 688 2240 in
707 2193 845 2243 doctrinam
857 2193 969 2242 mabam
988 2201 1013 2242 et
1030 2193 1114 2257 procul
1135 2193 1208 2243 dnbio
1226 2199 1355 2256 receptam
1374 2204 1391 2242 a
1407 2194 1492 2256 primis
1510 2193 1624 2256 patribus

265 2261 402 2312 doctrinam
422 2268 448 2312 et
465 2261 630 2313 fundamenta
648 2263 808 2328 astrologica,
826 2266 974 2328 praesertim
991 2265 1017 2313 in
1036 2265 1121 2313 domos
1140 2263 1322 2327 planetarum.u
1363 2262 1510 2329 ,Perlege“,
1532 2264 1622 2328 pergit,

266 2333 355 2393 ,libros
374 2332 539 2397 Theophrasti
556 2332 683 2384 Peracalsi
702 2340 728 2384 et
745 2335 856 2385 invenies
875 2335 985 2385 dismas
1004 2348 1021 2385 a
1037 2343 1081 2385 tuo
1097 2335 1191 2398 indicio
1209 2336 1328 2392 Mones
1347 2334 1434 2399 quibus
1452 2341 1479 2386 et
1495 2349 1540 2399 per
1557 2347 1623 2399 quse

190 2414 194 2419 '
263 2405 347 2455 media
365 2411 434 2455 astra
451 2405 578 2454 nobiscum
597 2406 788 2455 communicent.
824 2405 905 2456 Nemo
923 2407 1036 2455 nescitur
1055 2407 1148 2470 absque
1165 2407 1286 2470 peculiari
1299 2406 1381 2461 domo,
1400 2411 1441 2456 cui
1458 2406 1570 2471 praelixa
1584 2411 1624 2454 est

265 2476 347 2533 stolia,
366 2491 410 2526 seu
422 2475 529 2538 Hyiecb,
548 2490 622 2541 quem
641 2476 758 2542 angelum
777 2491 823 2526 seu
840 2475 943 2542 genium
956 2485 1001 2526 aut
1019 2477 1130 2541 spiritum
1148 2478 1261 2528 nomines
1279 2476 1394 2526 saltem*

334 2547 376 2597 Sic
395 2561 426 2597 ex
437 2547 452 2596 i
459 2548 572 2597 oannis
591 2547 700 2597 Eriobs
708 2562 759 2604 en,
780 2547 892 2612 discipuli
905 2547 1030 2612 quondam
1042 2547 1175 2610 Tycbonis,
1195 2548 1346 2613 astrologiae
1358 2547 1493 2598 admodum
1513 2546 1619 2606 addicti,

262 2619 340 2668 literis
359 2617 446 2668 eadem
464 2618 580 2682 colligere
597 2632 735 2682 possumus,
755 2620 899 2668 scribentis:
921 2618 1019 2682 „Saepe
1037 2620 1096 2668 mibi
1114 2621 1182 2668 venit
1200 2620 1225 2669 in
1243 2627 1360 2676 menum,
1380 2618 1439 2668 dum
1461 2631 1575 2685 eaquae
1593 2623 1620 2666 te

263 2692 290 2739 in
309 2690 464 2754 astrologicis
483 2689 645 2739 disseremem
662 2689 787 2754 quondam
814 2691 897 2739 audiri
915 2692 1019 2747 minino,
1039 2704 1131 2739 numne
1149 2704 1214 2755 qnae
1231 2698 1328 2740 vetem
1346 2691 1377 2740 de
1395 2689 1552 2754 planetarum
1574 2688 1619 2738 do·

264 2762 344 2810 mibus
362 2759 526 2822 tradiderunt,
545 2760 578 2809 ad
595 2761 723 2811 steliuum
740 2762 902 2811 monendum
921 2763 994 2827 signa
1010 2763 1103 2825 potius,
1121 2775 1195 2826 quam
1214 2761 1415 2811 dodecatemoria
1433 2762 1559 2827 signorum
1571 2761 1619 2810 oir-

264 2833 313 2882 onli
330 2833 382 2881 sint
398 2831 537 2882 referenda
573 2833 679 2881 Averem
698 2847 729 2882 ea
747 2838 772 2880 te
792 2846 956 2897 cognoscere,
982 2833 1069 2896 quibus
1095 2832 1263 2882 fundamentis
1287 2834 1413 2882 domorum
1431 2832 1517 2882 mundi
1542 2831 1620 2896 sigui·

263 2903 341 2953 licata
358 2905 505 2960 innitantur,
525 2917 569 2952 cur
585 2904 679 2967 primae
697 2904 758 2961 rita,
777 2903 903 2953 secundae
922 2903 1016 2953 lucrum
1034 2901 1079 2953 ito.
1099 2905 1150 2953 sint
1172 2904 1301 2953 attributa
1338 2901 1419 2963 Quam
1438 2903 1534 2960 veliem,
1556 2915 1621 2966 quae

264 2973 295 3024 do
314 2975 489 3025 directionibus
506 2976 649 3038 scripseras,
667 2974 816 3038 periustme
833 2989 940 3039 possem,
960 2976 1030 3024 siita
1048 2975 1092 3023 tibi
1111 2976 1191 3025 visum
1202 2975 1284 3031 inerit,
1304 2974 1396 3024 Daridi
1408 2974 1522 3024 Fabricio
1531 2973 1621 3024 emam

264 3060 347 3110 opera,
366 3047 407 3111 qul
425 3048 452 3095 ln
464 3048 598 3111 propinquo
610 3044 650 3095 bio
663 3046 739 3111 degit,
759 3045 991 3096 communicanda*⁴
1011 3042 1133 3106 (illiceris
1146 3045 1171 3096 d.
1186 3045 1338 3095 Darentriae
1351 3045 1375 3095 d.
1390 3042 1432 3094 29.
1447 3045 1516 3110 Sept
1530 3040 1621 3105 1001.)

334 3134 380 3184 llis
405 3134 507 3184 tandem
534 3134 704 3198 subiungimus
731 3147 775 3194 oa,
800 3148 865 3199 qnae
892 3133 1015 3198 Keplcrns
1042 3148 1087 3199 per
1110 3134 1196 3184 literas
1221 3135 1274 3199 egit
1296 3148 1353 3185 cum
1378 3132 1435 3192 illo,
1461 3147 1534 3198 quem
1560 3132 1623 3182 dicit

264 3205 392 3261 Ericksen,
405 3203 530 3255 Decide
542 3204 706 3261 Fabricio,
725 3207 767 3269 qni
781 3207 847 3255 inter
858 3220 958 3262 omnes,
978 3220 1034 3255 cum
1045 3206 1133 3270 quibus
1146 3212 1306 3255 conversatus
1321 3211 1360 3254 est
1370 3204 1502 3268 Keplerns,
1521 3203 1623 3253 maximi

264 3276 352 3326 babuit
369 3274 527 3340 astrologiam
545 3277 744 3341 sententiamque
764 3277 795 3325 de
813 3277 856 3326 iiia
874 3278 962 3326 mirum
980 3278 1006 3326 in
1024 3275 1124 3326 modum
1138 3275 1249 3340 Kepiero
1268 3278 1378 3326 extorsit.
1413 3275 1503 3325 Insunt
1515 3275 1622 3324 Fabricii

165 3377 168 3386 .
263 3348 352 3397 literas
370 3345 518 3411 Keplerique
537 3348 722 3411 responsionum
741 3346 884 3398 adversaria
901 3347 940 3397 rei
959 3348 1111 3412 exemplaria
1128 3363 1173 3412 per
1191 3361 1357 3398 ammuemes
1375 3346 1479 3411 Kepieri
1497 3345 1624 3410 descripta

264 3415 340 3483 (qnod
358 3418 422 3469 forte
434 3417 490 3468 Ursi
508 3418 679 3468 immodestiae
697 3418 861 3468 tribuendum.
891 3418 955 3467 Vide
968 3433 1043 3483 supra
1053 3435 1077 3484 p.
1091 3416 1167 3481 2³4.)
1180 3419 1296 3469 volumini
1309 3418 1339 3468 x.
1353 3419 1413 3469 Mas.
1424 3417 1621 3483 Peiropolitano·

262 3506 325 3541 mm·
342 3489 425 3540 Minus
435 3491 565 3554 perspicua
573 3490 680 3540 Fabricii
689 3492 925 3554 amanuensinmqne
934 3489 1037 3554 Kepieri
1046 3504 1135 3541 manus
1143 3505 1188 3541 sen
1198 3492 1297 3542 inscitia
1305 3490 1393 3541 borum
1402 3505 1447 3541 seu
1457 3489 1621 3554 negligentia,

264 3561 389 3613 difficilem
406 3576 463 3613 mm
480 3563 579 3626 saepius
596 3562 710 3612 iecerunt
727 3561 859 3625 explicatu
896 3562 1002 3612 Fabricii
1020 3562 1143 3613 scribendi
1155 3565 1227 3621 ratio,
1247 3577 1304 3629 qna
1324 3562 1443 3627 quidquid
1455 3561 1482 3610 in
1497 3562 1622 3612 calamum

263 3636 367 3689 veniret.
384 3633 463 3684 literis
480 3633 627 3691 mandabat,
645 3633 783 3697 Keplernm
796 3635 879 3692 movit,
898 3639 928 3682 ut
940 3633 1047 3700 singula,
1067 3634 1100 3684 ad
1118 3648 1183 3698 qnae
1196 3634 1369 3698 respondebat,
1386 3634 1494 3683 numeris
1506 3639 1621 3687 notarem

264 3720 309 3756 nos
327 3718 384 3754 vero
402 3712 484 3755 ratum
501 3705 641 3762 babuimus,
659 3705 763 3770 singnis
774 3704 880 3755 Fabricii
898 3706 1083 3769 quaestionibus
1093 3706 1325 3770 exceptionibusque
1343 3707 1452 3769 proxime
1470 3703 1622 3768 subjungere

264 3777 367 3841 Keplerl
384 3790 510 3840 responsa,
529 3777 604 3840 ipsius
623 3777 703 3826 secuti
720 3776 820 3826 modum
837 3775 949 3840 Kepieri,
967 3791 1015 3841 quo
1033 3791 1091 3825 usus
1110 3784 1149 3827 est
1166 3779 1192 3825 in
1213 3776 1327 3841 ,Eciogis
1346 3774 1499 3825 chronicis.“

335 3867 376 3917 De
388 3867 494 3917 Fabricii
512 3867 565 3916 rita
581 3866 644 3918 baec
663 3866 734 3916 nobis
751 3867 888 3916 innotuere.
927 3864 1009 3916 Natus
1027 3872 1067 3915 est
1085 3880 1151 3915 anno
1171 3862 1240 3915 loti
1253 3865 1351 3916 Danao
1369 3865 1463 3914 Frisiae
1481 3862 1621 3917 on'sntalis:

266 3941 344 3991 literis
363 3938 440 3988 sacris
459 3951 559 4002 operam
578 3937 664 3994 dabat,
683 3951 730 3988 uec
750 3951 799 3987 non
819 3937 1024 3998 mathematicam
1044 3938 1268 4002 astronomiamquo
1287 3935 1393 3987 colebat.
1430 3935 1621 3985 inobservatio·

267 4014 338 4062 nibus
356 4009 484 4059 stellarum
502 4007 649 4065 excellebat,
668 4023 766 4059 omnem
784 4009 931 4059 industriam
950 4016 977 4057 et
994 4008 1158 4058 subtilitatem
1176 4008 1310 4066 adhibens,
1330 4009 1434 4071 acieque
1452 4007 1520 4055 risus
1536 4007 1621 4070 singu·

266 4085 311 4134 lari
328 4081 468 4147 praeditus,
486 4081 525 4130 ita
542 4086 571 4129 ut
588 4079 711 4144 KepIerns
729 4094 787 4129 enm
805 4080 917 4144 Tyohoni
936 4086 1100 4144 compararet,
1119 4079 1219 4131 diceus:
1247 4081 1299 4138 ,vir
1316 4078 1373 4128 talis
1397 4080 1424 4127 in
1443 4077 1623 4131 utronomicin

265 4169 342 4220 penes
361 4166 446 4219 quem,
472 4159 528 4215 post
547 4153 695 4201 emtinotam
719 4165 775 4201 oum
794 4157 896 4201 anctore
915 4150 1013 4201 Brabeo
1032 4150 1188 4216 diligentiam
1212 4150 1358 4201 observandi
1382 4148 1517 4209 coelestia,
1543 4147 1623 4197 omnis

266 4234 318 4277 atat
334 4227 360 4274 in
379 4222 529 4273 observando
549 4223 710 4274 anctoritas“.
747 4219 814 4284 (Lib.
834 4223 865 4272 de
884 4221 964 4271 Stella
980 4233 1046 4271 nova
1064 4236 1120 4286 cap.
1139 4219 1209 4283 iiii.)
1245 4221 1349 4286 Kepieri
1375 4221 1501 4286 ingenium
1520 4218 1623 4268 maximi

198 4338 203 4344 .
264 4297 359 4348 habens
377 4294 538 4346 libentissimo
557 4293 675 4345 audiebat
692 4300 843 4350 monentem,
864 4299 966 4357 paratus
988 4307 1085 4358 semper
1106 4292 1139 4343 ad
1152 4294 1234 4344 officia
1252 4308 1309 4343 cum
1321 4292 1489 4342 mmonomica
1507 4297 1560 4340 tum
1572 4289 1625 4339 alia

264 4370 312 4434 ipsi
331 4382 347 4417 a
364 4366 473 4430 Keplero
492 4366 614 4422 mandata
630 4365 789 4429 perficienda.
827 4364 934 4414 beatem
953 4370 1037 4414 antem
1055 4366 1228 4428 superstitione
1247 4364 1395 4429 astrologiae
1413 4364 1517 4413 nimium
1528 4362 1622 4411 tribue·

265 4441 325 4497 bati
341 4438 435 4501 iudicio
453 4437 582 4488 imbecillis
599 4439 625 4486 in
643 4439 745 4487 minutis
763 4436 916 4493 venabatur,
935 4436 1050 4501 graviora
1066 4452 1116 4486 non
1132 4436 1289 4502 intelligebat
1300 4434 1451 4499 Kepieiique
1464 4434 1622 4483 insontem

269 4512 449 4577 cogitationum
468 4516 494 4558 et
512 4510 691 4560 contentarum
709 4510 858 4558 varietatem
875 4523 926 4557 non
946 4514 1075 4557 usecutus
1093 4513 1145 4564 ests
1169 4508 1322 4571 opinionibus
1339 4506 1516 4570 praeiudicata
1534 4504 1624 4553 ductos

245 4583 248 4588 ’
267 4598 300 4633 ue
320 4595 395 4632 ansus
414 4579 512 4645 quidem
531 4587 569 4631 est
588 4579 715 4631 discedere
734 4593 750 4629 a
767 4576 911 4630 Ptolemaeo
931 4585 976 4628 ant
992 4581 1061 4643 sequi
1080 4577 1210 4642 Copornici
1228 4580 1259 4627 do
1278 4578 1368 4628 mundo
1387 4579 1517 4632 rationem,
1536 4588 1624 4640 quam

268 4667 344 4719 quam
361 4652 504 4717 saepissime
522 4653 643 4701 incitatus
662 4666 679 4701 a
696 4651 814 4714 Keplero.
852 4650 908 4711 Quo
925 4656 1036 4715 tempore
1054 4651 1211 4700 familiaritas
1229 4650 1276 4713 ipsi
1288 4663 1344 4698 cum
1357 4647 1465 4713 Keplero
1482 4646 1623 4697 intercede·

268 4727 320 4780 bat,
339 4726 445 4788 pastoris
462 4710 564 4774 munere
582 4722 734 4788 fungebatur
745 4721 926 4773 Rosterbaviae
945 4723 1038 4771 i'risiae
1056 4721 1192 4782 orientalis,
1212 4720 1301 4771 deinde
1313 4717 1409 4782 (1002)
1421 4720 1539 4775 duriose,
1558 4717 1624 4767 unde

266 4796 334 4847 brevi
359 4796 406 4854 „ob
423 4794 514 4845 bellum
532 4795 558 4844 in
576 4795 656 4844 Frisia
680 4800 778 4860 gestum
805 4795 921 4860 migrarit
939 4792 1074 4849 Beonam“,
1099 4794 1143 4842 ubi
1168 4808 1227 4857 ,pro
1252 4799 1362 4856 tempore
1386 4792 1504 4856 principis
1529 4789 1624 4839 subtus

267 4866 428 4918 condonator
444 4866 522 4916 habet
538 4866 642 4930 liberam
658 4866 685 4915 in
704 4880 762 4916 arce
780 4864 920 4924 memam‘,
944 4865 1048 4931 deniqne
1067 4862 1169 4916 Ostelac
1187 4860 1282 4928 (1004)
1302 4864 1483 4915 mucionatoris
1500 4860 1621 4929 iungeba-

267 4945 308 4993 iar
325 4952 435 4991 musmo.
