3609 5634
313 339 359 441 ss
905 368 1068 422 rom

310 535 408 602 prodita
426 541 473 591 est,
489 532 550 587 lieet
567 533 706 587 dbcrlmins
723 545 774 582 non
791 532 877 600 magni
894 534 1027 591 moment,
1046 524 1230 599 apogaso‘ejus
1247 525 1279 580 θ’
1297 530 1426 597 Copernlcl
1442 530 1574 581 terminos
1595 523 1697 576 utici·

310 616 396 673 psnte.
432 606 498 668 Quin
517 613 545 658 et
561 607 626 657 orbis
645 618 742 656 aunnus
758 605 832 666 Juxta
849 603 1029 668 chernicnm,
1057 611 1103 655 ant
1120 604 1244 667 epicyclus
1261 603 1397 654 secundm
1414 602 1620 654 Ptolemaeum·
1641 610 1698 646 που

310 679 407 731 ridetur
424 680 534 743 ejusdem
552 691 648 743 semper
665 674 856 740 magnitudinis.
876 676 957 740 quoad
975 676 1054 740 ipsum
1073 676 1239 726 ecoeutsicnm
1258 674 1390 725 collatione
1408 675 1494 732 iacta;
1514 671 1569 721 sed
1591 668 1695 719 eitara-

309 752 402 801 tionem
420 751 554 801 introducit
571 751 596 798 in
615 748 726 798 omnibns
743 746 820 796 tribus
845 747 1008 811 superioribus
1033 747 1190 805 sensibilem
1218 746 1297 803 adeo.
1325 754 1354 796 nt
1378 746 1484 811 angulus
1511 740 1695 794 differentiae

309 823 335 872 iu
353 819 435 877 Marte
454 823 494 873 ed
508 819 537 869 1⁰
554 817 598 869 to*
617 823 751 870 excrescat
789 816 917 878 Quomodo
936 819 1000 869 haec
1018 833 1075 869 cnm
1092 826 1138 869 tua
1155 819 1323 882 speculatione
1342 817 1499 869 concilianda
1517 816 1600 870 sint.
1634 817 1695 875 tnte

308 895 399 945 rideris
417 890 461 956 (i).
497 892 602 945 Veneris
620 890 793 942 eccentricitas
810 891 888 940 multo
906 892 985 940 minor
1002 898 1056 946 est.
1073 906 1148 956 quam
1166 890 1255 940 statuit
1272 891 1310 941 rel
1328 889 1499 946 Ptolemaeus,
1517 886 1567 937 rel
1590 883 1693 949 Capes-

308 968 379 1017 nicus
398 962 452 1032 (git
480 973 507 1016 et
524 978 662 1029 apogaeum
679 964 732 1024 elus
750 968 857 1012 nonest
874 964 901 1012 iu
918 964 976 1013 orbe
994 963 1089 1012 sidereo
1107 962 1197 1022 imur,
1224 963 1261 1012 nti
1285 962 1325 1013 hic
1353 960 1446 1019 voluit,
1474 961 1518 1011 sed
1549 956 1637 1007 initia
1657 960 1692 1013 Θ

308 1052 374 1088 nnnc
393 1039 491 1104 attigitr
517 1051 565 1087 nec
582 1042 667 1085 tamen
686 1032 765 1084 Solsri
784 1031 860 1100 (quod
876 1035 903 1083 iu
921 1035 1002 1085 medio
1019 1035 1083 1085 sesti
1101 1034 1192 1100 gradus
1210 1031 1324 1096 haeret),
1351 1034 1388 1084 nti
1406 1032 1490 1083 volunt
1507 1028 1692 1096 Mplronsind,

324 1109 382 1159 leue
401 1111 504 1159 nnitnrn.
1591 1119 1598 1129 ·

308 1125 324 1174 p
378 1180 449 1230 llaec
467 1186 494 1230 et
510 1178 614 1233 similia.
640 1190 742 1242 quorum
758 1175 831 1242 plura
848 1191 892 1226 sno
910 1183 1019 1241 temporo
1037 1177 1155 1239 habebis,
1173 1182 1233 1228 tuae
1252 1176 1314 1227 alias
1334 1177 1470 1227 industrias
1490 1170 1692 1239 excogitatioui

307 1252 440 1321 applicata,
458 1266 522 1311 eam,
542 1265 575 1300 an
592 1249 756 1313 undequaque
774 1249 821 1299 rite
839 1255 943 1307 constet,
961 1249 1107 1313 probabunt
1145 1248 1198 1314 Ego
1219 1264 1316 1299 omnem
1329 1250 1424 1299 orbium
1436 1247 1598 1301 realitatm
1621 1258 1689 1308 quo·

306 1324 474 1390 modocnnqne
491 1322 592 1372 tandem
610 1326 783 1376 muniantur,
810 1319 878 1370 coelo
897 1321 1075 1371 eliminandam
1091 1334 1182 1371 censeo
1201 1318 1257 1382 (h).
1284 1320 1349 1387 quod
1373 1335 1414 1370 me
1441 1333 1526 1369 omues
1558 1322 1690 1367 cometae

305 1409 332 1445 re
350 1410 409 1446 rera
426 1395 545 1451 aetherei,
563 1393 621 1455 inde
640 1407 657 1442 a
673 1405 739 1441 nura
756 1391 830 1441 stella
848 1406 872 1441 a
893 1389 961 1440 1572
981 1393 1115 1456 conspecti.
1134 1393 1174 1456 qui
1192 1393 1282 1443 nullius
1301 1392 1366 1441 orbis
1376 1392 1445 1456 leges
1458 1390 1581 1441 totaliter
1594 1388 1687 1438 secuti

305 1473 372 1522 suut,
390 1468 490 1531 quidam
508 1480 564 1515 rero
582 1464 732 1515 contrarium
749 1463 807 1528 qnid
825 1478 885 1527 prae
903 1478 931 1514 se
949 1464 1071 1522 iercbaut,
1091 1463 1260 1514 indubitanter
1278 1464 1446 1521 edocueruntr
1475 1470 1504 1513 ut
1522 1461 1557 1511 de
1580 1460 1685 1510 rcirsc·

306 1538 412 1587 tionibus
429 1538 520 1587 frustra
537 1535 704 1598 multiplicatis
723 1548 753 1584 ex
772 1535 865 1584 orbium
882 1535 1014 1585 solidorum
1032 1536 1105 1599 copia
1122 1535 1183 1585 nihil
1201 1536 1374 1599 superaddam.
1411 1534 1466 1586 Nec
1484 1532 1585 1597 poterit
1598 1532 1688 1582 Terra

306 1622 388 1659 annno
407 1610 466 1659 cieri
483 1614 560 1664 motu,
578 1613 607 1655 ut
625 1605 655 1656 de
672 1606 842 1655 libationibus
860 1606 945 1656 otiosis
966 1604 1059 1671 (neque
1077 1608 1143 1657 enim
1160 1607 1218 1656 talis
1237 1614 1275 1657 est
1293 1608 1503 1672 aequinoctiorum
1516 1604 1685 1670 praecessio,

305 1686 334 1729 nt
353 1681 500 1745 opinabatur
518 1673 687 1742 (inperciens),
706 1682 806 1726 taceam
824 1674 874 1740 (ile
893 1684 951 1728 utut
968 1678 1069 1729 diurnus
1086 1678 1250 1743 plausibiliter
1268 1678 1299 1728 ob
1317 1679 1435 1728 minorem
1447 1693 1535 1743 gyrum
1547 1676 1589 1725 illi
1605 1676 1685 1726 attri-

305 1750 346 1802 bui
365 1757 463 1885 queat(
479 1750 551 1801 modo
572 1755 626 1799 tam
642 1748 712 1814 grari
731 1754 757 1798 et
774 1762 853 1813 opaco
871 1751 965 1814 corpori
985 1751 1006 1801 is
1025 1756 1194 1815 competeret.
1223 1751 1300 1816 quieti
1317 1752 1415 1815 potius,
1435 1764 1509 1814 quam
1526 1749 1616 1800 motui
1637 1761 1685 1798 ac·

291 1822 432 1873 ¹commodo
464 1819 500 1884 k).

300 1886 303 1892 ’
327 1947 330 1955 ,
376 1892 473 1955 Quare.
500 1892 664 1944 attollantur
681 1891 803 1955 epicycli,
831 1891 870 1942 rix
897 1892 949 1944 alia
974 1893 1140 1944 commodiore
1158 1894 1255 1943 ratione
1271 1892 1420 1957 hypotheses
1439 1882 1547 1942 brdinsri
1567 1897 1681 1955 quem

304 1979 378 2030 quam
395 1971 425 2014 ut
442 1967 509 2016 circa
526 1964 609 2016 Solem
626 1962 740 2015 mobilem
757 1964 808 2014 sint
825 1970 914 2015 centra
932 1967 1081 2016 circuituum
1098 1965 1205 2032 quinque
1223 1965 1389 2030 planetarum,
1408 1966 1552 2028 quiescente
1573 1963 1681 2019 Terra;

267 2056 273 2071 ·
305 2043 331 2087 et
348 2037 415 2087 circa
431 2035 498 2087 bano
515 2036 631 2087 revolutio
647 2035 808 2085 luminaribus
827 2042 854 2085 st
871 2042 927 2086 tots
945 2044 1035 2088 octava
1054 2033 1101 2100 (uti
1119 2031 1222 2097 rorant)
1241 2037 1356 2102 sphaera.
1374 2050 1431 2087 eam
1449 2038 1524 2087 etiam
1543 2036 1571 2086 ln
1592 2033 1679 2085 medi·

304 2106 374 2158 tullio
391 2110 546 2173 respiciente,
566 2109 637 2170 cuins
655 2107 784 2157 abscessus
799 2108 873 2169 Juxta
890 2106 1052 2171 copemicum
1070 2110 1096 2158 iu
1114 2108 1261 2158 immensum
1277 2123 1342 2172 pene
1360 2110 1426 2165 abit.
1446 2110 1547 2173 ejusque
1565 2107 1678 2173 positio·

303 2194 361 2229 nem
379 2178 417 2229 rel
434 2180 482 2230 hoe
501 2180 553 2230 solo
571 2178 676 2229 absurdo
696 2173 728 2239 (1)
747 2177 867 2242 iniringit.
905 2177 959 2230 Nee
978 2181 1055 2232 etiam
1075 2185 1121 2230 tna
1139 2180 1251 2245 cogitata
1268 2179 1308 2230 hio
1326 2179 1402 2229 ullam
1419 2194 1476 2229 oum
1496 2181 1590 2229 ceteris
1603 2193 1677 2241 sym·

303 2252 416 2301 mairiam
436 2249 519 2316 (prout
536 2249 608 2300 simul
627 2249 680 2300 fieri
698 2246 795 2311 dsbnit)
814 2249 956 2300 minitant
994 2250 1098 2315 Oportet
1122 2257 1206 2301 antem
1231 2252 1257 2301 in
1275 2266 1302 2301 re
1320 2252 1384 2301 bene
1401 2252 1590 2315 proportionata
1608 2247 1677 2299 nihil

303 2321 357 2372 dari
369 2323 619 2388 improportionatum.
639 2321 703 2372 aliis
721 2327 776 2371 tota
794 2323 939 2385 symmetria
957 2323 1113 2373 confunditur
1131 2330 1157 2373 ct
1175 2328 1292 2387 suspects
1310 2323 1402 2380 eradit.
1419 2322 1566 2387 praesertim
1579 2322 1611 2372 in
1624 2320 1676 2371 hoc

303 2392 375 2452 loco,
392 2395 434 2444 ubi
452 2402 506 2445 taur
523 2407 641 2459 magum
658 2400 735 2458 atque
753 2392 853 2445 eridens
871 2394 993 2458 ingeritur
1011 2393 1173 2446 obstaculum.

372 2464 445 2519 Haeo
463 2473 489 2516 et
507 2466 567 2523 aba.
585 2479 650 2530 quae
668 2463 768 2529 singula
786 2479 978 2517 commemorare
995 2481 1061 2516 nunc
1082 2480 1133 2516 non
1151 2472 1241 2522 vacat.
1259 2480 1300 2516 me
1318 2465 1386 2515 circa
1401 2471 1471 2516 tunm
1488 2465 1675 2519 inventionem.

303 2536 365 2588 aliis
383 2537 577 2593 solertissimam.
596 2538 687 2603 optime
705 2535 823 2600 Keplere,
843 2535 945 2587 dubium
962 2537 1077 2589 reddunt
1113 2536 1216 2588 Interim
1233 2552 1283 2587 nou
1301 2552 1401 2601 possum
1419 2551 1468 2586 nou
1487 2542 1594 2586 conatis
1615 2542 1675 2586 tuos

303 2615 356 2658 tam
374 2610 476 2660 eximios
495 2616 521 2659 et
538 2622 607 2659 raros
624 2607 803 2673 magnifacere.
822 2607 963 2673 hortorque,
981 2616 1011 2659 ut
1022 2609 1124 2659 ulterius
1135 2608 1174 2658 his
1188 2610 1296 2659 animum
1308 2607 1431 2664 intendas.
1451 2606 1542 2671 desque
1554 2621 1672 2672 operam,

302 2686 332 2729 nt
349 2681 427 2731 simile
444 2681 503 2746 quid
522 2680 611 2729 uostris
628 2678 806 2744 hypothesibus
824 2674 888 2741 (ιι),
912 2694 974 2744 quas
996 2680 1040 2730 tibi
1063 2695 1113 2730 non
1136 2681 1301 2744 incompertae
1326 2694 1380 2730 esse
1402 2679 1463 2729 liber
1486 2679 1528 2729 ille
1546 2678 1672 2735 ostendit,

304 2750 431 2815 applicare
448 2753 544 2816 possm,
564 2762 620 2801 cnm
637 2765 700 2815 pene
719 2751 803 2799 omnia
820 2751 850 2799 iis
862 2753 963 2813 paritor
982 2753 1140 2802 conveniant
1175 2750 1262 2814 Neque
1281 2752 1311 2801 ob
1328 2752 1355 2801 id
1372 2766 1432 2815 opns
1450 2755 1505 2803 est.
1524 2756 1553 2799 ut
1570 2751 1672 2800 orbium

303 2827 430 2872 statuatur
447 2836 580 2888 compages
597 2822 693 2880 solidor
717 2821 827 2882 suflicit,
846 2822 963 2872 circuitur
981 2830 1008 2873 et
1024 2823 1173 2873 remotionen
1191 2824 1297 2873 siderum
1314 2824 1380 2872 iuter
1397 2837 1424 2872 se
1441 2822 1518 2871 talem
1536 2822 1670 2872 concinni·

305 2900 384 2944 tatem
402 2902 477 2959 atque
494 2894 649 2943 harmoniam
667 2894 803 2943 obserrsre.
840 2891 894 2944 Neo
915 2893 1153 2957 praetereundam
1171 2890 1212 2955 (u)
1230 2902 1320 2944 octava
1337 2894 1459 2958 sphaera,
1487 2894 1544 2957 qnin
1571 2894 1599 2943 in
1619 2892 1670 2943 hcc

306 2965 379 3015 choro
396 2964 634 3030 proportionabiliter
651 2964 733 3014 locum
750 2964 858 3028 aliquem
876 2966 995 3015 obtineat
1032 2965 1132 3015 Nullum
1152 2967 1216 3015 enim
1235 2973 1274 3014 est
1291 2966 1399 3027 dubium,
1416 2968 1442 3015 in
1454 2965 1566 3015 universo
1579 2965 1669 3014 omnia

243 3062 248 3073 ·
306 3043 376 3087 certa
391 3036 522 3086 harmonia
540 3040 566 3085 et
584 3037 738 3099 proportione
756 3035 790 3086 sd
807 3036 914 3087 invicem
933 3036 1048 3086 divinitus
1066 3037 1148 3093 relata
1165 3044 1191 3087 et
1208 3036 1324 3087 ordinata
1341 3051 1413 3097 esse,
1440 3038 1477 3086 ita
1498 3042 1599 3086 uttam
1618 3050 1667 3085 nu·

304 3108 378 3157 meris
400 3122 474 3173 qnam
492 3108 577 3172 figuris
595 3106 721 3156 succincte
742 3106 997 3170 comprehendantur.
1026 3108 1100 3158 veluti
1120 3121 1137 3158 a
1153 3108 1333 3174 Pythagoracis
1351 3115 1377 3158 et
1393 3107 1528 3158 Platonicis
1543 3110 1598 3170 jam
1619 3107 1667 3157 dn·

198 3231 203 3241 ,
306 3178 364 3228 dum
382 3180 539 3243 aliquatenus
557 3180 696 3249 praevisum
715 3183 763 3228 est.
799 3177 845 3227 His
863 3180 948 3242 itaque
966 3179 1068 3229 ulterius
1085 3181 1179 3245 ingenii
1196 3195 1282 3230 nerros
1301 3179 1406 3245 applica,
1425 3179 1667 3229 etsiomnirnodam

306 3251 509 3306 consonantiam,
528 3263 593 3314 qnae
610 3248 679 3299 uuila
697 3263 727 3299 ex
744 3254 815 3313 perte
834 3249 973 3305 claudicet,
993 3252 1062 3300 etin
1081 3265 1130 3315 qus
1147 3251 1207 3300 nibil
1226 3252 1303 3302 etiam
1320 3251 1480 3308 desideretur,
1499 3250 1666 3306 adinvenerit,

307 3322 355 3371 eris
372 3321 430 3370 nulni
447 3334 553 3387 maguus
571 3319 667 3385 Apollo.
704 3318 831 3380 Quantum
857 3334 906 3385 ego
933 3323 983 3371 tuis
1009 3322 1058 3372 bac
1084 3324 1110 3371 in
1129 3336 1155 3371 re
1174 3323 1257 3372 srduis
1275 3324 1404 3374 conatibus
1422 3321 1550 3372 subvenire
1568 3329 1666 3385 potero,

304 3407 344 3442 me
362 3394 505 3456 neutiquam
521 3392 624 3442 habebis
642 3390 783 3447 difficilemr
807 3393 953 3455 praesertim
970 3394 992 3443 si
1009 3407 1049 3442 me
1066 3407 1133 3444 nnnc
1152 3395 1177 3443 iu
1196 3395 1331 3444 Germania
1351 3393 1484 3459 degentem
1503 3401 1529 3443 et
1547 3408 1561 3443 e
1579 3394 1665 3458 patria

235 3510 239 3517 ,
304 3462 427 3513 huncum
444 3465 560 3513 universa
576 3462 686 3517 familia.
713 3477 745 3511 ne
763 3469 830 3512 totus
847 3462 890 3513 ille
907 3465 999 3528 periret
1015 3463 1146 3514 messurus
1165 3467 1359 3521 asbonomious.
1377 3472 1415 3515 tot
1433 3466 1520 3523 annis,
1537 3465 1665 3515 laboribus

306 3542 332 3584 et
349 3536 467 3586 sumtibus
485 3540 655 3598 comparatus,
683 3534 820 3598 proiectum
846 3534 979 3599 aliquando
998 3536 1109 3587 inriserit
1128 3542 1154 3587 et
1170 3552 1269 3587 mecum
1286 3552 1369 3588 coram
1381 3537 1419 3587 de
1438 3538 1585 3599 eiuscemodi
1603 3537 1663 3587 snb·

304 3605 401 3656 limibne
420 3607 491 3657 rebus
506 3606 616 3670 jucunde
634 3612 661 3656 et
678 3611 750 3671 grate
769 3606 909 3657 contuleris.

375 3677 448 3729 Vale.
485 3677 618 3728 Dabautur
635 3675 816 3742 Wandesburgi
834 3679 860 3727 in
880 3691 938 3730 arce
958 3677 1130 3737 lianzoriana.
1148 3680 1250 3730 semim
1267 3680 1438 3731 tantummodo
1455 3679 1564 3729 milliaris
1581 3678 1662 3730 Ham-

305 3749 382 3814 bnrgo
404 3755 517 3804 remota,
545 3761 619 3812 qnam
641 3763 707 3798 nnnc
729 3748 857 3804 inhabito.
877 3754 903 3799 ct
927 3750 1054 3801 translatio
1071 3750 1121 3800 huc
1139 3765 1153 3801 e
1171 3749 1257 3801 Dania
1273 3751 1394 3800 machinis
1411 3752 1473 3802 meis
1492 3751 1661 3802 astronomicis

305 3826 407 3884 totaque
424 3820 577 3884 supellectile
594 3819 695 3869 libraria
712 3821 784 3870 rebus
802 3819 949 3872 coelestibus
967 3837 1017 3871 non
1035 3823 1116 3871 miuus
1134 3836 1209 3889 quam
1227 3829 1304 3873 antee
1322 3823 1430 3888 invigilo,
1449 3828 1476 3872 at
1487 3822 1580 3873 Divina
1600 3836 1660 3888 gra·

305 3892 344 3940 tia
360 3892 410 3940 otio
428 3892 493 3942 imos
510 3885 735 3956 philosophron).

375 3961 408 4012 D.
430 3961 453 4012 1.
473 3965 532 4028 Apr.
552 3967 653 4013 stret.
672 3959 749 4012 159⁸.

375 4032 543 4100 Poetscriptu.
571 4048 635 4099 qnae
654 4033 684 4083 de
703 4033 781 4084 Urso
806 4040 902 4101 agunt,
930 4034 970 4085 bic
989 4036 1128 4093 omisimus,
1157 4034 1297 4086 differentes
1316 4036 1349 4087 ad
1366 4034 1469 4100 Keplcri
1485 4034 1662 4086 mnasonem

306 4103 370 4165 Ursi,
390 4121 464 4171 quam
482 4105 619 4156 addidimus
637 4104 768 4155 Prodromo
788 4119 802 4156 e
818 4107 992 4170 manuscriptis
1010 4105 1200 4171 Petrcpolitanis
1219 4107 1365 4159 desnmtam.

374 4177 405 4227 In
423 4178 527 4243 epistola
544 4176 569 4226 d.
589 4175 632 4225 21.
652 4178 709 4241 Apr.
731 4172 799 4226 1598
817 4178 851 4229 ad
867 4176 1027 4228 Maestlinum
1045 4179 1107 4228 deta
1123 4178 1207 4242 Tyeho
1226 4179 1256 4230 de
1279 4195 1352 4244 opere
1363 4178 1466 4245 Keplcri
1478 4184 1503 4230 et
1520 4179 1551 4230 de
1562 4176 1657 4228 blaesi«

304 4248 348 4299 lini
361 4249 463 4313 judicio.
482 4248 546 4315 qnod
563 4248 594 4299 de
614 4249 690 4312 ipsius
708 4249 792 4298 mnudi
812 4250 909 4300 ratione
928 4246 965 4313 (in
983 4250 1137 4314 praefatione
1150 4251 1183 4301 ad
1196 4249 1329 4309 „Rhaetici
1340 4251 1521 4303 uanaiionem‘*
1540 4264 1600 4317 pag.
1612 4244 1659 4311 27)

305 4320 378 4380 iecit,
397 4334 518 4386 quamque
537 4321 677 4386 inscripsit:

673 4390 849 4455 Clarissimo
873 4401 905 4455 et
926 4391 1193 4456 Praestantissimo
1217 4394 1292 4456 Viro

792 4479 921 4542 Domino
943 4481 987 4541 M.
1011 4481 1174 4545 Maestlino
1640 4554 1645 4562 ,

306 4565 538 4637 manutentum
555 4571 646 4620 utinm
662 4570 792 4636 insigniter
813 4570 904 4635 perito,
930 4570 1111 4636 earundemque
1132 4573 1158 4621 iu
1175 4572 1271 4636 inclyta
1288 4570 1418 4622 sodomia
1435 4572 1585 4639 'iubiugeusi
1602 4586 1657 4638 pro·

304 4708 368 4760 hm
385 4709 496 4774 prom:
675 4640 760 4693 iessori
779 4641 949 4697 celeberrimo,
967 4641 1026 4692 mibi
1043 4643 1173 4707 plurimum
1191 4644 1288 4695 dilecto.
1797 4708 1799 4761 y

376 4832 461 4882 Annus
476 4836 530 4896 lam
548 4836 630 4901 sgltnr
647 4837 772 4896 decimus,
795 4837 959 4889 eruditissime
977 4794 1005 4889 et
1021 4838 1230 4902 praestantissime
1248 4836 1395 4897 blasstliue,
1414 4856 1444 4891 ex
1461 4855 1509 4906 quo
1526 4841 1625 4907 qnidam
1642 4856 1658 4893 e

305 4903 367 4955 mais
384 4903 535 4963 domesticis.
553 4908 594 4971 qui
607 4906 757 4975 niquamdu
768 4908 828 4965 milri
838 4911 866 4961 in
883 4911 956 4961 rebus
975 4910 1143 4966 &mosaicis
1161 4910 1312 4969 inertiam,
1332 4913 1469 4979 exemplum
1486 4920 1584 4965 marom
1600 4913 1656 4969 lita·
