3609 5634
272 422 316 491 eg
864 423 1028 474 masan.

275 593 456 666 potenusam
480 583 545 645 sive
570 582 650 645 latus
673 583 777 644 decem
799 582 908 662 pedum
932 581 961 643 iu
994 579 1161 662 particulas
1194 577 1332 641 minimas
1361 574 1463 650 divisi,
1496 573 1643 654 pinnulas
1705 644 1713 654 ⁰

272 672 361 735 alteri
384 672 512 734 laterum
537 672 618 734 circa
640 680 754 733 rectum
779 670 871 732 affixi.
919 669 1113 750 Triangulum
1145 669 1243 747 ipsum
1269 665 1356 727 nulla
1377 663 1513 726 trochlea
1536 661 1641 723 stabi-

273 761 336 834 livi,
360 761 414 822 sed
438 761 531 822 libere
555 781 575 822 a
599 761 667 822 lune
690 759 820 840 pendere
843 759 984 840 permisi,
1018 759 1160 838 appensis
1189 756 1259 817 binc
1287 754 1355 816 iude
1378 751 1571 832 pondusculis
1595 751 1641 812 li-

272 849 359 913 bravi
381 849 541 928 tantisper,
567 847 636 910 dum
659 847 750 910 stella
773 849 914 927 pinnulae
939 847 1086 909 foramina
1106 845 1321 926 ingrederetur.
1367 841 1472 903 Habes
1502 858 1641 919 appara-

272 947 336 1001 tum
361 937 539 999 universum.
587 938 694 1016 Itaque
719 935 892 998 observatio
918 935 1060 998 instituta
1082 932 1114 996 2.
1140 933 1249 995 Octob.
1267 951 1352 1006 ⁸anno
1381 927 1481 1005 1597;
1504 925 1558 993 26.
1582 925 1642 990 27.

273 1024 328 1090 28.
351 1025 495 1086 Decemb.
522 1021 719 1099 ann015973
744 1045 832 1086 mane
856 1035 888 1085 et
911 1024 1029 1105 vesperi
1053 1021 1106 1087 28.
1126 1023 1230 1084 Martii
1254 1040 1331 1082 anno
1350 1017 1453 1094 15983
1473 1015 1526 1082 25.
1549 1016 1639 1096 Sept.

272 1134 350 1177 anuo
378 1110 472 1188 1598,
497 1114 590 1176 toties
614 1114 650 1176 de
674 1132 751 1174 novo
777 1113 920 1175 dimensis
944 1111 1082 1174 omnibus
1110 1111 1276 1185 lateribus3
1308 1118 1342 1171 et
1364 1107 1545 1189 deprehendi
1569 1105 1641 1187 qni·

272 1205 340 1265 dem
363 1203 567 1268 constantiam
590 1202 793 1265 instrumenti.
841 1199 919 1264 Cum
942 1220 1015 1283 ergo
1039 1210 1146 1282 quater
1169 1197 1393 1262 observaverim
1416 1195 1552 1259 omnibus
1574 1195 1641 1256 sci-

274 1293 346 1354 licet
370 1292 441 1352 anni
465 1291 718 1371 tempestatibus,
752 1290 791 1352 ad
815 1290 969 1371 negotium
992 1292 1089 1372 ipsum
1113 1288 1248 1365 idoneis,
1279 1294 1342 1348 tres
1372 1284 1495 1348 ultimae
1519 1284 1639 1366 quidem

274 1379 469 1443 consentiunt
492 1379 729 1453 observationes,
753 1380 850 1460 prima
873 1380 1077 1442 secessionem
1101 1378 1184 1440 fucit.
1230 1376 1296 1438 Nec
1318 1375 1433 1450 mirum,
1459 1392 1524 1436 cum
1542 1371 1643 1453 prima

275 1479 307 1532 et
330 1468 419 1530 unica
444 1468 544 1544 luerit,
568 1489 624 1531 uec
648 1469 809 1531 admodum
833 1470 934 1548 quieto
959 1475 1045 1542 atre,
1070 1486 1137 1529 cum
1160 1467 1199 1528 ad
1223 1465 1408 1528 levissimam
1431 1463 1566 1525 aumlam
1589 1460 1639 1522 in-

273 1565 473 1620 strumentum
496 1576 594 1619 meum
618 1558 830 1638 impelleretur.
878 1555 1009 1620 Ceterae
1032 1567 1096 1619 tres
1118 1554 1295 1636 exquisitius
1320 1562 1444 1634 captae,
1467 1551 1641 1630 iteratoque

274 1646 396 1726 saepius
422 1646 612 1708 examinatae
637 1655 725 1724 sunt,
752 1644 987 1728 Comparatione
1011 1645 1093 1708 facta
1116 1645 1229 1724 primae
1253 1662 1395 1706 erroneae
1419 1659 1485 1702 cum
1508 1639 1642 1704 secunda

274 1734 474 1798 confirmabat
497 1735 616 1798 lumea
639 1735 891 1810 ratiocinatione;
916 1737 1011 1816 deque
1034 1735 1092 1796 bac
1116 1732 1339 1813 comparatione
1358 1738 1469 1793 sonant
1486 1727 1640 1809 proximae

274 1841 359 1887 meae
384 1823 499 1885 literae.
548 1823 763 1886 Verumtamen
788 1825 893 1887 ultima
916 1824 1089 1886 observatio
1113 1821 1284 1902 Septembri
1307 1820 1412 1899 elapso
1440 1818 1562 1892 habita,
1586 1835 1639 1878 re-

274 1911 384 1975 futavit
406 1911 532 1992 primam
556 1910 682 1974 Octobri
707 1914 870 1992 superioris
894 1913 965 1975 anni
989 1922 1124 1993 captam,
1160 1919 1192 1972 et
1220 1908 1451 1971 confirmabatur
1480 1929 1499 1969 a
1522 1906 1640 1968 duabus

273 2000 406 2080 reliquis.
452 1999 500 2061 Ex
524 2001 661 2063 omnibus
685 2002 782 2064 tribus
806 2002 989 2082 comparatis
1012 2019 1066 2081 pro
1091 2008 1174 2062 certo
1199 1998 1341 2079 colligere
1364 1997 1464 2078 potui,
1495 1995 1639 2057 differen-

275 2090 349 2152 tiam
372 2088 402 2151 in
426 2088 637 2152 altitudinibus
660 2090 774 2173 polaris
799 2092 928 2166 stellae,
960 2090 988 2152 si
1012 2110 1070 2170 qua
1094 2098 1160 2164 est,
1190 2088 1270 2150 inira
1299 2095 1367 2149 octo
1396 2085 1538 2164 scrupula
1560 2102 1640 2145 esse.

276 2178 356 2242 Nam
380 2178 419 2239 ad
442 2177 572 2240 minores
596 2180 761 2258 particulas
785 2180 1015 2242 instrumentum
1039 2196 1137 2240 meum
1161 2197 1218 2240 non
1239 2175 1404 2239 descendit.
1435 2173 1533 2253 Igitur
1545 2171 1641 2235 semi-

277 2267 425 2329 diameter
449 2264 544 2342 orbis,
570 2268 620 2348 qui
643 2267 769 2329 Terram
793 2268 890 2343 vehit,
915 2268 1013 2330 minus
1033 2286 1121 2348 quarn
1146 2264 1388 2348 quingentesima
1416 2262 1567 2344 particula
1593 2268 1643 2323 est

278 2356 315 2417 de
339 2353 565 2417 semidiametro
596 2355 732 2418 lixamm.
785 2355 938 2418 Dimoveri
975 2365 1077 2418 tamen
1111 2375 1168 2417 nou
1201 2372 1324 2436 possum
1352 2354 1390 2416 ab
1423 2370 1460 2415 ea
1491 2349 1641 2432 opinione,

276 2443 346 2526 quin
370 2443 505 2517 credam,
543 2443 665 2505 tandem
699 2445 729 2506 in
758 2444 858 2525 aliquo
886 2445 982 2525 primo
1008 2444 1056 2507 vel
1084 2444 1237 2507 luculenta
1266 2452 1353 2522 parte
1377 2440 1465 2522 primi
1489 2448 1650 2520 repertum¹

275 2533 312 2595 iri
335 2532 545 2595 differentiam.
592 2530 681 2603 Quod
705 2534 730 2594 si
754 2532 809 2595 hoc
833 2553 892 2596 non
917 2534 986 2608 fiat,
1015 2540 1048 2595 et
1077 2534 1104 2595 si
1128 2532 1199 2596 mihi
1218 2531 1398 2594 credendum
1422 2530 1476 2604 sit,
1500 2527 1639 2591 omuibus

274 2620 370 2684 modis
395 2620 646 2684 inaestimabilem
669 2640 738 2683 esse
761 2622 954 2685 altitudinem
976 2623 1101 2685 fixarum
1124 2623 1162 2683 ad
1178 2620 1261 2683 Solis
1285 2619 1488 2688 altitudinem,
1504 2617 1560 2678 boc
1579 2633 1639 2676 uno

275 2718 452 2798 argumento
479 2709 547 2789 plus
579 2711 714 2772 offendar
745 2709 774 2772 in
799 2712 974 2773 defensione
1007 2708 1180 2790 Cuperuici,
1221 2728 1309 2790 quarn
1340 2707 1421 2770 mille
1451 2706 1641 2768 saeculorum

276 2816 435 2862 consensu.
482 2795 628 2868 Quamvis
657 2799 745 2860 unica
773 2799 934 2879 religiosae
961 2800 1071 2861 mentis
1104 2800 1255 2861 attonitae
1286 2805 1319 2859 et
1349 2795 1499 2877 stupentis
1533 2794 1639 2856 excla-

275 2886 406 2950 matione
432 2883 617 2966 Cupemicus
641 2888 729 2966 hqjus
752 2889 923 2951 offendiculi
952 2889 1078 2951 nebulas
1106 2888 1284 2968 dispulerit:
1308 2887 1431 2947 Tanta
1453 2882 1637 2957 nimirum,

275 2975 422 3057 inquiens,
447 2984 507 3037 est
529 2976 617 3038 baec
641 2976 707 3037 Dei
731 2974 814 3057 Opt.
839 2978 934 3040 Max.
959 2978 1125 3040 Fabrica.
1170 2977 1216 3037 At
1239 2974 1339 3038 hercle
1362 2981 1481 3036 recreat
1510 2991 1557 3033 me
1581 2988 1641 3032 non

276 3064 394 3136 leviter,
421 3063 491 3124 dum
513 3065 675 3144 perpendo,
700 3083 758 3125 non
783 3075 845 3126 tam
869 3066 978 3128 debere
1002 3085 1056 3127 nos
1080 3064 1181 3126 mirari
1205 3066 1358 3144 ingentem
1381 3072 1414 3125 et
1435 3061 1568 3124 infinitae
1595 3060 1642 3121 si-

276 3153 377 3216 milem
405 3152 502 3213 ultimi
530 3152 606 3214 coeli
642 3153 886 3232 amplitudinem,
925 3172 1014 3234 quam
1046 3172 1062 3212 e
1095 3162 1201 3214 contra
1232 3161 1369 3217 nostrum
1401 3150 1640 3225 homuncionum,

279 3251 461 3321 nostraeque
485 3240 570 3321 hujus
595 3241 778 3303 exilissimae
801 3241 950 3322 glebulae,
967 3242 1102 3321 adeoque
1117 3242 1271 3304 mobilium
1285 3241 1415 3305 omnium
1434 3239 1641 3320 exiguitatem.

264 3332 393 3418 *Nempe
417 3329 482 3390 Deo
505 3329 631 3391 mundus
655 3348 713 3391 non
738 3336 787 3391 est
809 3340 929 3405 vastus,
959 3339 993 3392 at
1015 3350 1069 3392 nos
1094 3332 1221 3405 mundo,
1254 3350 1311 3393 me
1327 3329 1476 3418 Christe,
1498 3345 1643 3409 perquam

278 3419 379 3498 exigui
407 3436 520 3480 sumus.
567 3416 648 3488 Quid
681 3419 759 3480 enim
787 3419 815 3480 si
848 3426 953 3499 potest
981 3419 1077 3482 videri
1112 3438 1272 3499 magnum,
1311 3419 1360 3501 qui
1398 3426 1457 3480 etc.
1491 3425 1526 3478 ut
1549 3415 1643 3478 etiam

280 3506 434 3572 Ciceronis
458 3506 623 3568 autoritate
647 3513 724 3570 utar.
770 3508 876 3588 Neque
900 3527 939 3569 ex
961 3509 1039 3571 mole
1063 3508 1207 3588 judicium
1236 3517 1285 3571 est
1317 3509 1354 3569 de
1385 3505 1575 3589 praestantia
1598 3504 1643 3565 fa·

280 3595 427 3658 ciendum.
473 3594 557 3655 Deus
581 3595 673 3670 euim,
699 3595 800 3677 quiin
825 3598 897 3659 altis
922 3596 1056 3672 habitat,
1087 3598 1211 3659 humilia
1237 3607 1337 3669 tamen
1367 3597 1500 3676 respicit.
1547 3592 1642 3655 Etsi

279 3682 403 3746 mobilia
437 3683 504 3744 ideo
536 3682 684 3746 'vilissima
719 3702 791 3763 pars
824 3685 927 3748 muudi
955 3694 1071 3760 essent,
1106 3687 1175 3766 quia
1209 3695 1306 3748 totum
1333 3693 1471 3768 systema
1503 3691 1643 3762 respectu

281 3772 406 3833 fixarum
437 3788 531 3850 prope
564 3773 738 3835 evanescit:
772 3784 856 3835 esset
891 3776 996 3837 eodem
1033 3783 1210 3854 argumento
1249 3776 1335 3838 homo
1371 3775 1450 3837 iuter
1485 3780 1643 3855 postrema

281 3860 383 3921 mundi
406 3860 639 3938 rejectameuta,
676 3862 727 3941 qui
763 3865 933 3942 comparari
966 3883 1031 3926 curu
1061 3863 1169 3938 Terra,
1199 3864 1293 3926 Terra
1323 3865 1390 3944 ipsa
1418 3882 1483 3925 curn
1517 3860 1643 3923 Saturni

281 3947 366 4010 coelo
399 3947 520 4009 minime
548 3958 669 4027 potest:
704 3959 787 4012 esset
819 3951 949 4032 quinimo
982 3952 1149 4014 crocodilus
1183 3962 1237 4014 aut
1266 3954 1390 4033 elephas
1423 3952 1488 4013 Deo
1522 3949 1641 4031 majori,

283 4055 372 4115 quam
395 4037 497 4109 lromo,
532 4056 638 4108 curae,
668 4048 828 4118 propterea
857 4042 928 4120 quia
955 4043 1033 4103 mole
1057 4042 1205 4102 hominem
1228 4052 1380 4120 superant
1426 4041 1518 4103 Hisce
1542 4050 1573 4102 et
1597 4039 1642 4100 si·

284 4125 404 4187 milibus
428 4125 578 4188 rationum
602 4129 753 4202 lomentis,
779 4130 880 4190 nescio
906 4138 939 4190 ut
962 4130 1067 4209 ingens
1091 4130 1138 4192 bic
1163 4131 1249 4192 bolus
1273 4131 1416 4211 concoqui
1438 4129 1546 4209 possit.

371 4215 463 4275 Porro
487 4215 689 4277 instrumenta
714 4235 839 4296 magna,
873 4227 996 4294 exacta,
1032 4229 1063 4280 et
1090 4219 1344 4282 rectificatissima
1371 4227 1477 4301 optare
1510 4235 1642 4300 possum,

281 4303 428 4376 indicare,
458 4321 514 4383 quo
543 4304 624 4378 loco,
658 4323 717 4385 qua
744 4304 870 4385 pecunia
904 4315 1133 4388 comparentur,
1167 4328 1224 4370 nou
1252 4328 1383 4390 possum.
1438 4309 1526 4369 Dono
1561 4306 1645 4370 dedit

281 4391 445 4455 Moestlino
469 4392 570 4473 Tycbo
594 4393 694 4454 Brabe
718 4413 843 4456 aeneum
868 4397 1033 4475 quoddam,
1058 4397 1250 4459 utilissimum
1274 4398 1407 4480 quidem,
1425 4399 1458 4460 'si
1481 4397 1645 4459 Moestlino

282 4481 346 4558 ejus
370 4480 538 4542 advehendi
562 4501 599 4543 ex
622 4483 706 4544 Balti
730 4484 796 4556 (eo)
821 4493 945 4557 sumtus,
972 4494 1025 4545 aut
1048 4486 1217 4565 incorrupte
1241 4506 1296 4567 per
1311 4496 1429 4549 tautum
1453 4486 1644 4549 intervallum

283 4568 458 4630 traducendi
481 4588 551 4649 spes
575 4579 668 4632 esset.
716 4569 815 4633 Credo
839 4591 892 4652 per
915 4573 1125 4636 Moecenatem
1148 4583 1180 4636 et
1201 4574 1387 4639 Praxitelem
1407 4577 1556 4656 Keplerus
1577 4574 1645 4649 (aut

284 4656 349 4735 ejus
374 4658 439 4718 loco
464 4658 548 4720 multi
574 4659 639 4733 alii)
666 4680 723 4720 non
749 4660 942 4741 inelegantis,
968 4681 1023 4724 nec
1046 4663 1164 4725 inutilia
1187 4672 1328 4727 strueret.
1375 4663 1522 4736 Quamvis
1545 4665 1572 4726 si
1594 4682 1645 4723 ar-

285 4745 395 4806 tificem
416 4745 489 4807 mibi
512 4756 627 4827 optem,
668 4768 725 4810 uon
755 4751 936 4813 arcularium
962 4752 1071 4825 velim,
1104 4752 1159 4813 sed
1187 4753 1349 4816 munatium
1377 4762 1409 4817 et
1437 4754 1649 4817 architectum<

284 4832 371 4895 Turri
395 4834 473 4897 euim
495 4843 528 4896 et
551 4837 772 4916 amphitheatro
796 4840 963 4901 rectissime
988 4841 1054 4920 quis
1078 4848 1188 4915 utatur,
1215 4842 1270 4903 hoc
1293 4852 1355 4919 est,
1378 4843 1591 4925 perpendiculo
1616 4849 1647 4901 et

287 4940 376 5011 aqua.
423 4921 505 4986 Saue
527 4943 581 5009 pro
606 4925 688 4988 Solis
711 4927 922 4991 observatione
946 4947 1001 4990 nec
1023 4930 1123 5014 optari
1147 4929 1267 5016 quidem
1290 4933 1390 5017 aptius
1414 4934 1571 5016 quicquam
1588 4947 1646 5012 po·
