<?xml version="1.0" encoding="UTF-8"?>
<!DOCTYPE html PUBLIC "-//W3C//DTD XHTML 1.0 Transitional//EN"
    "http://www.w3.org/TR/xhtml1/DTD/xhtml1-transitional.dtd">
<html xmlns="http://www.w3.org/1999/xhtml" xml:lang="en" lang="en">
 <head>
  <title>
</title>
<meta http-equiv="Content-Type" content="text/html;charset=utf-8" />
  <meta name='ocr-system' content='tesseract 3.04.00' />
  <meta name='ocr-capabilities' content='ocr_page ocr_carea ocr_par ocr_line ocrx_word'/>
</head>
<body>
  <div class='ocr_page' id='page_1' title='image "./joanniskepleria01unkngoog_0452.png"; bbox 0 0 3609 5634; ppageno 0'>
   <div class='ocr_carea' id='block_1_1' title="bbox 273 357 1064 431">
    <p class='ocr_par' dir='ltr' id='par_1_1' title="bbox 273 357 1064 431">
     <span class='ocr_line' id='line_1_1' title="bbox 273 357 1064 431; baseline 0.006 -5"><span class='ocrx_word' id='word_1_1' title='bbox 273 357 340 427; x_wconf 80' lang='lat' dir='ltr'><strong>tto</strong></span> <span class='ocrx_word' id='word_1_2' title='bbox 841 358 943 412; x_wconf 58' lang='lat' dir='ltr'><strong>Htw</strong></span> <span class='ocrx_word' id='word_1_3' title='bbox 959 358 1064 431; x_wconf 51' lang='grc' dir='ltr'><strong>ΜΝ</strong></span> 
     </span>
    </p>
   </div>
   <div class='ocr_carea' id='block_1_2' title="bbox 274 519 1703 4879">
    <p class='ocr_par' dir='ltr' id='par_1_2' title="bbox 274 519 1703 4879">
     <span class='ocr_line' id='line_1_2' title="bbox 274 519 1636 603; baseline -0.005 -19"><span class='ocrx_word' id='word_1_4' title='bbox 274 541 347 603; x_wconf 84' lang='lat' dir='ltr'><strong>ago,</strong></span> <span class='ocrx_word' id='word_1_5' title='bbox 376 530 411 584; x_wconf 93' lang='lat' dir='ltr'><strong>nt</strong></span> <span class='ocrx_word' id='word_1_6' title='bbox 437 519 600 584; x_wconf 88' lang='lat' dir='ltr'><strong>veritatem</strong></span> <span class='ocrx_word' id='word_1_7' title='bbox 627 536 683 599; x_wconf 85' lang='lat' dir='ltr'><strong>ego</strong></span> <span class='ocrx_word' id='word_1_8' title='bbox 713 519 813 600; x_wconf 78' lang='lat' dir='ltr'><strong>(qu‘ns</strong></span> <span class='ocrx_word' id='word_1_9' title='bbox 843 529 979 582; x_wconf 86' lang='lat' dir='ltr'><strong>assertor</strong></span> <span class='ocrx_word' id='word_1_10' title='bbox 1006 537 1071 580; x_wconf 90' lang='lat' dir='ltr'><strong>snm</strong></span> <span class='ocrx_word' id='word_1_11' title='bbox 1099 523 1234 599; x_wconf 88' lang='lat' dir='ltr'><strong>promtus</strong></span> <span class='ocrx_word' id='word_1_12' title='bbox 1260 535 1395 597; x_wconf 89' lang='lat' dir='ltr'><strong>semper,</strong></span> <span class='ocrx_word' id='word_1_13' title='bbox 1424 536 1485 579; x_wconf 92' lang='lat' dir='ltr'><strong>non</strong></span> <span class='ocrx_word' id='word_1_14' title='bbox 1514 532 1636 596; x_wconf 77' lang='lat' dir='ltr'>semper</span> 
     </span>
     <span class='ocr_line' id='line_1_3' title="bbox 277 605 1632 692; baseline -0.009 -17"><span class='ocrx_word' id='word_1_15' title='bbox 277 605 418 692; x_wconf 85' lang='lat' dir='ltr'><strong>idonens)</strong></span> <span class='ocrx_word' id='word_1_16' title='bbox 448 611 488 674; x_wconf 89' lang='lat' dir='ltr'><strong>ad</strong></span> <span class='ocrx_word' id='word_1_17' title='bbox 518 626 616 671; x_wconf 90' lang='lat' dir='ltr'><strong>meum</strong></span> <span class='ocrx_word' id='word_1_18' title='bbox 646 610 834 672; x_wconf 88' lang='lat' dir='ltr'><strong>commodum</strong></span> <span class='ocrx_word' id='word_1_19' title='bbox 862 608 999 687; x_wconf 78' lang='lat' dir='ltr'><strong>dirigam.</strong></span> <span class='ocrx_word' id='word_1_20' title='bbox 1048 607 1081 669; x_wconf 92' lang='lat' dir='ltr'><strong>ln</strong></span> <span class='ocrx_word' id='word_1_21' title='bbox 1110 607 1246 669; x_wconf 85' lang='lat' dir='ltr'><strong>omuibus</strong></span> <span class='ocrx_word' id='word_1_22' title='bbox 1273 607 1477 687; x_wconf 74' lang='lat' dir='ltr'><strong>prognosticis</strong></span> <span class='ocrx_word' id='word_1_23' title='bbox 1506 605 1537 665; x_wconf 92' lang='lat' dir='ltr'><strong>id</strong></span> <span class='ocrx_word' id='word_1_24' title='bbox 1562 623 1632 684; x_wconf 83' lang='lat' dir='ltr'><strong>ago,</strong></span> 
     </span>
     <span class='ocr_line' id='line_1_4' title="bbox 275 694 1634 781; baseline -0.007 -17"><span class='ocrx_word' id='word_1_25' title='bbox 275 709 310 764; x_wconf 91' lang='lat' dir='ltr'><strong>nt</strong></span> <span class='ocrx_word' id='word_1_26' title='bbox 332 702 369 763; x_wconf 91' lang='lat' dir='ltr'><strong>de</strong></span> <span class='ocrx_word' id='word_1_27' title='bbox 388 700 517 781; x_wconf 88' lang='lat' dir='ltr'><strong>promtis</strong></span> <span class='ocrx_word' id='word_1_28' title='bbox 539 697 711 766; x_wconf 90' lang='lat' dir='ltr'><strong>sententiis,</strong></span> <span class='ocrx_word' id='word_1_29' title='bbox 735 717 812 780; x_wconf 88' lang='lat' dir='ltr'><strong>qnae</strong></span> <span class='ocrx_word' id='word_1_30' title='bbox 835 697 907 759; x_wconf 91' lang='lat' dir='ltr'><strong>mihi</strong></span> <span class='ocrx_word' id='word_1_31' title='bbox 935 715 1025 759; x_wconf 86' lang='lat' dir='ltr'><strong>verae</strong></span> <span class='ocrx_word' id='word_1_32' title='bbox 1048 696 1201 771; x_wconf 88' lang='lat' dir='ltr'><strong>videntur,</strong></span> <span class='ocrx_word' id='word_1_33' title='bbox 1226 704 1347 774; x_wconf 91' lang='lat' dir='ltr'><strong>gustum</strong></span> <span class='ocrx_word' id='word_1_34' title='bbox 1370 695 1500 775; x_wconf 90' lang='lat' dir='ltr'><strong>aliquem</strong></span> <span class='ocrx_word' id='word_1_35' title='bbox 1521 694 1634 773; x_wconf 91' lang='lat' dir='ltr'><strong>jucnn-</strong></span> 
     </span>
     <span class='ocr_line' id='line_1_5' title="bbox 275 783 1632 868; baseline -0.008 -15"><span class='ocrx_word' id='word_1_36' title='bbox 275 790 383 853; x_wconf 77' lang='lat' dir='ltr'><strong>ditatis</strong></span> <span class='ocrx_word' id='word_1_37' title='bbox 407 797 439 852; x_wconf 90' lang='lat' dir='ltr'><strong>et</strong></span> <span class='ocrx_word' id='word_1_38' title='bbox 461 786 633 868; x_wconf 88' lang='lat' dir='ltr'><strong>majestatis</strong></span> <span class='ocrx_word' id='word_1_39' title='bbox 656 795 782 851; x_wconf 89' lang='lat' dir='ltr'><strong>naturae</strong></span> <span class='ocrx_word' id='word_1_40' title='bbox 814 787 977 866; x_wconf 75' lang='lat' dir='ltr'>praebeam</span> <span class='ocrx_word' id='word_1_41' title='bbox 998 785 1059 848; x_wconf 89' lang='lat' dir='ltr'><strong>iilis</strong></span> <span class='ocrx_word' id='word_1_42' title='bbox 1083 795 1176 866; x_wconf 87' lang='lat' dir='ltr'><strong>snpra</strong></span> <span class='ocrx_word' id='word_1_43' title='bbox 1198 784 1329 847; x_wconf 88' lang='lat' dir='ltr'><strong>delinitis</strong></span> <span class='ocrx_word' id='word_1_44' title='bbox 1353 786 1427 847; x_wconf 90' lang='lat' dir='ltr'><strong>meis</strong></span> <span class='ocrx_word' id='word_1_45' title='bbox 1451 783 1632 846; x_wconf 87' lang='lat' dir='ltr'><strong>lectoribus:</strong></span> 
     </span>
     <span class='ocr_line' id='line_1_6' title="bbox 276 872 1633 958; baseline -0.006 -16"><span class='ocrx_word' id='word_1_46' title='bbox 276 881 303 942; x_wconf 91' lang='lat' dir='ltr'><strong>si</strong></span> <span class='ocrx_word' id='word_1_47' title='bbox 334 881 411 942; x_wconf 85' lang='lat' dir='ltr'><strong>forte</strong></span> <span class='ocrx_word' id='word_1_48' title='bbox 434 896 489 958; x_wconf 87' lang='lat' dir='ltr'><strong>per</strong></span> <span class='ocrx_word' id='word_1_49' title='bbox 511 877 568 940; x_wconf 93' lang='lat' dir='ltr'><strong>hoc</strong></span> <span class='ocrx_word' id='word_1_50' title='bbox 591 876 761 939; x_wconf 74' lang='lat' dir='ltr'><strong>oscitentnr</strong></span> <span class='ocrx_word' id='word_1_51' title='bbox 784 876 823 938; x_wconf 87' lang='lat' dir='ltr'><strong>ad</strong></span> <span class='ocrx_word' id='word_1_52' title='bbox 846 895 894 938; x_wconf 91' lang='lat' dir='ltr'><strong>me</strong></span> <span class='ocrx_word' id='word_1_53' title='bbox 918 883 1005 938; x_wconf 86' lang='lat' dir='ltr'><strong>tanto</strong></span> <span class='ocrx_word' id='word_1_54' title='bbox 1029 874 1136 956; x_wconf 86' lang='lat' dir='ltr'><strong>majori</strong></span> <span class='ocrx_word' id='word_1_55' title='bbox 1160 893 1226 937; x_wconf 88' lang='lat' dir='ltr'><strong>curn</strong></span> <span class='ocrx_word' id='word_1_56' title='bbox 1245 874 1358 936; x_wconf 88' lang='lat' dir='ltr'><strong>salario</strong></span> <span class='ocrx_word' id='word_1_57' title='bbox 1372 874 1522 943; x_wconf 89' lang='lat' dir='ltr'><strong>alendum,</strong></span> <span class='ocrx_word' id='word_1_58' title='bbox 1546 872 1633 951; x_wconf 88' lang='lat' dir='ltr'><strong>cujus</strong></span> 
     </span>
     <span class='ocr_line' id='line_1_7' title="bbox 275 961 1703 1046; baseline -0.007 -15"><span class='ocrx_word' id='word_1_59' title='bbox 275 969 359 1032; x_wconf 90' lang='lat' dir='ltr'><strong>nulla</strong></span> <span class='ocrx_word' id='word_1_60' title='bbox 382 967 479 1031; x_wconf 90' lang='lat' dir='ltr'><strong>adhuc</strong></span> <span class='ocrx_word' id='word_1_61' title='bbox 503 965 640 1029; x_wconf 77' lang='lat' dir='ltr'><strong>accessio</strong></span> <span class='ocrx_word' id='word_1_62' title='bbox 664 966 747 1028; x_wconf 84' lang='lat' dir='ltr'><strong>iacta</strong></span> <span class='ocrx_word' id='word_1_63' title='bbox 770 966 880 1046; x_wconf 84' lang='lat' dir='ltr'><strong>(usqne</strong></span> <span class='ocrx_word' id='word_1_64' title='bbox 904 965 974 1027; x_wconf 88' lang='lat' dir='ltr'><strong>dum</strong></span> <span class='ocrx_word' id='word_1_65' title='bbox 997 966 1150 1045; x_wconf 89' lang='lat' dir='ltr'><strong>impensae</strong></span> <span class='ocrx_word' id='word_1_66' title='bbox 1173 964 1245 1026; x_wconf 92' lang='lat' dir='ltr'><strong>mihi</strong></span> <span class='ocrx_word' id='word_1_67' title='bbox 1264 963 1450 1037; x_wconf 86' lang='lat' dir='ltr'><strong>restitutae).</strong></span> <span class='ocrx_word' id='word_1_68' title='bbox 1495 963 1583 1024; x_wconf 87' lang='lat' dir='ltr'><strong>Haec</strong></span> <span class='ocrx_word' id='word_1_69' title='bbox 1607 961 1633 1022; x_wconf 93' lang='lat' dir='ltr'><strong>si</strong></span> <span class='ocrx_word' id='word_1_70' title='bbox 1692 995 1703 1014; x_wconf 89' lang='lat'><strong>·</strong></span> 
     </span>
     <span class='ocr_line' id='line_1_8' title="bbox 274 1052 1635 1138; baseline -0.008 -17"><span class='ocrx_word' id='word_1_71' title='bbox 274 1057 470 1138; x_wconf 75' lang='lat' dir='ltr'><strong>probaveris,</strong></span> <span class='ocrx_word' id='word_1_72' title='bbox 491 1057 557 1137; x_wconf 84' lang='lat' dir='ltr'><strong>jam</strong></span> <span class='ocrx_word' id='word_1_73' title='bbox 580 1074 670 1134; x_wconf 92' lang='lat' dir='ltr'><strong>porro</strong></span> <span class='ocrx_word' id='word_1_74' title='bbox 692 1054 765 1118; x_wconf 88' lang='lat' dir='ltr'><strong>mihi</strong></span> <span class='ocrx_word' id='word_1_75' title='bbox 788 1072 846 1116; x_wconf 91' lang='lat' dir='ltr'><strong>nou</strong></span> <span class='ocrx_word' id='word_1_76' title='bbox 862 1054 1065 1130; x_wconf 84' lang='lat' dir='ltr'><strong>succensebis,</strong></span> <span class='ocrx_word' id='word_1_77' title='bbox 1091 1056 1179 1135; x_wconf 90' lang='lat' dir='ltr'><strong>qnod,</strong></span> <span class='ocrx_word' id='word_1_78' title='bbox 1204 1061 1340 1117; x_wconf 85' lang='lat' dir='ltr'><strong>assertor</strong></span> <span class='ocrx_word' id='word_1_79' title='bbox 1355 1052 1540 1134; x_wconf 83' lang='lat' dir='ltr'><strong>astrologiae</strong></span> <span class='ocrx_word' id='word_1_80' title='bbox 1565 1069 1635 1112; x_wconf 91' lang='lat' dir='ltr'><strong>cum</strong></span> 
     </span>
     <span class='ocr_line' id='line_1_9' title="bbox 274 1142 1634 1225; baseline -0.006 -16"><span class='ocrx_word' id='word_1_81' title='bbox 274 1147 330 1209; x_wconf 89' lang='lat' dir='ltr'><strong>sim</strong></span> <span class='ocrx_word' id='word_1_82' title='bbox 352 1145 454 1209; x_wconf 89' lang='lat' dir='ltr'><strong>verbis</strong></span> <span class='ocrx_word' id='word_1_83' title='bbox 477 1155 510 1208; x_wconf 91' lang='lat' dir='ltr'><strong>et</strong></span> <span class='ocrx_word' id='word_1_84' title='bbox 532 1163 637 1225; x_wconf 87' lang='lat' dir='ltr'><strong>opere,</strong></span> <span class='ocrx_word' id='word_1_85' title='bbox 666 1145 806 1207; x_wconf 89' lang='lat' dir='ltr'><strong>studeam</strong></span> <span class='ocrx_word' id='word_1_86' title='bbox 830 1151 931 1211; x_wconf 85' lang='lat' dir='ltr'><strong>tamen</strong></span> <span class='ocrx_word' id='word_1_87' title='bbox 959 1145 1038 1207; x_wconf 89' lang='lat' dir='ltr'><strong>hanc</strong></span> <span class='ocrx_word' id='word_1_88' title='bbox 1062 1144 1171 1207; x_wconf 89' lang='lat' dir='ltr'><strong>animis</strong></span> <span class='ocrx_word' id='word_1_89' title='bbox 1198 1144 1350 1206; x_wconf 92' lang='lat' dir='ltr'><strong>hominnm</strong></span> <span class='ocrx_word' id='word_1_90' title='bbox 1374 1142 1634 1205; x_wconf 84' lang='lat' dir='ltr'><strong>existimationem</strong></span> 
     </span>
     <span class='ocr_line' id='line_1_10' title="bbox 274 1230 1633 1317; baseline -0.006 -19"><span class='ocrx_word' id='word_1_91' title='bbox 274 1236 463 1317; x_wconf 89' lang='lat' dir='ltr'><strong>implantare,</strong></span> <span class='ocrx_word' id='word_1_92' title='bbox 488 1253 547 1297; x_wconf 90' lang='lat' dir='ltr'><strong>non</strong></span> <span class='ocrx_word' id='word_1_93' title='bbox 570 1254 639 1297; x_wconf 90' lang='lat' dir='ltr'><strong>esse</strong></span> <span class='ocrx_word' id='word_1_94' title='bbox 661 1252 708 1296; x_wconf 89' lang='lat' dir='ltr'><strong>me</strong></span> <span class='ocrx_word' id='word_1_95' title='bbox 731 1251 878 1313; x_wconf 86' lang='lat' dir='ltr'><strong>nugacem</strong></span> <span class='ocrx_word' id='word_1_96' title='bbox 901 1234 1098 1315; x_wconf 87' lang='lat' dir='ltr'><strong>astrologum.</strong></span> <span class='ocrx_word' id='word_1_97' title='bbox 1145 1234 1180 1296; x_wconf 93' lang='lat' dir='ltr'><strong>ld</strong></span> <span class='ocrx_word' id='word_1_98' title='bbox 1208 1232 1264 1295; x_wconf 91' lang='lat' dir='ltr'><strong>hoc</strong></span> <span class='ocrx_word' id='word_1_99' title='bbox 1294 1252 1372 1295; x_wconf 92' lang='lat' dir='ltr'><strong>anno</strong></span> <span class='ocrx_word' id='word_1_100' title='bbox 1400 1233 1473 1307; x_wconf 85' lang='lat' dir='ltr'><strong>feci,</strong></span> <span class='ocrx_word' id='word_1_101' title='bbox 1508 1230 1633 1311; x_wconf 85' lang='lat' dir='ltr'><strong>rejectis</strong></span> 
     </span>
     <span class='ocr_line' id='line_1_11' title="bbox 276 1323 1634 1405; baseline -0.004 -19"><span class='ocrx_word' id='word_1_102' title='bbox 276 1325 408 1405; x_wconf 86' lang='lat' dir='ltr'><strong>quartis,</strong></span> <span class='ocrx_word' id='word_1_103' title='bbox 432 1323 670 1387; x_wconf 84' lang='lat' dir='ltr'><strong>revolutionibus</strong></span> <span class='ocrx_word' id='word_1_104' title='bbox 693 1324 813 1397; x_wconf 84' lang='lat' dir='ltr'><strong>anania,</strong></span> <span class='ocrx_word' id='word_1_105' title='bbox 839 1341 895 1403; x_wconf 89' lang='lat' dir='ltr'><strong>qno</strong></span> <span class='ocrx_word' id='word_1_106' title='bbox 919 1323 1038 1388; x_wconf 90' lang='lat' dir='ltr'><strong>nomine</strong></span> <span class='ocrx_word' id='word_1_107' title='bbox 1063 1323 1154 1387; x_wconf 89' lang='lat' dir='ltr'><strong>etiam</strong></span> <span class='ocrx_word' id='word_1_108' title='bbox 1176 1325 1380 1387; x_wconf 85' lang='lat' dir='ltr'><strong>revolutiones</strong></span> <span class='ocrx_word' id='word_1_109' title='bbox 1403 1331 1576 1386; x_wconf 89' lang='lat' dir='ltr'><strong>menstruae</strong></span> <span class='ocrx_word' id='word_1_110' title='bbox 1601 1329 1634 1382; x_wconf 89' lang='lat' dir='ltr'><strong>et</strong></span> 
     </span>
     <span class='ocr_line' id='line_1_12' title="bbox 274 1413 1631 1496; baseline -0.005 -19"><span class='ocrx_word' id='word_1_111' title='bbox 274 1422 448 1493; x_wconf 91' lang='lat' dir='ltr'><strong>quartarum</strong></span> <span class='ocrx_word' id='word_1_112' title='bbox 470 1413 586 1476; x_wconf 88' lang='lat' dir='ltr'><strong>censeri</strong></span> <span class='ocrx_word' id='word_1_113' title='bbox 609 1414 688 1477; x_wconf 90' lang='lat' dir='ltr'><strong>volo.</strong></span> <span class='ocrx_word' id='word_1_114' title='bbox 735 1413 897 1495; x_wconf 87' lang='lat' dir='ltr'><strong>Nunquam</strong></span> <span class='ocrx_word' id='word_1_115' title='bbox 910 1415 971 1477; x_wconf 92' lang='lat' dir='ltr'><strong>illis</strong></span> <span class='ocrx_word' id='word_1_116' title='bbox 986 1415 1143 1496; x_wconf 89' lang='lat' dir='ltr'><strong>quicquam</strong></span> <span class='ocrx_word' id='word_1_117' title='bbox 1157 1414 1259 1487; x_wconf 89' lang='lat' dir='ltr'><strong>tribui,</strong></span> <span class='ocrx_word' id='word_1_118' title='bbox 1282 1415 1327 1476; x_wconf 91' lang='lat' dir='ltr'><strong>nti</strong></span> <span class='ocrx_word' id='word_1_119' title='bbox 1342 1413 1514 1476; x_wconf 84' lang='lat' dir='ltr'><strong>meminisse</strong></span> <span class='ocrx_word' id='word_1_120' title='bbox 1529 1419 1631 1492; x_wconf 78' lang='lat' dir='ltr'><strong>potes.</strong></span> 
     </span>
     <span class='ocr_line' id='line_1_13' title="bbox 275 1497 1632 1584; baseline -0.004 -18"><span class='ocrx_word' id='word_1_121' title='bbox 275 1502 412 1567; x_wconf 85' lang='lat' dir='ltr'><strong>Sufficiet</strong></span> <span class='ocrx_word' id='word_1_122' title='bbox 440 1504 546 1584; x_wconf 91' lang='lat' dir='ltr'><strong>cuique</strong></span> <span class='ocrx_word' id='word_1_123' title='bbox 574 1502 634 1566; x_wconf 89' lang='lat' dir='ltr'><strong>diei</strong></span> <span class='ocrx_word' id='word_1_124' title='bbox 663 1513 805 1583; x_wconf 90' lang='lat' dir='ltr'><strong>aspectus</strong></span> <span class='ocrx_word' id='word_1_125' title='bbox 833 1523 915 1566; x_wconf 88' lang='lat' dir='ltr'><strong>suns.</strong></span> <span class='ocrx_word' id='word_1_126' title='bbox 961 1505 1179 1570; x_wconf 86' lang='lat' dir='ltr'><strong>Revolntiones</strong></span> <span class='ocrx_word' id='word_1_127' title='bbox 1208 1505 1358 1567; x_wconf 91' lang='lat' dir='ltr'><strong>homiuum</strong></span> <span class='ocrx_word' id='word_1_128' title='bbox 1387 1510 1419 1565; x_wconf 89' lang='lat' dir='ltr'><strong>et</strong></span> <span class='ocrx_word' id='word_1_129' title='bbox 1442 1500 1559 1565; x_wconf 89' lang='lat' dir='ltr'><strong>urbium</strong></span> <span class='ocrx_word' id='word_1_130' title='bbox 1582 1497 1632 1561; x_wconf 78' lang='lat' dir='ltr'><strong>lvio</strong></span> 
     </span>
     <span class='ocr_line' id='line_1_14' title="bbox 278 1590 1634 1675; baseline -0.004 -19"><span class='ocrx_word' id='word_1_131' title='bbox 278 1595 405 1675; x_wconf 83' lang='lat' dir='ltr'><strong>excipio.</strong></span> <span class='ocrx_word' id='word_1_132' title='bbox 456 1593 549 1656; x_wconf 84' lang='lat' dir='ltr'><strong>Aliud</strong></span> <span class='ocrx_word' id='word_1_133' title='bbox 577 1601 627 1654; x_wconf 89' lang='lat' dir='ltr'><strong>est</strong></span> <span class='ocrx_word' id='word_1_134' title='bbox 655 1592 759 1668; x_wconf 88' lang='lat' dir='ltr'><strong>homo,</strong></span> <span class='ocrx_word' id='word_1_135' title='bbox 798 1593 879 1656; x_wconf 91' lang='lat' dir='ltr'><strong>alind</strong></span> <span class='ocrx_word' id='word_1_136' title='bbox 908 1603 1123 1675; x_wconf 83' lang='lat' dir='ltr'><strong>tempestatum</strong></span> <span class='ocrx_word' id='word_1_137' title='bbox 1154 1594 1260 1656; x_wconf 89' lang='lat' dir='ltr'><strong>series.</strong></span> <span class='ocrx_word' id='word_1_138' title='bbox 1310 1594 1410 1657; x_wconf 89' lang='lat' dir='ltr'><strong>Unum</strong></span> <span class='ocrx_word' id='word_1_139' title='bbox 1436 1591 1509 1653; x_wconf 91' lang='lat' dir='ltr'><strong>mibi</strong></span> <span class='ocrx_word' id='word_1_140' title='bbox 1531 1590 1634 1671; x_wconf 88' lang='lat' dir='ltr'><strong>pessit</strong></span> 
     </span>
     <span class='ocr_line' id='line_1_15' title="bbox 280 1680 1633 1765; baseline -0.004 -21"><span class='ocrx_word' id='word_1_141' title='bbox 280 1683 386 1764; x_wconf 87' lang='lat' dir='ltr'><strong>objici,</strong></span> <span class='ocrx_word' id='word_1_142' title='bbox 411 1682 563 1745; x_wconf 88' lang='lat' dir='ltr'><strong>conditum</strong></span> <span class='ocrx_word' id='word_1_143' title='bbox 586 1701 653 1744; x_wconf 89' lang='lat' dir='ltr'><strong>esse</strong></span> <span class='ocrx_word' id='word_1_144' title='bbox 677 1682 817 1745; x_wconf 90' lang='lat' dir='ltr'><strong>mnndum</strong></span> <span class='ocrx_word' id='word_1_145' title='bbox 841 1682 870 1744; x_wconf 88' lang='lat' dir='ltr'><strong>iu</strong></span> <span class='ocrx_word' id='word_1_146' title='bbox 894 1693 978 1747; x_wconf 90' lang='lat' dir='ltr'><strong>certo</strong></span> <span class='ocrx_word' id='word_1_147' title='bbox 1000 1692 1111 1765; x_wconf 88' lang='lat' dir='ltr'><strong>puncto</strong></span> <span class='ocrx_word' id='word_1_148' title='bbox 1135 1683 1249 1746; x_wconf 88' lang='lat' dir='ltr'><strong>zodiaci</strong></span> <span class='ocrx_word' id='word_1_149' title='bbox 1275 1680 1346 1745; x_wconf 93' lang='lat' dir='ltr'><strong>Sole</strong></span> <span class='ocrx_word' id='word_1_150' title='bbox 1369 1689 1527 1743; x_wconf 85' lang='lat' dir='ltr'><strong>versante:</strong></span> <span class='ocrx_word' id='word_1_151' title='bbox 1554 1700 1633 1740; x_wconf 91' lang='lat' dir='ltr'><strong>ean-</strong></span> 
     </span>
     <span class='ocr_line' id='line_1_16' title="bbox 277 1767 1633 1853; baseline -0.005 -18"><span class='ocrx_word' id='word_1_152' title='bbox 277 1774 346 1835; x_wconf 89' lang='lat' dir='ltr'><strong>dem</strong></span> <span class='ocrx_word' id='word_1_153' title='bbox 370 1790 441 1852; x_wconf 84' lang='lat' dir='ltr'><strong>ergo</strong></span> <span class='ocrx_word' id='word_1_154' title='bbox 465 1770 612 1833; x_wconf 88' lang='lat' dir='ltr'><strong>rationem</strong></span> <span class='ocrx_word' id='word_1_155' title='bbox 636 1790 704 1834; x_wconf 89' lang='lat' dir='ltr'><strong>esse</strong></span> <span class='ocrx_word' id='word_1_156' title='bbox 728 1773 842 1836; x_wconf 90' lang='lat' dir='ltr'><strong>reditus</strong></span> <span class='ocrx_word' id='word_1_157' title='bbox 861 1772 944 1836; x_wconf 90' lang='lat' dir='ltr'><strong>Solis</strong></span> <span class='ocrx_word' id='word_1_158' title='bbox 968 1774 1007 1836; x_wconf 90' lang='lat' dir='ltr'><strong>ad</strong></span> <span class='ocrx_word' id='word_1_159' title='bbox 1029 1773 1060 1835; x_wconf 91' lang='lat' dir='ltr'><strong>id</strong></span> <span class='ocrx_word' id='word_1_160' title='bbox 1082 1782 1234 1853; x_wconf 90' lang='lat' dir='ltr'><strong>punctum,</strong></span> <span class='ocrx_word' id='word_1_161' title='bbox 1259 1791 1335 1852; x_wconf 87' lang='lat' dir='ltr'><strong>quae</strong></span> <span class='ocrx_word' id='word_1_162' title='bbox 1355 1778 1403 1833; x_wconf 92' lang='lat' dir='ltr'><strong>est</strong></span> <span class='ocrx_word' id='word_1_163' title='bbox 1417 1770 1532 1832; x_wconf 88' lang='lat' dir='ltr'><strong>reditus</strong></span> <span class='ocrx_word' id='word_1_164' title='bbox 1548 1767 1633 1830; x_wconf 89' lang='lat' dir='ltr'><strong>Solis</strong></span> 
     </span>
     <span class='ocr_line' id='line_1_17' title="bbox 277 1857 1633 1944; baseline -0.004 -20"><span class='ocrx_word' id='word_1_165' title='bbox 277 1863 316 1924; x_wconf 88' lang='lat' dir='ltr'><strong>ad</strong></span> <span class='ocrx_word' id='word_1_166' title='bbox 339 1869 481 1942; x_wconf 89' lang='lat' dir='ltr'><strong>punctum</strong></span> <span class='ocrx_word' id='word_1_167' title='bbox 504 1860 685 1923; x_wconf 87' lang='lat' dir='ltr'><strong>nativitatis.</strong></span> <span class='ocrx_word' id='word_1_168' title='bbox 732 1861 923 1943; x_wconf 85' lang='lat' dir='ltr'><strong>Respondeo‚</strong></span> <span class='ocrx_word' id='word_1_169' title='bbox 949 1883 1020 1944; x_wconf 89' lang='lat' dir='ltr'><strong>ergo</strong></span> <span class='ocrx_word' id='word_1_170' title='bbox 1036 1863 1191 1925; x_wconf 85' lang='lat' dir='ltr'><strong>differatur</strong></span> <span class='ocrx_word' id='word_1_171' title='bbox 1209 1861 1361 1940; x_wconf 89' lang='lat' dir='ltr'><strong>negotium</strong></span> <span class='ocrx_word' id='word_1_172' title='bbox 1376 1879 1412 1922; x_wconf 90' lang='lat' dir='ltr'><strong>eo</strong></span> <span class='ocrx_word' id='word_1_173' title='bbox 1431 1877 1534 1939; x_wconf 90' lang='lat' dir='ltr'><strong>usqne,</strong></span> <span class='ocrx_word' id='word_1_174' title='bbox 1561 1857 1633 1918; x_wconf 92' lang='lat' dir='ltr'><strong>dum</strong></span> 
     </span>
     <span class='ocr_line' id='line_1_18' title="bbox 277 1945 1633 2033; baseline -0.006 -18"><span class='ocrx_word' id='word_1_175' title='bbox 277 1961 359 2015; x_wconf 87' lang='lat' dir='ltr'><strong>recte</strong></span> <span class='ocrx_word' id='word_1_176' title='bbox 383 1969 438 2013; x_wconf 87' lang='lat' dir='ltr'><strong>nos</strong></span> <span class='ocrx_word' id='word_1_177' title='bbox 461 1952 591 2013; x_wconf 87' lang='lat' dir='ltr'><strong>doceant</strong></span> <span class='ocrx_word' id='word_1_178' title='bbox 613 1950 796 2031; x_wconf 88' lang='lat' dir='ltr'><strong>chronologi,</strong></span> <span class='ocrx_word' id='word_1_179' title='bbox 817 1971 874 2033; x_wconf 91' lang='lat' dir='ltr'><strong>qno</strong></span> <span class='ocrx_word' id='word_1_180' title='bbox 890 1954 960 2015; x_wconf 90' lang='lat' dir='ltr'><strong>anni</strong></span> <span class='ocrx_word' id='word_1_181' title='bbox 974 1962 1109 2033; x_wconf 90' lang='lat' dir='ltr'><strong>tempore</strong></span> <span class='ocrx_word' id='word_1_182' title='bbox 1125 1952 1166 2013; x_wconf 89' lang='lat' dir='ltr'><strong>sit</strong></span> <span class='ocrx_word' id='word_1_183' title='bbox 1183 1951 1321 2013; x_wconf 88' lang='lat' dir='ltr'><strong>conditus</strong></span> <span class='ocrx_word' id='word_1_184' title='bbox 1336 1950 1473 2011; x_wconf 89' lang='lat' dir='ltr'><strong>muudus.</strong></span> <span class='ocrx_word' id='word_1_185' title='bbox 1511 1945 1633 2018; x_wconf 84' lang='lat' dir='ltr'><strong>Quam-</strong></span> 
     </span>
     <span class='ocr_line' id='line_1_19' title="bbox 277 2040 1632 2123; baseline -0.006 -19"><span class='ocrx_word' id='word_1_186' title='bbox 277 2042 324 2104; x_wconf 92' lang='lat' dir='ltr'><strong>vis</strong></span> <span class='ocrx_word' id='word_1_187' title='bbox 347 2041 407 2103; x_wconf 89' lang='lat' dir='ltr'><strong>etsi</strong></span> <span class='ocrx_word' id='word_1_188' title='bbox 430 2040 460 2103; x_wconf 92' lang='lat' dir='ltr'><strong>id</strong></span> <span class='ocrx_word' id='word_1_189' title='bbox 483 2046 650 2114; x_wconf 85' lang='lat' dir='ltr'><strong>teneamus,</strong></span> <span class='ocrx_word' id='word_1_190' title='bbox 675 2062 694 2101; x_wconf 91' lang='lat' dir='ltr'><strong>a</strong></span> <span class='ocrx_word' id='word_1_191' title='bbox 716 2041 823 2103; x_wconf 90' lang='lat' dir='ltr'><strong>baculo</strong></span> <span class='ocrx_word' id='word_1_192' title='bbox 847 2049 948 2102; x_wconf 90' lang='lat' dir='ltr'><strong>tamen</strong></span> <span class='ocrx_word' id='word_1_193' title='bbox 973 2042 1012 2104; x_wconf 91' lang='lat' dir='ltr'><strong>ad</strong></span> <span class='ocrx_word' id='word_1_194' title='bbox 1027 2042 1168 2123; x_wconf 85' lang='lat' dir='ltr'><strong>angulum</strong></span> <span class='ocrx_word' id='word_1_195' title='bbox 1188 2059 1245 2103; x_wconf 91' lang='lat' dir='ltr'><strong>non</strong></span> <span class='ocrx_word' id='word_1_196' title='bbox 1261 2040 1395 2120; x_wconf 89' lang='lat' dir='ltr'><strong>seqnitur</strong></span> <span class='ocrx_word' id='word_1_197' title='bbox 1409 2043 1632 2117; x_wconf 87' lang='lat' dir='ltr'><strong>argumentum.</strong></span> 
     </span>
     <span class='ocr_line' id='line_1_20' title="bbox 276 2126 1634 2210; baseline -0.006 -16"><span class='ocrx_word' id='word_1_198' title='bbox 276 2132 311 2194; x_wconf 90' lang='lat' dir='ltr'><strong>Iu</strong></span> <span class='ocrx_word' id='word_1_199' title='bbox 335 2131 434 2194; x_wconf 90' lang='lat' dir='ltr'><strong>reditu</strong></span> <span class='ocrx_word' id='word_1_200' title='bbox 458 2129 576 2210; x_wconf 86' lang='lat' dir='ltr'><strong>quidem</strong></span> <span class='ocrx_word' id='word_1_201' title='bbox 599 2129 681 2193; x_wconf 88' lang='lat' dir='ltr'><strong>Solis</strong></span> <span class='ocrx_word' id='word_1_202' title='bbox 710 2129 814 2192; x_wconf 87' lang='lat' dir='ltr'><strong>eadem</strong></span> <span class='ocrx_word' id='word_1_203' title='bbox 838 2139 889 2192; x_wconf 90' lang='lat' dir='ltr'><strong>est</strong></span> <span class='ocrx_word' id='word_1_204' title='bbox 908 2132 1001 2203; x_wconf 87' lang='lat' dir='ltr'><strong>ratio,</strong></span> <span class='ocrx_word' id='word_1_205' title='bbox 1031 2139 1064 2192; x_wconf 90' lang='lat' dir='ltr'><strong>at</strong></span> <span class='ocrx_word' id='word_1_206' title='bbox 1086 2147 1145 2192; x_wconf 93' lang='lat' dir='ltr'><strong>non</strong></span> <span class='ocrx_word' id='word_1_207' title='bbox 1170 2130 1199 2192; x_wconf 92' lang='lat' dir='ltr'><strong>in</strong></span> <span class='ocrx_word' id='word_1_208' title='bbox 1223 2128 1376 2209; x_wconf 85' lang='lat' dir='ltr'><strong>subjecto,</strong></span> <span class='ocrx_word' id='word_1_209' title='bbox 1406 2127 1491 2208; x_wconf 86' lang='lat' dir='ltr'><strong>qnod</strong></span> <span class='ocrx_word' id='word_1_210' title='bbox 1507 2126 1634 2188; x_wconf 90' lang='lat' dir='ltr'><strong>revolu-</strong></span> 
     </span>
     <span class='ocr_line' id='line_1_21' title="bbox 277 2215 1630 2300; baseline -0.007 -18"><span class='ocrx_word' id='word_1_211' title='bbox 277 2220 409 2283; x_wconf 87' lang='lat' dir='ltr'><strong>tionibus</strong></span> <span class='ocrx_word' id='word_1_212' title='bbox 432 2217 608 2280; x_wconf 89' lang='lat' dir='ltr'><strong>variandum</strong></span> <span class='ocrx_word' id='word_1_213' title='bbox 631 2220 816 2300; x_wconf 88' lang='lat' dir='ltr'><strong>proponitur.</strong></span> <span class='ocrx_word' id='word_1_214' title='bbox 862 2217 1011 2282; x_wconf 82' lang='lat' dir='ltr'><strong>Similiter</strong></span> <span class='ocrx_word' id='word_1_215' title='bbox 1034 2238 1157 2283; x_wconf 88' lang='lat' dir='ltr'><strong>cansam</strong></span> <span class='ocrx_word' id='word_1_216' title='bbox 1172 2218 1276 2290; x_wconf 89' lang='lat' dir='ltr'><strong>habes,</strong></span> <span class='ocrx_word' id='word_1_217' title='bbox 1301 2237 1353 2280; x_wconf 90' lang='lat' dir='ltr'><strong>cur</strong></span> <span class='ocrx_word' id='word_1_218' title='bbox 1366 2218 1498 2278; x_wconf 91' lang='lat' dir='ltr'><strong>animam</strong></span> <span class='ocrx_word' id='word_1_219' title='bbox 1514 2215 1630 2277; x_wconf 87' lang='lat' dir='ltr'><strong>Terrae</strong></span> 
     </span>
     <span class='ocr_line' id='line_1_22' title="bbox 277 2301 1634 2389; baseline -0.008 -17"><span class='ocrx_word' id='word_1_220' title='bbox 277 2309 405 2372; x_wconf 87' lang='lat' dir='ltr'><strong>tribuam</strong></span> <span class='ocrx_word' id='word_1_221' title='bbox 433 2309 463 2370; x_wconf 92' lang='lat' dir='ltr'><strong>in</strong></span> <span class='ocrx_word' id='word_1_222' title='bbox 488 2305 670 2369; x_wconf 86' lang='lat' dir='ltr'><strong>Germanico</strong></span> <span class='ocrx_word' id='word_1_223' title='bbox 698 2310 811 2389; x_wconf 89' lang='lat' dir='ltr'><strong>scripto</strong></span> <span class='ocrx_word' id='word_1_224' title='bbox 839 2308 1025 2372; x_wconf 87' lang='lat' dir='ltr'><strong>brevissimis</strong></span> <span class='ocrx_word' id='word_1_225' title='bbox 1053 2308 1164 2371; x_wconf 89' lang='lat' dir='ltr'><strong>verbis.</strong></span> <span class='ocrx_word' id='word_1_226' title='bbox 1211 2308 1290 2370; x_wconf 85' lang='lat' dir='ltr'><strong>Nam</strong></span> <span class='ocrx_word' id='word_1_227' title='bbox 1318 2325 1367 2369; x_wconf 88' lang='lat' dir='ltr'><strong>res</strong></span> <span class='ocrx_word' id='word_1_228' title='bbox 1390 2307 1458 2384; x_wconf 86' lang='lat' dir='ltr'><strong>ipsa</strong></span> <span class='ocrx_word' id='word_1_229' title='bbox 1485 2303 1549 2367; x_wconf 87' lang='lat' dir='ltr'><strong>scio</strong></span> <span class='ocrx_word' id='word_1_230' title='bbox 1578 2301 1634 2364; x_wconf 94' lang='lat' dir='ltr'><strong>tibi</strong></span> 
     </span>
     <span class='ocr_line' id='line_1_23' title="bbox 276 2391 1635 2478; baseline -0.007 -17"><span class='ocrx_word' id='word_1_231' title='bbox 276 2418 335 2461; x_wconf 93' lang='lat' dir='ltr'><strong>non</strong></span> <span class='ocrx_word' id='word_1_232' title='bbox 358 2396 540 2478; x_wconf 85' lang='lat' dir='ltr'><strong>displicebit</strong></span> <span class='ocrx_word' id='word_1_233' title='bbox 585 2396 795 2459; x_wconf 86' lang='lat' dir='ltr'><strong>Fundamenta</strong></span> <span class='ocrx_word' id='word_1_234' title='bbox 823 2397 981 2461; x_wconf 87' lang='lat' dir='ltr'><strong>universae</strong></span> <span class='ocrx_word' id='word_1_235' title='bbox 1009 2398 1166 2460; x_wconf 89' lang='lat' dir='ltr'><strong>doctrinae</strong></span> <span class='ocrx_word' id='word_1_236' title='bbox 1188 2391 1448 2476; x_wconf 82' lang='lat' dir='ltr'><strong>&#39;meteorologicae</strong></span> <span class='ocrx_word' id='word_1_237' title='bbox 1479 2391 1635 2474; x_wconf 89' lang='lat' dir='ltr'><strong>proposui.</strong></span> 
     </span>
     <span class='ocr_line' id='line_1_24' title="bbox 277 2481 1634 2567; baseline -0.005 -17"><span class='ocrx_word' id='word_1_238' title='bbox 277 2487 355 2550; x_wconf 93' lang='lat' dir='ltr'><strong>lllnd</strong></span> <span class='ocrx_word' id='word_1_239' title='bbox 378 2486 519 2548; x_wconf 81' lang='lat' dir='ltr'><strong>existimo</strong></span> <span class='ocrx_word' id='word_1_240' title='bbox 542 2485 598 2547; x_wconf 92' lang='lat' dir='ltr'><strong>tibi</strong></span> <span class='ocrx_word' id='word_1_241' title='bbox 616 2485 779 2566; x_wconf 88' lang='lat' dir='ltr'><strong>jucundum</strong></span> <span class='ocrx_word' id='word_1_242' title='bbox 802 2488 893 2549; x_wconf 88' lang='lat' dir='ltr'><strong>etiarn</strong></span> <span class='ocrx_word' id='word_1_243' title='bbox 918 2488 996 2549; x_wconf 82' lang='lat' dir='ltr'><strong>fore:</strong></span> <span class='ocrx_word' id='word_1_244' title='bbox 1020 2487 1099 2567; x_wconf 92' lang='lat' dir='ltr'><strong>quod</strong></span> <span class='ocrx_word' id='word_1_245' title='bbox 1123 2506 1186 2548; x_wconf 91' lang='lat' dir='ltr'><strong>rem</strong></span> <span class='ocrx_word' id='word_1_246' title='bbox 1210 2484 1430 2567; x_wconf 87' lang='lat' dir='ltr'><strong>quotidianam,</strong></span> <span class='ocrx_word' id='word_1_247' title='bbox 1455 2481 1634 2545; x_wconf 89' lang='lat' dir='ltr'><strong>admiratio-</strong></span> 
     </span>
     <span class='ocr_line' id='line_1_25' title="bbox 276 2570 1636 2656; baseline -0.007 -18"><span class='ocrx_word' id='word_1_248' title='bbox 276 2576 323 2638; x_wconf 85' lang='lat' dir='ltr'><strong>nis</strong></span> <span class='ocrx_word' id='word_1_249' title='bbox 350 2583 453 2638; x_wconf 90' lang='lat' dir='ltr'><strong>tamsn</strong></span> <span class='ocrx_word' id='word_1_250' title='bbox 482 2574 631 2636; x_wconf 84' lang='lat' dir='ltr'><strong>maximae</strong></span> <span class='ocrx_word' id='word_1_251' title='bbox 662 2577 768 2656; x_wconf 91' lang='lat' dir='ltr'><strong>(qnam</strong></span> <span class='ocrx_word' id='word_1_252' title='bbox 796 2576 942 2656; x_wconf 88' lang='lat' dir='ltr'><strong>astrologi</strong></span> <span class='ocrx_word' id='word_1_253' title='bbox 966 2575 1245 2656; x_wconf 90' lang='lat' dir='ltr'><strong>superstitionibus,</strong></span> <span class='ocrx_word' id='word_1_254' title='bbox 1278 2572 1447 2654; x_wconf 87' lang='lat' dir='ltr'><strong>philosophi</strong></span> <span class='ocrx_word' id='word_1_255' title='bbox 1476 2570 1636 2633; x_wconf 89' lang='lat' dir='ltr'><strong>calumniis</strong></span> 
     </span>
     <span class='ocr_line' id='line_1_26' title="bbox 277 2659 1635 2746; baseline -0.006 -19"><span class='ocrx_word' id='word_1_256' title='bbox 277 2666 417 2740; x_wconf 91' lang='lat' dir='ltr'><strong>obruunt,</strong></span> <span class='ocrx_word' id='word_1_257' title='bbox 440 2671 476 2726; x_wconf 90' lang='lat' dir='ltr'><strong>nt</strong></span> <span class='ocrx_word' id='word_1_258' title='bbox 498 2663 644 2726; x_wconf 85' lang='lat' dir='ltr'><strong>hactenus</strong></span> <span class='ocrx_word' id='word_1_259' title='bbox 669 2684 687 2725; x_wconf 91' lang='lat' dir='ltr'><strong>a</strong></span> <span class='ocrx_word' id='word_1_260' title='bbox 709 2665 827 2727; x_wconf 89' lang='lat' dir='ltr'><strong>nemine</strong></span> <span class='ocrx_word' id='word_1_261' title='bbox 851 2667 1038 2746; x_wconf 88' lang='lat' dir='ltr'><strong>investigata</strong></span> <span class='ocrx_word' id='word_1_262' title='bbox 1061 2665 1118 2737; x_wconf 89' lang='lat' dir='ltr'><strong>sit)</strong></span> <span class='ocrx_word' id='word_1_263' title='bbox 1142 2664 1171 2726; x_wconf 92' lang='lat' dir='ltr'><strong>in</strong></span> <span class='ocrx_word' id='word_1_264' title='bbox 1195 2665 1291 2726; x_wconf 91' lang='lat' dir='ltr'><strong>lucem</strong></span> <span class='ocrx_word' id='word_1_265' title='bbox 1313 2663 1399 2735; x_wconf 88' lang='lat' dir='ltr'><strong>sisto,</strong></span> <span class='ocrx_word' id='word_1_266' title='bbox 1424 2662 1561 2742; x_wconf 91' lang='lat' dir='ltr'><strong>quodque</strong></span> <span class='ocrx_word' id='word_1_267' title='bbox 1578 2659 1635 2719; x_wconf 84' lang='lat' dir='ltr'><strong>hoc</strong></span> 
     </span>
     <span class='ocr_line' id='line_1_27' title="bbox 276 2751 1635 2834; baseline -0.005 -20"><span class='ocrx_word' id='word_1_268' title='bbox 276 2761 367 2834; x_wconf 91' lang='lat' dir='ltr'><strong>pacto</strong></span> <span class='ocrx_word' id='word_1_269' title='bbox 392 2752 609 2834; x_wconf 89' lang='lat' dir='ltr'><strong>quodammodo</strong></span> <span class='ocrx_word' id='word_1_270' title='bbox 639 2752 834 2834; x_wconf 90' lang='lat' dir='ltr'><strong>philosophos</strong></span> <span class='ocrx_word' id='word_1_271' title='bbox 864 2772 968 2816; x_wconf 91' lang='lat' dir='ltr'><strong>omnes</strong></span> <span class='ocrx_word' id='word_1_272' title='bbox 998 2753 1138 2816; x_wconf 88' lang='lat' dir='ltr'><strong>cohortor</strong></span> <span class='ocrx_word' id='word_1_273' title='bbox 1166 2754 1205 2814; x_wconf 88' lang='lat' dir='ltr'><strong>ad</strong></span> <span class='ocrx_word' id='word_1_274' title='bbox 1228 2751 1493 2831; x_wconf 89' lang='lat' dir='ltr'><strong>investigationem</strong></span> <span class='ocrx_word' id='word_1_275' title='bbox 1522 2768 1635 2810; x_wconf 90' lang='lat' dir='ltr'><strong>causa-</strong></span> 
     </span>
     <span class='ocr_line' id='line_1_28' title="bbox 277 2837 1636 2922; baseline -0.006 -17"><span class='ocrx_word' id='word_1_276' title='bbox 277 2861 356 2918; x_wconf 89' lang='lat' dir='ltr'><strong>rum,</strong></span> <span class='ocrx_word' id='word_1_277' title='bbox 385 2861 436 2904; x_wconf 88' lang='lat' dir='ltr'><strong>cur</strong></span> <span class='ocrx_word' id='word_1_278' title='bbox 454 2841 596 2920; x_wconf 87' lang='lat' dir='ltr'><strong>planetae</strong></span> <span class='ocrx_word' id='word_1_279' title='bbox 623 2860 677 2921; x_wconf 89' lang='lat' dir='ltr'><strong>per</strong></span> <span class='ocrx_word' id='word_1_280' title='bbox 705 2851 848 2921; x_wconf 87' lang='lat' dir='ltr'><strong>aspectus</strong></span> <span class='ocrx_word' id='word_1_281' title='bbox 876 2851 994 2905; x_wconf 81' lang='lat' dir='ltr'><strong>tautmn</strong></span> <span class='ocrx_word' id='word_1_282' title='bbox 1022 2848 1196 2922; x_wconf 88' lang='lat' dir='ltr'><strong>operentur,</strong></span> <span class='ocrx_word' id='word_1_283' title='bbox 1230 2861 1288 2903; x_wconf 94' lang='lat' dir='ltr'><strong>non</strong></span> <span class='ocrx_word' id='word_1_284' title='bbox 1317 2840 1390 2902; x_wconf 91' lang='lat' dir='ltr'><strong>item</strong></span> <span class='ocrx_word' id='word_1_285' title='bbox 1414 2841 1483 2913; x_wconf 93' lang='lat' dir='ltr'><strong>(aut</strong></span> <span class='ocrx_word' id='word_1_286' title='bbox 1505 2856 1565 2900; x_wconf 90' lang='lat' dir='ltr'><strong>non</strong></span> <span class='ocrx_word' id='word_1_287' title='bbox 1590 2837 1636 2897; x_wconf 91' lang='lat' dir='ltr'><strong>ita</strong></span> 
     </span>
     <span class='ocr_line' id='line_1_29' title="bbox 278 2928 1637 3011; baseline -0.007 -17"><span class='ocrx_word' id='word_1_288' title='bbox 278 2930 412 3004; x_wconf 82' lang='lat' dir='ltr'><strong>fortiter)</strong></span> <span class='ocrx_word' id='word_1_289' title='bbox 436 2949 490 3009; x_wconf 89' lang='lat' dir='ltr'><strong>per</strong></span> <span class='ocrx_word' id='word_1_290' title='bbox 512 2947 562 2991; x_wconf 86' lang='lat' dir='ltr'><strong>se:</strong></span> <span class='ocrx_word' id='word_1_291' title='bbox 587 2949 692 3010; x_wconf 91' lang='lat' dir='ltr'><strong>nempe</strong></span> <span class='ocrx_word' id='word_1_292' title='bbox 716 2939 751 2993; x_wconf 93' lang='lat' dir='ltr'><strong>nt</strong></span> <span class='ocrx_word' id='word_1_293' title='bbox 773 2932 911 3011; x_wconf 84' lang='lat' dir='ltr'><strong>exemplo</strong></span> <span class='ocrx_word' id='word_1_294' title='bbox 935 2942 1018 3008; x_wconf 89' lang='lat' dir='ltr'><strong>utar,</strong></span> <span class='ocrx_word' id='word_1_295' title='bbox 1050 2939 1196 2994; x_wconf 90' lang='lat' dir='ltr'><strong>curante</strong></span> <span class='ocrx_word' id='word_1_296' title='bbox 1220 2930 1371 2992; x_wconf 88' lang='lat' dir='ltr'><strong>octiduum</strong></span> <span class='ocrx_word' id='word_1_297' title='bbox 1395 2946 1461 2990; x_wconf 92' lang='lat' dir='ltr'><strong>cum</strong></span> <span class='ocrx_word' id='word_1_298' title='bbox 1485 2928 1637 2988; x_wconf 88' lang='lat' dir='ltr'><strong>distarent</strong></span> 
     </span>
     <span class='ocr_line' id='line_1_30' title="bbox 276 3015 1638 3100; baseline -0.006 -18"><span class='ocrx_word' id='word_1_299' title='bbox 276 3017 297 3098; x_wconf 73' lang='lat' dir='ltr'><strong>li</strong></span> <span class='ocrx_word' id='word_1_300' title='bbox 321 3029 354 3082; x_wconf 90' lang='lat' dir='ltr'><strong>et</strong></span> <span class='ocrx_word' id='word_1_301' title='bbox 377 3028 402 3090; x_wconf 75' lang='lat' dir='ltr'><strong>d</strong></span> <span class='ocrx_word' id='word_1_302' title='bbox 425 3038 469 3099; x_wconf 89' lang='lat' dir='ltr'><strong>gr.</strong></span> <span class='ocrx_word' id='word_1_303' title='bbox 494 3015 547 3092; x_wconf 84' lang='lat'><strong>50,</strong></span> <span class='ocrx_word' id='word_1_304' title='bbox 572 3038 630 3081; x_wconf 94' lang='lat' dir='ltr'><strong>non</strong></span> <span class='ocrx_word' id='word_1_305' title='bbox 654 3019 766 3081; x_wconf 86' lang='lat' dir='ltr'><strong>suerint</strong></span> <span class='ocrx_word' id='word_1_306' title='bbox 786 3021 908 3100; x_wconf 85' lang='lat' dir='ltr'><strong>pluviae</strong></span> <span class='ocrx_word' id='word_1_307' title='bbox 932 3028 964 3083; x_wconf 91' lang='lat' dir='ltr'><strong>et</strong></span> <span class='ocrx_word' id='word_1_308' title='bbox 986 3021 1113 3083; x_wconf 89' lang='lat' dir='ltr'><strong>nebulae</strong></span> <span class='ocrx_word' id='word_1_309' title='bbox 1136 3027 1169 3081; x_wconf 89' lang='lat' dir='ltr'><strong>et</strong></span> <span class='ocrx_word' id='word_1_310' title='bbox 1192 3020 1285 3094; x_wconf 90' lang='lat' dir='ltr'><strong>nives,</strong></span> <span class='ocrx_word' id='word_1_311' title='bbox 1315 3018 1403 3080; x_wconf 91' lang='lat' dir='ltr'><strong>bodie</strong></span> <span class='ocrx_word' id='word_1_312' title='bbox 1427 3035 1493 3079; x_wconf 92' lang='lat' dir='ltr'><strong>cum</strong></span> <span class='ocrx_word' id='word_1_313' title='bbox 1517 3015 1638 3077; x_wconf 90' lang='lat' dir='ltr'><strong>distant</strong></span> 
     </span>
     <span class='ocr_line' id='line_1_31' title="bbox 277 3104 1636 3189; baseline -0.007 -17"><span class='ocrx_word' id='word_1_314' title='bbox 277 3128 322 3189; x_wconf 88' lang='lat' dir='ltr'><strong>gr.</strong></span> <span class='ocrx_word' id='word_1_315' title='bbox 348 3104 401 3182; x_wconf 82' lang='lat'><strong>60,</strong></span> <span class='ocrx_word' id='word_1_316' title='bbox 425 3107 488 3168; x_wconf 92' lang='lat' dir='ltr'><strong>sint</strong></span> <span class='ocrx_word' id='word_1_317' title='bbox 510 3108 601 3169; x_wconf 84' lang='lat' dir='ltr'><strong>illae?</strong></span> <span class='ocrx_word' id='word_1_318' title='bbox 624 3127 690 3169; x_wconf 92' lang='lat' dir='ltr'><strong>cum</strong></span> <span class='ocrx_word' id='word_1_319' title='bbox 714 3117 815 3171; x_wconf 89' lang='lat' dir='ltr'><strong>tamen</strong></span> <span class='ocrx_word' id='word_1_320' title='bbox 838 3110 1016 3172; x_wconf 87' lang='lat' dir='ltr'><strong>tantundem</strong></span> <span class='ocrx_word' id='word_1_321' title='bbox 1041 3109 1115 3172; x_wconf 92' lang='lat' dir='ltr'><strong>lucis</strong></span> <span class='ocrx_word' id='word_1_322' title='bbox 1134 3108 1272 3189; x_wconf 88' lang='lat' dir='ltr'><strong>utrinqne</strong></span> <span class='ocrx_word' id='word_1_323' title='bbox 1286 3106 1429 3180; x_wconf 90' lang='lat' dir='ltr'><strong>habeant,</strong></span> <span class='ocrx_word' id='word_1_324' title='bbox 1455 3105 1636 3185; x_wconf 85' lang='lat' dir='ltr'><strong>eosdemque</strong></span> 
     </span>
     <span class='ocr_line' id='line_1_32' title="bbox 279 3193 1635 3275; baseline -0.004 -16"><span class='ocrx_word' id='word_1_325' title='bbox 279 3198 341 3259; x_wconf 88' lang='lat' dir='ltr'><strong>lere</strong></span> <span class='ocrx_word' id='word_1_326' title='bbox 365 3204 448 3258; x_wconf 74' lang='lat' dir='ltr'><strong>onus</strong></span> <span class='ocrx_word' id='word_1_327' title='bbox 472 3203 505 3256; x_wconf 90' lang='lat' dir='ltr'><strong>et</strong></span> <span class='ocrx_word' id='word_1_328' title='bbox 527 3214 654 3258; x_wconf 85' lang='lat' dir='ltr'><strong>occasus</strong></span> <span class='ocrx_word' id='word_1_329' title='bbox 676 3203 848 3260; x_wconf 46' lang='lat' dir='ltr'><strong>tueantnrs</strong></span> <span class='ocrx_word' id='word_1_330' title='bbox 875 3197 1006 3273; x_wconf 80' lang='lat' dir='ltr'><strong>Quarto,</strong></span> <span class='ocrx_word' id='word_1_331' title='bbox 1031 3199 1136 3260; x_wconf 87' lang='lat' dir='ltr'><strong>eadem</strong></span> <span class='ocrx_word' id='word_1_332' title='bbox 1151 3196 1458 3275; x_wconf 79' lang='lat' dir='ltr'><strong>excusatiopertiuet</strong></span> <span class='ocrx_word' id='word_1_333' title='bbox 1479 3194 1573 3255; x_wconf 90' lang='lat' dir='ltr'><strong>etiam</strong></span> <span class='ocrx_word' id='word_1_334' title='bbox 1597 3193 1635 3253; x_wconf 88' lang='lat' dir='ltr'><strong>ad</strong></span> 
     </span>
     <span class='ocr_line' id='line_1_33' title="bbox 278 3282 1637 3366; baseline -0.004 -19"><span class='ocrx_word' id='word_1_335' title='bbox 278 3285 474 3366; x_wconf 88' lang='lat' dir='ltr'><strong>appendicem</strong></span> <span class='ocrx_word' id='word_1_336' title='bbox 503 3284 540 3344; x_wconf 90' lang='lat' dir='ltr'><strong>de</strong></span> <span class='ocrx_word' id='word_1_337' title='bbox 563 3284 678 3365; x_wconf 89' lang='lat' dir='ltr'><strong>eclipsi.</strong></span> <span class='ocrx_word' id='word_1_338' title='bbox 733 3287 866 3365; x_wconf 86' lang='lat' dir='ltr'><strong>Magna</strong></span> <span class='ocrx_word' id='word_1_339' title='bbox 898 3307 974 3350; x_wconf 88' lang='lat' dir='ltr'><strong>snm</strong></span> <span class='ocrx_word' id='word_1_340' title='bbox 1005 3308 1091 3349; x_wconf 89' lang='lat' dir='ltr'><strong>usus</strong></span> <span class='ocrx_word' id='word_1_341' title='bbox 1126 3285 1380 3359; x_wconf 89' lang='lat' dir='ltr'><strong>immodestia,</strong></span> <span class='ocrx_word' id='word_1_342' title='bbox 1415 3284 1446 3345; x_wconf 93' lang='lat' dir='ltr'><strong>si</strong></span> <span class='ocrx_word' id='word_1_343' title='bbox 1478 3282 1637 3362; x_wconf 87' lang='lat' dir='ltr'><strong>prodeat</strong></span> 
     </span>
     <span class='ocr_line' id='line_1_34' title="bbox 276 3371 1635 3455; baseline -0.004 -18"><span class='ocrx_word' id='word_1_344' title='bbox 276 3375 345 3437; x_wconf 93' lang='lat' dir='ltr'><strong>hoc</strong></span> <span class='ocrx_word' id='word_1_345' title='bbox 375 3371 653 3454; x_wconf 85' lang='lat' dir='ltr'><strong>prognosticum</strong></span> <span class='ocrx_word' id='word_1_346' title='bbox 687 3372 720 3435; x_wconf 92' lang='lat' dir='ltr'><strong>iu</strong></span> <span class='ocrx_word' id='word_1_347' title='bbox 755 3372 999 3438; x_wconf 86' lang='lat' dir='ltr'><strong>Germaniam.</strong></span> <span class='ocrx_word' id='word_1_348' title='bbox 1053 3375 1241 3438; x_wconf 89' lang='lat' dir='ltr'><strong>Audacter</strong></span> <span class='ocrx_word' id='word_1_349' title='bbox 1271 3373 1471 3455; x_wconf 90' lang='lat' dir='ltr'><strong>polliceor,</strong></span> <span class='ocrx_word' id='word_1_350' title='bbox 1505 3379 1635 3433; x_wconf 88' lang='lat' dir='ltr'><strong>osteu-</strong></span> 
     </span>
     <span class='ocr_line' id='line_1_35' title="bbox 277 3458 1637 3545; baseline -0.004 -20"><span class='ocrx_word' id='word_1_351' title='bbox 277 3464 363 3526; x_wconf 89' lang='lat' dir='ltr'><strong>dere</strong></span> <span class='ocrx_word' id='word_1_352' title='bbox 386 3481 438 3525; x_wconf 90' lang='lat' dir='ltr'><strong>me</strong></span> <span class='ocrx_word' id='word_1_353' title='bbox 460 3480 572 3542; x_wconf 89' lang='lat' dir='ltr'><strong>posse</strong></span> <span class='ocrx_word' id='word_1_354' title='bbox 595 3468 795 3525; x_wconf 88' lang='lat' dir='ltr'><strong>tractatum</strong></span> <span class='ocrx_word' id='word_1_355' title='bbox 815 3463 999 3544; x_wconf 87' lang='lat' dir='ltr'><strong>integrum</strong></span> <span class='ocrx_word' id='word_1_356' title='bbox 1023 3465 1064 3527; x_wconf 91' lang='lat' dir='ltr'><strong>de</strong></span> <span class='ocrx_word' id='word_1_357' title='bbox 1088 3483 1143 3539; x_wconf 91' lang='lat' dir='ltr'><strong>ea,</strong></span> <span class='ocrx_word' id='word_1_358' title='bbox 1170 3465 1289 3545; x_wconf 87' lang='lat' dir='ltr'><strong>qualis</strong></span> <span class='ocrx_word' id='word_1_359' title='bbox 1312 3481 1398 3523; x_wconf 88' lang='lat' dir='ltr'><strong>vero</strong></span> <span class='ocrx_word' id='word_1_360' title='bbox 1423 3458 1637 3523; x_wconf 81' lang='lat' dir='ltr'><strong>tractatus?</strong></span> 
     </span>
     <span class='ocr_line' id='line_1_36' title="bbox 276 3546 1637 3634; baseline -0.006 -18"><span class='ocrx_word' id='word_1_361' title='bbox 276 3553 409 3617; x_wconf 90' lang='lat' dir='ltr'><strong>Nullus</strong></span> <span class='ocrx_word' id='word_1_362' title='bbox 433 3551 564 3627; x_wconf 90' lang='lat' dir='ltr'><strong>adhuc,</strong></span> <span class='ocrx_word' id='word_1_363' title='bbox 587 3551 621 3614; x_wconf 91' lang='lat' dir='ltr'><strong>si</strong></span> <span class='ocrx_word' id='word_1_364' title='bbox 644 3570 765 3615; x_wconf 91' lang='lat' dir='ltr'><strong>verum</strong></span> <span class='ocrx_word' id='word_1_365' title='bbox 790 3553 922 3616; x_wconf 85' lang='lat' dir='ltr'><strong>fatear.</strong></span> <span class='ocrx_word' id='word_1_366' title='bbox 969 3552 1030 3616; x_wconf 91' lang='lat' dir='ltr'><strong>Sed</strong></span> <span class='ocrx_word' id='word_1_367' title='bbox 1055 3560 1154 3615; x_wconf 91' lang='lat' dir='ltr'><strong>tamen</strong></span> <span class='ocrx_word' id='word_1_368' title='bbox 1180 3554 1205 3615; x_wconf 93' lang='lat' dir='ltr'><strong>si</strong></span> <span class='ocrx_word' id='word_1_369' title='bbox 1231 3554 1297 3634; x_wconf 90' lang='lat' dir='ltr'><strong>quis</strong></span> <span class='ocrx_word' id='word_1_370' title='bbox 1320 3556 1452 3631; x_wconf 89' lang='lat' dir='ltr'><strong>peteret,</strong></span> <span class='ocrx_word' id='word_1_371' title='bbox 1477 3546 1637 3610; x_wconf 90' lang='lat' dir='ltr'><strong>Maestlini</strong></span> 
     </span>
     <span class='ocr_line' id='line_1_37' title="bbox 276 3638 1637 3722; baseline -0.004 -19"><span class='ocrx_word' id='word_1_372' title='bbox 276 3643 384 3704; x_wconf 90' lang='lat' dir='ltr'><strong>literae</strong></span> <span class='ocrx_word' id='word_1_373' title='bbox 407 3658 462 3719; x_wconf 92' lang='lat' dir='ltr'><strong>pro</strong></span> <span class='ocrx_word' id='word_1_374' title='bbox 486 3659 534 3702; x_wconf 90' lang='lat' dir='ltr'><strong>me</strong></span> <span class='ocrx_word' id='word_1_375' title='bbox 557 3640 759 3722; x_wconf 91' lang='lat' dir='ltr'><strong>loquerentur,</strong></span> <span class='ocrx_word' id='word_1_376' title='bbox 785 3642 834 3703; x_wconf 93' lang='lat' dir='ltr'><strong>nbi</strong></span> <span class='ocrx_word' id='word_1_377' title='bbox 858 3643 986 3705; x_wconf 81' lang='lat' dir='ltr'><strong>maxime</strong></span> <span class='ocrx_word' id='word_1_378' title='bbox 1011 3662 1134 3704; x_wconf 90' lang='lat' dir='ltr'><strong>necesse</strong></span> <span class='ocrx_word' id='word_1_379' title='bbox 1158 3650 1251 3704; x_wconf 92' lang='lat' dir='ltr'><strong>esset.</strong></span> <span class='ocrx_word' id='word_1_380' title='bbox 1297 3641 1378 3703; x_wconf 90' lang='lat' dir='ltr'><strong>Nam</strong></span> <span class='ocrx_word' id='word_1_381' title='bbox 1404 3638 1509 3702; x_wconf 89' lang='lat' dir='ltr'><strong>statim</strong></span> <span class='ocrx_word' id='word_1_382' title='bbox 1532 3656 1637 3699; x_wconf 87' lang='lat' dir='ltr'><strong>mense</strong></span> 
     </span>
     <span class='ocr_line' id='line_1_38' title="bbox 277 3725 1635 3817; baseline -0.004 -24"><span class='ocrx_word' id='word_1_383' title='bbox 277 3730 389 3793; x_wconf 89' lang='lat' dir='ltr'><strong>Martio</strong></span> <span class='ocrx_word' id='word_1_384' title='bbox 423 3729 520 3817; x_wconf 78' lang='lat' dir='ltr'><strong>adhuc</strong></span> <span class='ocrx_word' id='word_1_385' title='bbox 550 3729 657 3809; x_wconf 85' lang='lat' dir='ltr'><strong>scripsi</strong></span> <span class='ocrx_word' id='word_1_386' title='bbox 688 3731 726 3791; x_wconf 92' lang='lat' dir='ltr'><strong>ad</strong></span> <span class='ocrx_word' id='word_1_387' title='bbox 750 3727 770 3794; x_wconf 90' lang='lat'><strong>3</strong></span> <span class='ocrx_word' id='word_1_388' title='bbox 794 3733 938 3812; x_wconf 89' lang='lat' dir='ltr'><strong>paginas,</strong></span> <span class='ocrx_word' id='word_1_389' title='bbox 972 3730 1145 3816; x_wconf 87' lang='lat' dir='ltr'><strong>petentibus</strong></span> <span class='ocrx_word' id='word_1_390' title='bbox 1173 3731 1218 3793; x_wconf 89' lang='lat' dir='ltr'><strong>ita</strong></span> <span class='ocrx_word' id='word_1_391' title='bbox 1247 3728 1424 3811; x_wconf 89' lang='lat' dir='ltr'><strong>quibusdam</strong></span> <span class='ocrx_word' id='word_1_392' title='bbox 1448 3725 1635 3800; x_wconf 84' lang='lat' dir='ltr'><strong>Abbatihus,</strong></span> 
     </span>
     <span class='ocr_line' id='line_1_39' title="bbox 278 3814 1636 3900; baseline -0.004 -19"><span class='ocrx_word' id='word_1_393' title='bbox 278 3818 333 3881; x_wconf 91' lang='lat' dir='ltr'><strong>sed</strong></span> <span class='ocrx_word' id='word_1_394' title='bbox 355 3817 541 3899; x_wconf 91' lang='lat' dir='ltr'><strong>populariter</strong></span> <span class='ocrx_word' id='word_1_395' title='bbox 575 3818 640 3879; x_wconf 88' lang='lat' dir='ltr'><strong>sine</strong></span> <span class='ocrx_word' id='word_1_396' title='bbox 669 3827 810 3898; x_wconf 88' lang='lat' dir='ltr'><strong>computo</strong></span> <span class='ocrx_word' id='word_1_397' title='bbox 838 3820 947 3882; x_wconf 90' lang='lat' dir='ltr'><strong>seriem</strong></span> <span class='ocrx_word' id='word_1_398' title='bbox 972 3821 1099 3900; x_wconf 82' lang='lat' dir='ltr'><strong>explicui</strong></span> <span class='ocrx_word' id='word_1_399' title='bbox 1129 3827 1219 3882; x_wconf 90' lang='lat' dir='ltr'><strong>natae</strong></span> <span class='ocrx_word' id='word_1_400' title='bbox 1244 3818 1392 3899; x_wconf 88' lang='lat' dir='ltr'><strong>paulatim</strong></span> <span class='ocrx_word' id='word_1_401' title='bbox 1415 3815 1492 3879; x_wconf 87' lang='lat' dir='ltr'><strong>artis</strong></span> <span class='ocrx_word' id='word_1_402' title='bbox 1515 3835 1553 3876; x_wconf 84' lang='lat' dir='ltr'><strong>ex</strong></span> <span class='ocrx_word' id='word_1_403' title='bbox 1578 3814 1636 3875; x_wconf 94' lang='lat' dir='ltr'><strong>ob-</strong></span> 
     </span>
     <span class='ocr_line' id='line_1_40' title="bbox 277 3905 1635 3989; baseline -0.004 -20"><span class='ocrx_word' id='word_1_404' title='bbox 277 3906 516 3988; x_wconf 89' lang='lat' dir='ltr'><strong>servationibus,</strong></span> <span class='ocrx_word' id='word_1_405' title='bbox 550 3905 776 3988; x_wconf 84' lang='lat' dir='ltr'><strong>hypothesibus,</strong></span> <span class='ocrx_word' id='word_1_406' title='bbox 801 3909 932 3982; x_wconf 90' lang='lat' dir='ltr'><strong>tabulis,</strong></span> <span class='ocrx_word' id='word_1_407' title='bbox 967 3909 1207 3989; x_wconf 86' lang='lat' dir='ltr'><strong>ephemeridibus</strong></span> <span class='ocrx_word' id='word_1_408' title='bbox 1235 3927 1328 3988; x_wconf 89' lang='lat' dir='ltr'><strong>usque</strong></span> <span class='ocrx_word' id='word_1_409' title='bbox 1360 3907 1397 3968; x_wconf 91' lang='lat' dir='ltr'><strong>ad</strong></span> <span class='ocrx_word' id='word_1_410' title='bbox 1420 3905 1635 3985; x_wconf 89' lang='lat' dir='ltr'><strong>prognostica:</strong></span> 
     </span>
     <span class='ocr_line' id='line_1_41' title="bbox 279 3992 1635 4074; baseline -0.004 -15"><span class='ocrx_word' id='word_1_411' title='bbox 279 3994 383 4058; x_wconf 91' lang='lat' dir='ltr'><strong>addidi</strong></span> <span class='ocrx_word' id='word_1_412' title='bbox 407 3994 641 4074; x_wconf 89' lang='lat' dir='ltr'><strong>descriptionem</strong></span> <span class='ocrx_word' id='word_1_413' title='bbox 665 4015 751 4058; x_wconf 89' lang='lat' dir='ltr'><strong>meae</strong></span> <span class='ocrx_word' id='word_1_414' title='bbox 775 3996 1014 4071; x_wconf 86' lang='lat' dir='ltr'><strong>observationis,</strong></span> <span class='ocrx_word' id='word_1_415' title='bbox 1039 3999 1139 4060; x_wconf 88' lang='lat' dir='ltr'><strong>omnia</strong></span> <span class='ocrx_word' id='word_1_416' title='bbox 1162 3997 1200 4059; x_wconf 91' lang='lat' dir='ltr'><strong>ad</strong></span> <span class='ocrx_word' id='word_1_417' title='bbox 1225 4016 1322 4060; x_wconf 90' lang='lat' dir='ltr'><strong>meum</strong></span> <span class='ocrx_word' id='word_1_418' title='bbox 1346 3994 1533 4057; x_wconf 85' lang='lat' dir='ltr'><strong>cominodnm</strong></span> <span class='ocrx_word' id='word_1_419' title='bbox 1556 3992 1635 4054; x_wconf 92' lang='lat' dir='ltr'><strong>mei-</strong></span> 
     </span>
     <span class='ocr_line' id='line_1_42' title="bbox 278 4079 1636 4167; baseline -0.004 -19"><span class='ocrx_word' id='word_1_420' title='bbox 278 4104 334 4167; x_wconf 88' lang='lat' dir='ltr'><strong>que</strong></span> <span class='ocrx_word' id='word_1_421' title='bbox 359 4082 449 4145; x_wconf 83' lang='lat' dir='ltr'><strong>officii</strong></span> <span class='ocrx_word' id='word_1_422' title='bbox 479 4084 684 4146; x_wconf 81' lang='lat' dir='ltr'><strong>fundationem</strong></span> <span class='ocrx_word' id='word_1_423' title='bbox 714 4085 818 4148; x_wconf 83' lang='lat' dir='ltr'><strong>direxi.</strong></span> <span class='ocrx_word' id='word_1_424' title='bbox 864 4087 961 4149; x_wconf 91' lang='lat' dir='ltr'><strong>Nemo</strong></span> <span class='ocrx_word' id='word_1_425' title='bbox 994 4095 1095 4149; x_wconf 88' lang='lat' dir='ltr'><strong>tamen</strong></span> <span class='ocrx_word' id='word_1_426' title='bbox 1124 4086 1154 4147; x_wconf 89' lang='lat' dir='ltr'><strong>id</strong></span> <span class='ocrx_word' id='word_1_427' title='bbox 1188 4086 1266 4165; x_wconf 89' lang='lat' dir='ltr'><strong>quod</strong></span> <span class='ocrx_word' id='word_1_428' title='bbox 1300 4084 1407 4164; x_wconf 89' lang='lat' dir='ltr'><strong>scripsi</strong></span> <span class='ocrx_word' id='word_1_429' title='bbox 1437 4083 1522 4144; x_wconf 89' lang='lat' dir='ltr'><strong>vidit.</strong></span> <span class='ocrx_word' id='word_1_430' title='bbox 1571 4079 1636 4142; x_wconf 90' lang='lat' dir='ltr'><strong>Sed</strong></span> 
     </span>
     <span class='ocr_line' id='line_1_43' title="bbox 277 4170 1636 4256; baseline -0.005 -19"><span class='ocrx_word' id='word_1_431' title='bbox 277 4174 375 4254; x_wconf 89' lang='lat' dir='ltr'><strong>maj0r</strong></span> <span class='ocrx_word' id='word_1_432' title='bbox 404 4171 546 4235; x_wconf 82' lang='lat' dir='ltr'><strong>fortassis</strong></span> <span class='ocrx_word' id='word_1_433' title='bbox 575 4173 703 4236; x_wconf 89' lang='lat' dir='ltr'><strong>andacia</strong></span> <span class='ocrx_word' id='word_1_434' title='bbox 732 4172 954 4255; x_wconf 76' lang='lat' dir='ltr'><strong>interponentis</strong></span> <span class='ocrx_word' id='word_1_435' title='bbox 982 4195 1050 4237; x_wconf 90' lang='lat' dir='ltr'><strong>sess</strong></span> <span class='ocrx_word' id='word_1_436' title='bbox 1083 4176 1163 4237; x_wconf 91' lang='lat' dir='ltr'><strong>iuter</strong></span> <span class='ocrx_word' id='word_1_437' title='bbox 1190 4175 1345 4256; x_wconf 89' lang='lat' dir='ltr'><strong>opiniones</strong></span> <span class='ocrx_word' id='word_1_438' title='bbox 1373 4172 1530 4235; x_wconf 83' lang='lat' dir='ltr'><strong>artificum.</strong></span> <span class='ocrx_word' id='word_1_439' title='bbox 1577 4170 1636 4231; x_wconf 86' lang='lat' dir='ltr'><strong>Hic</strong></span> 
     </span>
     <span class='ocr_line' id='line_1_44' title="bbox 278 4259 1637 4345; baseline -0.005 -19"><span class='ocrx_word' id='word_1_440' title='bbox 278 4264 356 4326; x_wconf 90' lang='lat' dir='ltr'><strong>enim</strong></span> <span class='ocrx_word' id='word_1_441' title='bbox 380 4281 437 4324; x_wconf 93' lang='lat' dir='ltr'><strong>non</strong></span> <span class='ocrx_word' id='word_1_442' title='bbox 461 4268 597 4332; x_wconf 73' lang='lat' dir='ltr'><strong>aarum,</strong></span> <span class='ocrx_word' id='word_1_443' title='bbox 622 4263 700 4344; x_wconf 91' lang='lat' dir='ltr'><strong>qnod</strong></span> <span class='ocrx_word' id='word_1_444' title='bbox 723 4262 785 4325; x_wconf 89' lang='lat' dir='ltr'><strong>ista</strong></span> <span class='ocrx_word' id='word_1_445' title='bbox 801 4264 965 4327; x_wconf 87' lang='lat' dir='ltr'><strong>vernacula</strong></span> <span class='ocrx_word' id='word_1_446' title='bbox 987 4265 1091 4345; x_wconf 88' lang='lat' dir='ltr'><strong>lingua</strong></span> <span class='ocrx_word' id='word_1_447' title='bbox 1114 4264 1257 4339; x_wconf 90' lang='lat' dir='ltr'><strong>scribam,</strong></span> <span class='ocrx_word' id='word_1_448' title='bbox 1282 4263 1337 4325; x_wconf 94' lang='lat' dir='ltr'><strong>sed</strong></span> <span class='ocrx_word' id='word_1_449' title='bbox 1361 4262 1463 4334; x_wconf 88' lang='lat' dir='ltr'><strong>etiam,</strong></span> <span class='ocrx_word' id='word_1_450' title='bbox 1489 4259 1567 4340; x_wconf 91' lang='lat' dir='ltr'><strong>qnod</strong></span> <span class='ocrx_word' id='word_1_451' title='bbox 1592 4260 1637 4320; x_wconf 91' lang='lat' dir='ltr'><strong>ita</strong></span> 
     </span>
     <span class='ocr_line' id='line_1_45' title="bbox 278 4346 1638 4429; baseline -0.004 -16"><span class='ocrx_word' id='word_1_452' title='bbox 278 4352 419 4426; x_wconf 89' lang='lat' dir='ltr'><strong>sentiam,</strong></span> <span class='ocrx_word' id='word_1_453' title='bbox 442 4349 610 4414; x_wconf 88' lang='lat' dir='ltr'><strong>miraberis.</strong></span> <span class='ocrx_word' id='word_1_454' title='bbox 657 4353 788 4415; x_wconf 83' lang='lat' dir='ltr'><strong>Feceras</strong></span> <span class='ocrx_word' id='word_1_455' title='bbox 810 4359 843 4415; x_wconf 88' lang='lat' dir='ltr'><strong>tn</strong></span> <span class='ocrx_word' id='word_1_456' title='bbox 867 4354 1048 4416; x_wconf 89' lang='lat' dir='ltr'><strong>mentionem</strong></span> <span class='ocrx_word' id='word_1_457' title='bbox 1072 4352 1170 4415; x_wconf 90' lang='lat' dir='ltr'><strong>obiter</strong></span> <span class='ocrx_word' id='word_1_458' title='bbox 1188 4352 1396 4415; x_wconf 82' lang='lat' dir='ltr'><strong>diminuendos</strong></span> <span class='ocrx_word' id='word_1_459' title='bbox 1415 4346 1638 4429; x_wconf 71' lang='grc' dir='ltr'>ι’κκιηροτητος</span> 
     </span>
     <span class='ocr_line' id='line_1_46' title="bbox 278 4436 1635 4521; baseline -0.005 -16"><span class='ocrx_word' id='word_1_460' title='bbox 278 4440 409 4515; x_wconf 87' lang='lat' dir='ltr'><strong>Solaria,</strong></span> <span class='ocrx_word' id='word_1_461' title='bbox 442 4459 502 4521; x_wconf 90' lang='lat' dir='ltr'><strong>qua</strong></span> <span class='ocrx_word' id='word_1_462' title='bbox 531 4449 564 4504; x_wconf 88' lang='lat' dir='ltr'><strong>et</strong></span> <span class='ocrx_word' id='word_1_463' title='bbox 585 4445 863 4520; x_wconf 70' lang='lat' dir='ltr'><strong>apocdoqcapacae</strong></span> <span class='ocrx_word' id='word_1_464' title='bbox 888 4441 1131 4506; x_wconf 87' lang='lat' dir='ltr'><strong>diminuerentur.</strong></span> <span class='ocrx_word' id='word_1_465' title='bbox 1178 4443 1213 4504; x_wconf 94' lang='lat' dir='ltr'><strong>ld</strong></span> <span class='ocrx_word' id='word_1_466' title='bbox 1242 4460 1298 4521; x_wconf 88' lang='lat' dir='ltr'><strong>ego</strong></span> <span class='ocrx_word' id='word_1_467' title='bbox 1326 4439 1370 4503; x_wconf 91' lang='lat' dir='ltr'><strong>uti</strong></span> <span class='ocrx_word' id='word_1_468' title='bbox 1394 4439 1493 4501; x_wconf 89' lang='lat' dir='ltr'><strong>obiter</strong></span> <span class='ocrx_word' id='word_1_469' title='bbox 1512 4436 1635 4517; x_wconf 90' lang='lat' dir='ltr'><strong>arripui,</strong></span> 
     </span>
     <span class='ocr_line' id='line_1_47' title="bbox 278 4526 1636 4612; baseline -0.004 -20"><span class='ocrx_word' id='word_1_470' title='bbox 278 4530 322 4592; x_wconf 89' lang='lat' dir='ltr'><strong>sic</strong></span> <span class='ocrx_word' id='word_1_471' title='bbox 345 4529 439 4592; x_wconf 84' lang='lat' dir='ltr'><strong>etiam</strong></span> <span class='ocrx_word' id='word_1_472' title='bbox 462 4528 560 4592; x_wconf 90' lang='lat' dir='ltr'><strong>obiter</strong></span> <span class='ocrx_word' id='word_1_473' title='bbox 574 4530 756 4604; x_wconf 87' lang='lat' dir='ltr'><strong>confirmavi,</strong></span> <span class='ocrx_word' id='word_1_474' title='bbox 781 4530 908 4593; x_wconf 88' lang='lat' dir='ltr'><strong>dicendo</strong></span> <span class='ocrx_word' id='word_1_475' title='bbox 931 4549 969 4592; x_wconf 83' lang='lat' dir='ltr'><strong>ex</strong></span> <span class='ocrx_word' id='word_1_476' title='bbox 992 4530 1196 4612; x_wconf 89' lang='lat' dir='ltr'><strong>magnitudine</strong></span> <span class='ocrx_word' id='word_1_477' title='bbox 1217 4531 1345 4593; x_wconf 90' lang='lat' dir='ltr'><strong>aestatis</strong></span> <span class='ocrx_word' id='word_1_478' title='bbox 1360 4548 1418 4591; x_wconf 90' lang='lat' dir='ltr'><strong>non</strong></span> <span class='ocrx_word' id='word_1_479' title='bbox 1434 4547 1524 4608; x_wconf 88' lang='lat' dir='ltr'><strong>posse</strong></span> <span class='ocrx_word' id='word_1_480' title='bbox 1539 4526 1636 4587; x_wconf 89' lang='lat' dir='ltr'><strong>statui</strong></span> 
     </span>
     <span class='ocr_line' id='line_1_48' title="bbox 279 4615 1637 4700; baseline -0.004 -19"><span class='ocrx_word' id='word_1_481' title='bbox 279 4619 316 4681; x_wconf 88' lang='lat' dir='ltr'><strong>de</strong></span> <span class='ocrx_word' id='word_1_482' title='bbox 340 4616 577 4694; x_wconf 87' lang='lat' dir='ltr'><strong>occentricitate,</strong></span> <span class='ocrx_word' id='word_1_483' title='bbox 601 4626 726 4700; x_wconf 81' lang='lat' dir='ltr'><strong>propter</strong></span> <span class='ocrx_word' id='word_1_484' title='bbox 749 4620 921 4700; x_wconf 79' lang='lat' dir='ltr'><strong>analogiam</strong></span> <span class='ocrx_word' id='word_1_485' title='bbox 945 4620 1131 4700; x_wconf 89' lang='lat' dir='ltr'><strong>superiorum</strong></span> <span class='ocrx_word' id='word_1_486' title='bbox 1159 4619 1348 4699; x_wconf 86' lang='lat' dir='ltr'><strong>planetarum</strong></span> <span class='ocrx_word' id='word_1_487' title='bbox 1372 4618 1402 4678; x_wconf 91' lang='lat' dir='ltr'><strong>in</strong></span> <span class='ocrx_word' id='word_1_488' title='bbox 1426 4615 1637 4697; x_wconf 90' lang='lat' dir='ltr'><strong>aequantibus,</strong></span> 
     </span>
     <span class='ocr_line' id='line_1_49' title="bbox 280 4703 1636 4789; baseline -0.004 -19"><span class='ocrx_word' id='word_1_489' title='bbox 280 4726 357 4788; x_wconf 89' lang='lat' dir='ltr'><strong>quae</strong></span> <span class='ocrx_word' id='word_1_490' title='bbox 379 4706 482 4786; x_wconf 88' lang='lat' dir='ltr'><strong>utique</strong></span> <span class='ocrx_word' id='word_1_491' title='bbox 506 4708 599 4771; x_wconf 88' lang='lat' dir='ltr'><strong>etiarn</strong></span> <span class='ocrx_word' id='word_1_492' title='bbox 621 4706 726 4771; x_wconf 89' lang='lat' dir='ltr'><strong>Solem</strong></span> <span class='ocrx_word' id='word_1_493' title='bbox 748 4717 867 4783; x_wconf 88' lang='lat' dir='ltr'><strong>teneat,</strong></span> <span class='ocrx_word' id='word_1_494' title='bbox 892 4708 919 4769; x_wconf 91' lang='lat' dir='ltr'><strong>si</strong></span> <span class='ocrx_word' id='word_1_495' title='bbox 942 4709 1076 4773; x_wconf 90' lang='lat' dir='ltr'><strong>rationes</strong></span> <span class='ocrx_word' id='word_1_496' title='bbox 1099 4709 1323 4789; x_wconf 84' lang='lat' dir='ltr'><strong>philosophicas</strong></span> <span class='ocrx_word' id='word_1_497' title='bbox 1347 4724 1519 4788; x_wconf 88' lang='lat' dir='ltr'><strong>sequamur.</strong></span> <span class='ocrx_word' id='word_1_498' title='bbox 1566 4703 1636 4765; x_wconf 91' lang='lat' dir='ltr'><strong>Ve-</strong></span> 
     </span>
     <span class='ocr_line' id='line_1_50' title="bbox 279 4796 1634 4879; baseline -0.003 -21"><span class='ocrx_word' id='word_1_499' title='bbox 279 4815 345 4858; x_wconf 93' lang='lat' dir='ltr'><strong>rum</strong></span> <span class='ocrx_word' id='word_1_500' title='bbox 368 4796 438 4858; x_wconf 88' lang='lat' dir='ltr'><strong>duur</strong></span> <span class='ocrx_word' id='word_1_501' title='bbox 460 4796 537 4860; x_wconf 88' lang='lat' dir='ltr'><strong>bene</strong></span> <span class='ocrx_word' id='word_1_502' title='bbox 550 4797 712 4878; x_wconf 89' lang='lat' dir='ltr'><strong>perpendo,</strong></span> <span class='ocrx_word' id='word_1_503' title='bbox 737 4797 857 4860; x_wconf 89' lang='lat' dir='ltr'><strong>invenio</strong></span> <span class='ocrx_word' id='word_1_504' title='bbox 881 4797 920 4860; x_wconf 91' lang='lat' dir='ltr'><strong>ad</strong></span> <span class='ocrx_word' id='word_1_505' title='bbox 939 4799 1107 4879; x_wconf 89' lang='lat' dir='ltr'><strong>juvandum</strong></span> <span class='ocrx_word' id='word_1_506' title='bbox 1122 4798 1269 4861; x_wconf 88' lang='lat' dir='ltr'><strong>calculum</strong></span> <span class='ocrx_word' id='word_1_507' title='bbox 1286 4796 1497 4860; x_wconf 86' lang='lat' dir='ltr'><strong>vernalinmet</strong></span> <span class='ocrx_word' id='word_1_508' title='bbox 1512 4800 1634 4855; x_wconf 91' lang='lat' dir='ltr'><strong>autum·</strong></span> 
     </span>
    </p>
   </div>
   <div class='ocr_carea' id='block_1_3' title="bbox 0 0 1815 5634">
    <p class='ocr_par' dir='ltr' id='par_1_3' title="bbox 0 0 1815 5634">
     <span class='ocr_line' id='line_1_51' title="bbox 0 0 1815 5634; baseline 0 0"><span class='ocrx_word' id='word_1_509' title='bbox 0 0 1815 5634; x_wconf 95' lang='lat' dir='ltr'><strong> </strong></span> 
     </span>
    </p>
   </div>
  </div>
 </body>
</html>
