3609 5634
788 340 870 404 cous
887 341 943 398 ¹11·
1480 341 1547 426 ,tall

181 501 335 555 carendum
349 501 393 554 hic
408 516 426 553 a
440 499 591 554 collusione
606 500 662 554 ista
675 501 870 568 accidentaria,
893 505 965 574 quod
979 503 1063 559 etiam
1077 504 1186 560 sextilis
1201 503 1238 560 sit
1251 503 1377 575 praecise
1391 503 1548 560 dimidiatus

180 579 282 642 trinus,
304 588 334 633 et
357 579 467 634 sextilis
491 578 592 633 tertiae
607 581 682 634 molli
706 583 882 651 respondeat.
924 572 1007 639 Nam'
1019 585 1098 639 docui
1112 602 1173 654 cap.
1190 584 1217 639 6.
1241 583 1290 638 lib.
1306 583 1353 637 IV.
1368 584 1547 640 Harmonice·

181 675 252 722 rum,
278 660 374 714 sextili
387 661 554 730 respondere
568 677 623 714 non
637 661 748 715 tertiam
762 663 880 727 mollem,
902 666 950 717 sed
969 664 1099 733 diapente
1119 664 1354 734 epidisdiapason:
1379 664 1468 734 ipsam
1481 682 1547 720 vero

181 740 301 796 tertiam.
310 740 420 794 mollem
434 756 601 794 communem
615 758 677 794 esse
691 741 815 796 sobolem
833 751 890 798 tam
910 743 1118 816 quinquanguli
1141 760 1223 815 quam
1237 744 1396 815 sexanguli,
1419 744 1485 815 quia
1504 745 1548 799 hls

181 819 303 873 numeris
319 820 345 884 5,
367 822 385 875 6
407 819 654 890 comprehenditur.
696 822 801 891 Estque
821 840 907 877 causa
929 824 1121 888 diversissima,
1146 840 1217 896 quae
1236 824 1336 879 uinum
1355 825 1381 878 in
1401 826 1468 879 dnos
1483 842 1548 896 per·

181 899 272 953 lectos
286 900 404 954 sextiles
419 899 515 954 dividit
538 901 573 954 ab
589 899 639 954 illa
654 917 747 965 causa,
771 919 843 973 quae
858 904 988 974 diapente
1012 905 1123 959 induas
1138 904 1246 968 tertias,
1270 903 1404 972 majorem
1419 911 1449 958 et
1462 905 1547 962 miuo-

181 997 241 1034 rem
259 979 363 1035 dividit
405 980 434 1035 Id
449 979 556 1050 quidem
570 982 615 1034 vel
640 999 675 1035 ex
690 982 743 1035 hoc
758 990 885 1052 apparet,
912 985 982 1054 quod
1003 991 1100 1054 partes
1125 993 1190 1039 sunt
1209 984 1266 1038 illic
1280 985 1421 1054 aequales,
1443 984 1488 1039 hio
1506 985 1546 1039 iu·

180 1060 324 1130 aequales.
366 1059 443 1114 Nihil
465 1059 552 1131 igitur
566 1061 722 1114 detrahitur
741 1061 880 1117 nobilitati
902 1064 1003 1118 tertiae
1017 1065 1111 1129 dorae,
1136 1065 1207 1118 nihil
1221 1065 1327 1118 accedit
1346 1065 1447 1118 tertiae
1460 1064 1545 1129 molli,

182 1141 255 1210 quod
270 1139 379 1194 sextilis
393 1147 438 1194 est
451 1139 588 1196 dimidium
601 1142 635 1194 de
650 1141 730 1205 trino,
747 1142 870 1213 quintilis
885 1161 938 1197 noo
953 1143 1032 1207 item
1047 1152 1077 1198 et
1091 1150 1187 1215 posset
1199 1162 1255 1198 non
1267 1143 1379 1198 minoris
1393 1144 1447 1198 hoc
1461 1144 1544 1198 nesti·

181 1220 259 1284 mari,
284 1222 355 1291 quod
379 1220 501 1290 quintilis
525 1220 563 1274 sit
576 1221 714 1275 dimidium
736 1224 769 1276 de
794 1222 931 1293 biqnintili
955 1222 1003 1279 do.
1044 1225 1177 1295 Equidem
1201 1242 1256 1279 non
1277 1222 1389 1282 minima
1411 1239 1477 1294 pars
1501 1230 1545 1282 est

181 1301 314 1354 solertiae
328 1301 365 1354 ab
379 1299 534 1371 hujusmodi
550 1291 725 1355 concursibus
740 1302 931 1357 accidentariis
946 1320 1053 1368 cavere,
1071 1304 1129 1375 qui,
1153 1310 1185 1358 ut
1207 1305 1344 1378 quondam
1356 1303 1436 1358 Siren
1449 1303 1545 1376 Sicula

181 1378 349 1452 navigantes
365 1388 457 1444 cantu,
479 1381 519 1433 sio
534 1380 585 1451 ipsi
600 1381 830 1451 philosophantes
845 1383 992 1454 voluptate
1014 1384 1176 1455 apparentis
1194 1382 1405 1454 pulchritudinis
1429 1384 1543 1454 aptique

180 1469 330 1530 responsus
346 1455 383 1528 (si
398 1460 505 1531 quidem
525 1459 571 1514 hic
585 1461 788 1515 adhaerescunt
802 1463 983 1518 admiratione
999 1465 1082 1536 capti,
1105 1464 1152 1518 ubi
1169 1480 1255 1518 causa
1277 1461 1356 1517 nulla
1369 1471 1414 1517 est
1427 1461 1543 1536 alterius

181 1531 210 1593 ln
223 1534 329 1608 altero)
344 1541 475 1604 detinent,
490 1551 524 1594 ut
537 1542 571 1595 ad
587 1558 699 1610 scopum
712 1542 888 1611 praefinitum
902 1543 1035 1598 scientiae
1049 1545 1194 1614 pervenire
1209 1562 1263 1599 non
1277 1541 1392 1613 possint
1508 1545 1513 1549 ’

225 1674 228 1678 ,
262 1620 366 1684 Quinta
381 1628 526 1674 causaest
548 1622 663 1692 effectus
679 1622 816 1675 secundae
840 1631 869 1676 et
883 1623 975 1686 efficit,
1000 1633 1031 1678 ut
1048 1624 1170 1695 quintilis
1195 1622 1380 1693 imperfectior
1403 1629 1542 1693 aspectus,

180 1702 267 1754 tertia
280 1702 349 1753 dura
371 1699 557 1770 imperfectior
571 1694 677 1771 (potius
701 1701 816 1756 alterins
840 1698 966 1774 generis)
981 1703 1163 1758 consonantia
1185 1703 1236 1758 sit:
1257 1719 1311 1757 non
1329 1701 1422 1766 efficit,
1449 1709 1481 1756 nt
1495 1702 1544 1756 ille

146 1779 151 1784 ’
180 1787 312 1851 aspectos
335 1781 418 1850 plane
441 1779 544 1835 nullius
567 1780 713 1842 efficaciae,
737 1782 808 1836 haec
822 1784 1004 1838 consonantis
1028 1784 1130 1838 nullius
1145 1785 1183 1838 sit
1196 1780 1354 1839 suavitatis.
1396 1783 1468 1836 Nam
1490 1781 1544 1837 hos

108 1882 115 1886 ·
175 1858 237 1929 jam
260 1861 360 1914 dudum
382 1862 415 1914 de
439 1861 562 1914 omnibus
587 1861 705 1932 quinque
729 1847 930 1929 objectionibus
954 1870 1017 1918 orat
1039 1863 1196 1926 dicendum
1218 1865 1289 1935 quod
1313 1861 1336 1917 si
1355 1862 1491 1927 valerent,
1515 1862 1544 1916 in

178 1937 284 1998 husim
308 1956 396 2012 aeque
419 1941 547 1996 valerent
570 1956 605 1994 ac
627 1942 654 1995 in
678 1941 792 2013 negotio
815 1950 992 2012 aspectuum:
1017 1961 1067 1998 nec
1090 1945 1162 1999 ratio
1187 1944 1247 2002 ulla
1265 1941 1396 2007 redditur,
1419 1958 1468 1997 cur
1487 1942 1543 2002 hta

178 2037 284 2076 causae
304 2021 420 2076 valeant
441 2020 504 2083 illic,
527 2038 583 2076 uon
602 2022 716 2076 valeant
729 2022 782 2076 hio.

259 2098 313 2173 gg)
334 2101 378 2154 De
392 2101 545 2172 coangum
566 2103 652 2156 stella
673 2118 718 2156 res
733 2107 777 2156 eat
791 2102 857 2157 alia.
900 2102 956 2157 Cur
975 2103 1047 2158 enim
1070 2102 1121 2157 illa
1142 2120 1203 2158 cnm
1222 2105 1371 2175 sesquadro
1386 2101 1544 2178 eliminetur

179 2195 229 2244 teu
243 2182 333 2254 magis
348 2188 534 2251 postponatur
547 2197 583 2235 ex
599 2182 767 2252 aspectibus,
791 2200 845 2237 uon
868 2182 935 2236 item
954 2201 969 2235 e
989 2183 1093 2240 musica
1109 2183 1266 2238 eliminetur
1288 2190 1374 2237 sexta
1396 2181 1483 2237 minor
1505 2199 1543 2238 ex

178 2261 331 2335 octangulo
345 2268 426 2316 nota:
450 2259 511 2330 ejus
525 2261 565 2315 rei
581 2278 679 2315 causas
694 2279 748 2332 ego
763 2263 887 2332 explicui
908 2262 958 2318 lib.
974 2263 1022 2318 IV.
1036 2264 1169 2318 Hermon.
1186 2278 1247 2333 cap.
1264 2263 1290 2317 6.
1332 2262 1445 2317 Scilicet
1458 2262 1543 2318 etiam

177 2344 253 2414 ¹eirca
266 2343 338 2396 huno
352 2357 443 2412 aequa
457 2342 526 2395 finnt
552 2341 651 2396 tamin
664 2341 768 2395 musica
782 2358 864 2412 quam
887 2342 960 2396 inter
973 2333 1112 2414 aspectus,
1137 2345 1228 2415 quoad
1250 2342 1442 2413 proportiones
1466 2342 1542 2412 ipsas

178 2413 198 2477 3
213 2428 243 2477 et
258 2421 274 2476 5
295 2423 329 2476 ad
344 2421 375 2485 8,
401 2428 465 2475 sunt
483 2421 555 2476 euim
573 2421 701 2492 utrinqne
715 2422 803 2475 viles:
828 2429 859 2476 at
879 2431 994 2493 prtpter
1008 2439 1167 2477 concursum
1190 2423 1219 2478 in
1235 2438 1293 2476 una
1315 2422 1436 2476 sectione
1459 2423 1542 2477 trium

178 2501 386 2575 proportionum
401 2500 431 2565 3,
449 2502 466 2554 5
481 2506 511 2554 et
525 2501 556 2565 5,
573 2501 591 2557 8
605 2510 636 2555 et
649 2500 728 2566 3,“8,
753 2501 831 2571 cujus
845 2503 918 2557 ratio
940 2503 1013 2556 inter
1031 2510 1161 2572 aspectus
1180 2502 1302 2556 habetur
1315 2502 1400 2565 nulla,
1424 2502 1543 2556 nobilior

179 2588 224 2637 est
244 2581 315 2636 haec
335 2581 500 2652 octogonica
520 2587 598 2635 secta
617 2581 645 2635 in
670 2580 782 2635 musica.

176 2713 180 2718 ,
258 2656 311 2729 uh)
332 2662 389 2715 Imo
412 2677 478 2715 vero
492 2668 522 2714 et
540 2661 586 2715 hio
609 2669 751 2732 operatur,
775 2666 848 2715 teste
863 2660 1040 2730 experientia
1061 2666 1092 2715 et
1112 2660 1279 2714 contrariam
1299 2658 1477 2731 octangnlari
1491 2675 1540 2715 ex·

177 2742 285 2813 peritur
298 2742 436 2796 tortumam
455 2741 482 2794 in
502 2741 619 2803 musioa;
643 2743 748 2796 nullam
762 2741 834 2796 enim
848 2741 998 2795 sectionem
1015 2740 1185 2810 peculiarem
1199 2739 1355 2794 constitnit:
1379 2740 1441 2793 ride
1456 2755 1540 2810 saepe

177 2823 334 2894 allegatum
349 2837 410 2891 cap.
426 2822 453 2875 6.
469 2822 516 2875 lib.
531 2822 578 2876 IV.
593 2823 725 2876 Hannon.
768 2821 851 2878 Vides
874 2821 961 2891 igitur
975 2836 1088 2876 oausam
1111 2820 1187 2874 illam
1211 2820 1335 2890 quintam
1358 2835 1422 2873 esse
1441 2821 1476 2873 da
1499 2819 1540 2874 ni·

176 2902 249 2965 hilm
272 2902 351 2975 quasi
366 2901 411 2972 qui
426 2919 480 2976 non
495 2901 611 2972 implent
624 2901 776 2972 planitiem,
801 2900 888 2955 iinon
903 2901 1011 2970 possint
1033 2900 1092 2954 deri
1111 2908 1251 2971 aspectus.
1292 2899 1362 2953 Nam
1377 2899 1430 2953 etsi
1445 2899 1540 2971 singu·

176 2984 268 3038 larum
289 2981 441 3051 specierum
461 2998 515 3035 uon
535 2981 658 3051 implent,
681 2989 712 3035 at
733 2980 849 3050 implent
866 2980 1035 3049 junctarum

258 3060 288 3129 ii)
310 3060 457 3131 Separatio
481 3060 576 3131 aliqua
593 3061 752 3115 necessaria
771 3060 832 3124 finit,
857 3062 905 3114 sed
927 3057 979 3114 illa
993 3062 1028 3115 ob
1043 3075 1143 3113 musas
1166 3059 1250 3130 longe
1266 3057 1346 3121 alias,
1371 3073 1454 3128 quam
1468 3071 1540 3130 quae

176 3142 222 3197 hie
242 3143 303 3196 loco
325 3141 420 3212 quinto
441 3147 675 3195 commemoratur.

162 3205 173 3223 ’
257 3216 312 3289 kt)
335 3220 457 3291 Optime:
478 3222 556 3276 valet
579 3221 649 3275 enim
668 3222 722 3275 hoc
739 3220 827 3290 ipsum
846 3219 932 3275 etiam
950 3220 978 3274 in
992 3235 1060 3290 rara
1073 3233 1167 3275 causa.
1198 3216 1267 3271 Vide
1281 3217 1412 3271 Hermon.
1427 3216 1474 3272 lib.
1491 3217 1536 3271 IV.

258 3299 291 3367 ll)
311 3302 372 3354 Hoc
385 3300 496 3355 nimium
510 3307 556 3354 est
568 3307 598 3354 et
612 3301 779 3355 contrarium
793 3302 953 3370 praemisso.
995 3299 1024 3353 Si
1046 3309 1162 3370 propter
1180 3297 1322 3368 cumdum,
1345 3297 1441 3367 utique
1455 3296 1538 3352 ctiam

177 3389 293 3452 propter
313 3382 447 3453 figuram
470 3397 534 3435 nam
556 3388 587 3434 et
607 3381 700 3453 flgnra
721 3397 773 3450 per
795 3381 915 3452 angulos
930 3378 1107 3434 constituitur
1122 3383 1153 3433 et
1166 3378 1331 3448 auguriorum
1345 3377 1469 3432 delectus
1488 3394 1539 3448 per

175 3463 283 3533 figuras
305 3463 346 3515 lit.
387 3461 441 3514 Sed
462 3462 524 3515 ride
547 3461 706 3531 scrupulum
728 3462 762 3514 de
785 3461 877 3531 ligura
891 3460 1008 3515 centrah
1031 3467 1061 3514 et
1083 3462 1117 3514 de
1129 3457 1370 3513 circumferentiali
1393 3472 1540 3514 excussu!

178 3542 226 3597 lib.
247 3542 295 3596 1v.
310 3542 412 3596 ¹llarm.
434 3557 495 3612 cap.
518 3541 545 3596 5.

257 3618 323 3685 mm)
343 3621 397 3675 Hic
409 3622 606 3696 paragraphus
621 3620 814 3689 complectitur
827 3626 915 3674 totam
933 3619 992 3676 iera
1007 3617 1212 3686 dispoutionem
1225 3616 1451 3672 Hermoniooruru
1464 3634 1538 3676 mee

178 3717 248 3758 rum.
289 3701 360 3756 Nam
384 3718 524 3756 commune
538 3700 618 3755 ¹illud
641 3700 845 3771 geometricum,
870 3707 1002 3771 tanquam
1033 3713 1145 3752 causam
1167 3696 1382 3767 archetypiosm
1407 3697 1536 3767 praemisi

177 3782 227 3837 lib.
243 3782 263 3836 Ι.
278 3789 309 3835 et
321 3782 372 3845 11.,
396 3781 459 3852 quid
474 3798 540 3835 vero
562 3780 631 3834 illud
645 3787 775 3834 causetur
797 3779 825 3833 in
848 3780 961 3844 musica,
983 3777 1123 3848 explicari
1137 3777 1183 3832 lib.
1199 3778 1263 3840 111„
1285 3777 1348 3846 qnid
1371 3777 1398 3830 in
1417 3776 1537 3848 aspecti·

177 3863 230 3916 hns
250 3862 299 3916 lib.
320 3862 368 3916 IV.
824 3914 829 3922 .

256 3938 305 4008 un)
327 3941 443 3995 Frustra
463 3940 515 3994 has
530 3955 629 3993 musas
643 3958 680 3994 ex
694 3937 848 3993 Ptolemaei
861 3936 971 3993 musicis
994 3940 1159 4006 expectatos
1180 3950 1255 3989 ame
1269 3953 1338 4000 esse,
1368 3938 1456 3990 lector
1477 3934 1536 4005 ipse

177 4022 258 4086 dicet,
282 4020 434 4091 siquando
456 4025 583 4074 auctores
606 4019 636 4073 hi
659 4037 719 4074 cum
734 4018 801 4074 meis
816 4018 889 4073 notis
904 4018 1030 4079 edantur,
1054 4016 1115 4071 Deo
1128 4014 1214 4068 vitam
1229 4023 1409 4094 prorogante.
1439 4018 1536 4084 (Comp.

177 4116 263 4160 annot
283 4104 339 4170 ³8.)
379 4101 488 4154 Haeret
512 4100 583 4153 enim
603 4100 780 4154 Ptolemaeus
806 4098 834 4153 in
862 4097 997 4162 numeris,
1026 4102 1060 4149 ut
1079 4110 1176 4158 cansa,
1199 4095 1258 4148 sinc
1282 4102 1413 4166 respectu
1433 4093 1536 4163 ligura

177 4197 250 4246 rum,
281 4187 314 4236 ut
343 4179 448 4236 numeri
473 4180 626 4243 numerati3
657 4180 753 4251 itaque
778 4185 809 4232 et
833 4176 991 4234 harmonias
1017 4175 1163 4230 nonnullas
1190 4190 1252 4228 cum
1271 4175 1413 4229 veteribus
1432 4170 1537 4241 injuste

176 4261 331 4333 proscribit,
353 4268 383 4315 et
402 4259 554 4315 intervalla
574 4262 708 4330 quaedam
729 4262 802 4315 inter
822 4258 956 4314 concinna
975 4255 1076 4324 recipit
1095 4255 1172 4309 nullo
1193 4252 1303 4308 illorum
1323 4254 1430 4308 meritc.
1466 4251 1537 4307 Vide

176 4343 272 4396 Harm.
293 4357 372 4397 meae
392 4340 441 4396 lib.
463 4332 564 4405 11L⁴³)

257 4417 306 4491 oo)
326 4422 370 4477 De
396 4420 440 4476 his
468 4424 583 4490 praeter
609 4419 812 4489 propositiones
839 4413 1038 4487 aDasypodio
1058 4412 1214 4483 exscriptas
1243 4411 1312 4466 nihil
1337 4411 1400 4467 vidi.
1440 4412 1537 4482 Neque

177 4509 273 4558 nmen
293 4518 356 4572 spes
377 4510 430 4565 est,
452 4500 481 4554 in
499 4500 615 4554 Euclide
635 4495 775 4569 rop‘orum
795 4497 838 4562 iri,
860 4512 932 4567 quae
945 4494 1130 4558 Ptolemaeus,
1152 4507 1224 4563 quae
1238 4491 1418 4563 Porphyrius,
1441 4497 1538 4548 aetate

176 4582 355 4653 puteriorm,
376 4598 432 4636 non
451 4580 567 4636 habent.
584 4571 620 4644 ⁴⁸)
730 4582 732 4584 ’
920 4582 923 4594 ’
1096 4582 1100 4590 “

762 4736 955 4749 ’nn-
