<?xml version="1.0" encoding="UTF-8"?>
<!DOCTYPE html PUBLIC "-//W3C//DTD XHTML 1.0 Transitional//EN"
    "http://www.w3.org/TR/xhtml1/DTD/xhtml1-transitional.dtd">
<html xmlns="http://www.w3.org/1999/xhtml" xml:lang="en" lang="en">
 <head>
  <title>
</title>
<meta http-equiv="Content-Type" content="text/html;charset=utf-8" />
  <meta name='ocr-system' content='tesseract 3.04.00' />
  <meta name='ocr-capabilities' content='ocr_page ocr_carea ocr_par ocr_line ocrx_word'/>
</head>
<body>
  <div class='ocr_page' id='page_1' title='image "./joanniskepleria01unkngoog_0237.png"; bbox 0 0 3609 5634; ppageno 0'>
   <div class='ocr_carea' id='block_1_1' title="bbox 781 342 1572 413">
    <p class='ocr_par' dir='ltr' id='par_1_1' title="bbox 781 342 1572 413">
     <span class='ocr_line' id='line_1_1' title="bbox 781 342 1572 413; baseline -0.006 -13"><span class='ocrx_word' id='word_1_1' title='bbox 781 342 1000 401; x_wconf 59' lang='lat' dir='ltr'><strong>maanes</strong></span> <span class='ocrx_word' id='word_1_2' title='bbox 1374 366 1376 373; x_wconf 25' lang='grc' dir='ltr'>κ</span> <span class='ocrx_word' id='word_1_3' title='bbox 1505 344 1572 413; x_wconf 70' lang='lat' dir='ltr'><strong>opp</strong></span> 
     </span>
    </p>
   </div>
   <div class='ocr_carea' id='block_1_2' title="bbox 202 497 1572 1704">
    <p class='ocr_par' dir='ltr' id='par_1_2' title="bbox 202 497 1572 1704">
     <span class='ocr_line' id='line_1_2' title="bbox 279 497 1571 571; baseline 0.002 -20"><span class='ocrx_word' id='word_1_4' title='bbox 279 497 327 563; x_wconf 82' lang='lat' dir='ltr'><strong>te)</strong></span> <span class='ocrx_word' id='word_1_5' title='bbox 344 516 371 566; x_wconf 90' lang='lat' dir='ltr'><strong>p.</strong></span> <span class='ocrx_word' id='word_1_6' title='bbox 391 498 451 552; x_wconf 84' lang='grc'><strong>147.</strong></span> <span class='ocrx_word' id='word_1_7' title='bbox 489 502 585 568; x_wconf 71' lang='lat' dir='ltr'><strong>Legat,</strong></span> <span class='ocrx_word' id='word_1_8' title='bbox 604 502 683 567; x_wconf 78' lang='lat' dir='ltr'><strong>inqptt</strong></span> <span class='ocrx_word' id='word_1_9' title='bbox 698 501 825 566; x_wconf 80' lang='lat' dir='ltr'><strong>Keplems</strong></span> <span class='ocrx_word' id='word_1_10' title='bbox 842 502 859 551; x_wconf 80' lang='grc'><strong>1</strong></span> <span class='ocrx_word' id='word_1_11' title='bbox 880 516 902 552; x_wconf 86' lang='lat' dir='ltr'><strong>c.</strong></span> <span class='ocrx_word' id='word_1_12' title='bbox 923 502 1034 555; x_wconf 60' lang='lat' dir='ltr'><strong>morus</strong></span> <span class='ocrx_word' id='word_1_13' title='bbox 1047 500 1140 561; x_wconf 78' lang='lat' dir='ltr'><strong>lactea.</strong></span> <span class='ocrx_word' id='word_1_14' title='bbox 1156 502 1271 571; x_wconf 25' lang='lat' dir='ltr'><strong>qusq‘de</strong></span> <span class='ocrx_word' id='word_1_15' title='bbox 1289 501 1327 553; x_wconf 86' lang='lat' dir='ltr'><strong>his</strong></span> <span class='ocrx_word' id='word_1_16' title='bbox 1343 503 1494 569; x_wconf 81' lang='lat' dir='ltr'><strong>sestiepibua</strong></span> <span class='ocrx_word' id='word_1_17' title='bbox 1512 511 1571 554; x_wconf 84' lang='lat' dir='ltr'><strong>ante</strong></span> 
     </span>
     <span class='ocr_line' id='line_1_3' title="bbox 205 570 1571 638; baseline 0.003 -18"><span class='ocrx_word' id='word_1_18' title='bbox 205 586 287 621; x_wconf 86' lang='lat' dir='ltr'><strong>annos</strong></span> <span class='ocrx_word' id='word_1_19' title='bbox 306 571 341 621; x_wconf 77' lang='lat'><strong>22</strong></span> <span class='ocrx_word' id='word_1_20' title='bbox 360 575 446 637; x_wconf 75' lang='lat' dir='ltr'><strong>scripsi</strong></span> <span class='ocrx_word' id='word_1_21' title='bbox 464 574 488 623; x_wconf 89' lang='lat' dir='ltr'><strong>iu</strong></span> <span class='ocrx_word' id='word_1_22' title='bbox 508 573 626 636; x_wconf 80' lang='lat' dir='ltr'><strong>Mysterio</strong></span> <span class='ocrx_word' id='word_1_23' title='bbox 646 572 866 637; x_wconf 75' lang='lat' dir='ltr'><strong>Cosmoqraphico‚</strong></span> <span class='ocrx_word' id='word_1_24' title='bbox 893 578 920 623; x_wconf 92' lang='lat' dir='ltr'><strong>et</strong></span> <span class='ocrx_word' id='word_1_25' title='bbox 937 572 1089 637; x_wconf 82' lang='lat' dir='ltr'><strong>perpendat,</strong></span> <span class='ocrx_word' id='word_1_26' title='bbox 1116 572 1236 638; x_wconf 90' lang='lat' dir='ltr'><strong>quomodo</strong></span> <span class='ocrx_word' id='word_1_27' title='bbox 1254 574 1343 624; x_wconf 84' lang='lat' dir='ltr'><strong>inerim</strong></span> <span class='ocrx_word' id='word_1_28' title='bbox 1361 570 1400 622; x_wconf 89' lang='lat' dir='ltr'><strong>ilio</strong></span> <span class='ocrx_word' id='word_1_29' title='bbox 1419 573 1473 623; x_wconf 89' lang='lat' dir='ltr'><strong>ioco</strong></span> <span class='ocrx_word' id='word_1_30' title='bbox 1490 574 1571 624; x_wconf 92' lang='lat' dir='ltr'><strong>hallu-</strong></span> 
     </span>
     <span class='ocr_line' id='line_1_4' title="bbox 206 644 1572 708; baseline 0.003 -16"><span class='ocrx_word' id='word_1_31' title='bbox 206 645 307 693; x_wconf 88' lang='lat' dir='ltr'><strong>cinatus</strong></span> <span class='ocrx_word' id='word_1_32' title='bbox 326 658 400 708; x_wconf 86' lang='lat' dir='ltr'><strong>super</strong></span> <span class='ocrx_word' id='word_1_33' title='bbox 418 646 499 694; x_wconf 87' lang='lat' dir='ltr'><strong>causis</strong></span> <span class='ocrx_word' id='word_1_34' title='bbox 517 645 653 699; x_wconf 82' lang='lat' dir='ltr'><strong>sectionum</strong></span> <span class='ocrx_word' id='word_1_35' title='bbox 672 651 697 692; x_wconf 90' lang='lat' dir='ltr'><strong>et</strong></span> <span class='ocrx_word' id='word_1_36' title='bbox 715 644 914 701; x_wconf 77' lang='lat' dir='ltr'><strong>harmoniarum:</strong></span> <span class='ocrx_word' id='word_1_37' title='bbox 934 657 1063 708; x_wconf 74' lang='lat' dir='ltr'><strong>perperam</strong></span> <span class='ocrx_word' id='word_1_38' title='bbox 1081 646 1157 701; x_wconf 87' lang='lat' dir='ltr'><strong>nisus,</strong></span> <span class='ocrx_word' id='word_1_39' title='bbox 1178 658 1262 694; x_wconf 86' lang='lat' dir='ltr'><strong>earum</strong></span> <span class='ocrx_word' id='word_1_40' title='bbox 1274 658 1404 694; x_wconf 82' lang='lat' dir='ltr'><strong>numerum</strong></span> <span class='ocrx_word' id='word_1_41' title='bbox 1419 650 1446 695; x_wconf 87' lang='lat' dir='ltr'><strong>et</strong></span> <span class='ocrx_word' id='word_1_42' title='bbox 1463 645 1572 696; x_wconf 65' lang='grc'><strong>11110111</strong></span> 
     </span>
     <span class='ocr_line' id='line_1_5' title="bbox 206 712 1571 780; baseline 0.002 -17"><span class='ocrx_word' id='word_1_43' title='bbox 206 714 332 765; x_wconf 87' lang='lat' dir='ltr'><strong>deducere</strong></span> <span class='ocrx_word' id='word_1_44' title='bbox 352 730 382 765; x_wconf 83' lang='lat' dir='ltr'><strong>ea</strong></span> <span class='ocrx_word' id='word_1_45' title='bbox 406 730 508 765; x_wconf 91' lang='lat' dir='ltr'><strong>numero</strong></span> <span class='ocrx_word' id='word_1_46' title='bbox 533 712 549 763; x_wconf 79' lang='lat'>5</span> <span class='ocrx_word' id='word_1_47' title='bbox 570 726 695 778; x_wconf 83' lang='lat' dir='ltr'><strong>corporum</strong></span> <span class='ocrx_word' id='word_1_48' title='bbox 718 716 868 780; x_wconf 76' lang='lat' dir='ltr'><strong>regularium</strong></span> <span class='ocrx_word' id='word_1_49' title='bbox 894 715 1041 765; x_wconf 88' lang='lat' dir='ltr'><strong>solidorum:</strong></span> <span class='ocrx_word' id='word_1_50' title='bbox 1070 729 1126 765; x_wconf 89' lang='lat' dir='ltr'><strong>cum</strong></span> <span class='ocrx_word' id='word_1_51' title='bbox 1153 730 1236 765; x_wconf 83' lang='lat' dir='ltr'><strong>verum</strong></span> <span class='ocrx_word' id='word_1_52' title='bbox 1264 717 1297 766; x_wconf 90' lang='lat' dir='ltr'><strong>sit</strong></span> <span class='ocrx_word' id='word_1_53' title='bbox 1320 715 1368 766; x_wconf 87' lang='lat' dir='ltr'><strong>hoe</strong></span> <span class='ocrx_word' id='word_1_54' title='bbox 1394 717 1491 779; x_wconf 89' lang='lat' dir='ltr'><strong>potius,</strong></span> <span class='ocrx_word' id='word_1_55' title='bbox 1518 723 1571 766; x_wconf 89' lang='lat' dir='ltr'><strong>tam</strong></span> 
     </span>
     <span class='ocr_line' id='line_1_6' title="bbox 205 784 1572 853; baseline 0.001 -19"><span class='ocrx_word' id='word_1_56' title='bbox 205 784 222 833; x_wconf 80' lang='lat'>5</span> <span class='ocrx_word' id='word_1_57' title='bbox 241 786 336 851; x_wconf 75' lang='lat' dir='ltr'><strong>rigares</strong></span> <span class='ocrx_word' id='word_1_58' title='bbox 354 786 456 845; x_wconf 86' lang='lat' dir='ltr'><strong>solidas,</strong></span> <span class='ocrx_word' id='word_1_59' title='bbox 475 792 548 850; x_wconf 85' lang='lat' dir='ltr'><strong>quam</strong></span> <span class='ocrx_word' id='word_1_60' title='bbox 566 786 707 835; x_wconf 82' lang='lat' dir='ltr'><strong>harmonias</strong></span> <span class='ocrx_word' id='word_1_61' title='bbox 725 788 833 836; x_wconf 84' lang='lat' dir='ltr'><strong>musicas</strong></span> <span class='ocrx_word' id='word_1_62' title='bbox 852 794 879 836; x_wconf 89' lang='lat' dir='ltr'><strong>et</strong></span> <span class='ocrx_word' id='word_1_63' title='bbox 896 786 1003 837; x_wconf 85' lang='lat' dir='ltr'><strong>chordae</strong></span> <span class='ocrx_word' id='word_1_64' title='bbox 1024 787 1148 836; x_wconf 85' lang='lat' dir='ltr'><strong>sectiones</strong></span> <span class='ocrx_word' id='word_1_65' title='bbox 1167 799 1322 837; x_wconf 84' lang='lat' dir='ltr'><strong>communem</strong></span> <span class='ocrx_word' id='word_1_66' title='bbox 1340 786 1432 837; x_wconf 82' lang='lat' dir='ltr'><strong>habere</strong></span> <span class='ocrx_word' id='word_1_67' title='bbox 1451 788 1572 853; x_wconf 77' lang='lat' dir='ltr'><strong>originem</strong></span> 
     </span>
     <span class='ocr_line' id='line_1_7' title="bbox 207 856 1571 923; baseline 0.001 -16"><span class='ocrx_word' id='word_1_68' title='bbox 207 871 239 907; x_wconf 84' lang='lat' dir='ltr'><strong>ex</strong></span> <span class='ocrx_word' id='word_1_69' title='bbox 258 858 344 923; x_wconf 75' lang='lat' dir='ltr'><strong>figuris</strong></span> <span class='ocrx_word' id='word_1_70' title='bbox 361 858 515 923; x_wconf 70' lang='lat' dir='ltr'><strong>regularibus</strong></span> <span class='ocrx_word' id='word_1_71' title='bbox 538 858 627 922; x_wconf 79' lang='lat' dir='ltr'><strong>pionis.</strong></span> <span class='ocrx_word' id='word_1_72' title='bbox 664 857 698 906; x_wconf 86' lang='lat' dir='ltr'><strong>Et</strong></span> <span class='ocrx_word' id='word_1_73' title='bbox 714 856 850 908; x_wconf 80' lang='lat' dir='ltr'><strong>Ptolemaei</strong></span> <span class='ocrx_word' id='word_1_74' title='bbox 875 858 973 923; x_wconf 88' lang='lat' dir='ltr'><strong>quidem</strong></span> <span class='ocrx_word' id='word_1_75' title='bbox 996 859 1093 907; x_wconf 73' lang='lat' dir='ltr'><strong>mades</strong></span> <span class='ocrx_word' id='word_1_76' title='bbox 1117 872 1173 907; x_wconf 88' lang='lat' dir='ltr'><strong>cum</strong></span> <span class='ocrx_word' id='word_1_77' title='bbox 1197 859 1348 921; x_wconf 74' lang='lat' dir='ltr'><strong>expositione</strong></span> <span class='ocrx_word' id='word_1_78' title='bbox 1365 857 1493 922; x_wconf 78' lang='lat' dir='ltr'><strong>Porphyrii</strong></span> <span class='ocrx_word' id='word_1_79' title='bbox 1510 858 1571 908; x_wconf 85' lang='lat' dir='ltr'><strong>hec·</strong></span> 
     </span>
     <span class='ocr_line' id='line_1_8' title="bbox 204 927 1570 993; baseline 0.001 -14"><span class='ocrx_word' id='word_1_80' title='bbox 204 938 280 979; x_wconf 82' lang='lat' dir='ltr'><strong>tenus</strong></span> <span class='ocrx_word' id='word_1_81' title='bbox 297 931 468 993; x_wconf 81' lang='lat' dir='ltr'><strong>manuscripta</strong></span> <span class='ocrx_word' id='word_1_82' title='bbox 484 936 574 979; x_wconf 87' lang='lat' dir='ltr'><strong>nactas</strong></span> <span class='ocrx_word' id='word_1_83' title='bbox 593 940 646 978; x_wconf 85' lang='lat' dir='ltr'><strong>sum</strong></span> <span class='ocrx_word' id='word_1_84' title='bbox 665 943 696 978; x_wconf 82' lang='lat' dir='ltr'><strong>ex</strong></span> <span class='ocrx_word' id='word_1_85' title='bbox 719 928 869 979; x_wconf 80' lang='lat' dir='ltr'><strong>bberaiitate</strong></span> <span class='ocrx_word' id='word_1_86' title='bbox 886 929 912 979; x_wconf 81' lang='lat' dir='ltr'><strong>J.</strong></span> <span class='ocrx_word' id='word_1_87' title='bbox 932 928 961 978; x_wconf 87' lang='lat' dir='ltr'><strong>G.</strong></span> <span class='ocrx_word' id='word_1_88' title='bbox 980 928 1105 979; x_wconf 78' lang='lat' dir='ltr'><strong>Heraarti</strong></span> <span class='ocrx_word' id='word_1_89' title='bbox 1124 927 1201 979; x_wconf 83' lang='lat' dir='ltr'><strong>Cane.</strong></span> <span class='ocrx_word' id='word_1_90' title='bbox 1219 928 1296 989; x_wconf 62' lang='lat' dir='ltr'><strong>Bar„</strong></span> <span class='ocrx_word' id='word_1_91' title='bbox 1323 942 1413 979; x_wconf 83' lang='lat' dir='ltr'><strong>causas</strong></span> <span class='ocrx_word' id='word_1_92' title='bbox 1436 944 1493 979; x_wconf 82' lang='lat' dir='ltr'><strong>sero</strong></span> <span class='ocrx_word' id='word_1_93' title='bbox 1511 928 1570 980; x_wconf 87' lang='lat' dir='ltr'><strong>har·</strong></span> 
     </span>
     <span class='ocr_line' id='line_1_9' title="bbox 203 999 1571 1066; baseline 0.001 -16"><span class='ocrx_word' id='word_1_94' title='bbox 203 1001 346 1050; x_wconf 77' lang='lat' dir='ltr'><strong>monianum</strong></span> <span class='ocrx_word' id='word_1_95' title='bbox 363 1002 485 1065; x_wconf 72' lang='lat' dir='ltr'><strong>genuinas</strong></span> <span class='ocrx_word' id='word_1_96' title='bbox 503 1002 528 1057; x_wconf 86' lang='lat' dir='ltr'><strong>iu</strong></span> <span class='ocrx_word' id='word_1_97' title='bbox 546 1001 576 1053; x_wconf 91' lang='lat' dir='ltr'><strong>iis</strong></span> <span class='ocrx_word' id='word_1_98' title='bbox 593 1015 643 1049; x_wconf 92' lang='lat' dir='ltr'><strong>non</strong></span> <span class='ocrx_word' id='word_1_99' title='bbox 661 999 759 1049; x_wconf 81' lang='lat' dir='ltr'><strong>iuveni:</strong></span> <span class='ocrx_word' id='word_1_100' title='bbox 778 999 890 1066; x_wconf 91' lang='lat' dir='ltr'><strong>adeoque</strong></span> <span class='ocrx_word' id='word_1_101' title='bbox 903 1015 936 1050; x_wconf 90' lang='lat' dir='ltr'><strong>ne</strong></span> <span class='ocrx_word' id='word_1_102' title='bbox 948 1002 1087 1051; x_wconf 87' lang='lat' dir='ltr'><strong>sectionum</strong></span> <span class='ocrx_word' id='word_1_103' title='bbox 1106 1000 1204 1063; x_wconf 89' lang='lat' dir='ltr'><strong>quidem</strong></span> <span class='ocrx_word' id='word_1_104' title='bbox 1220 999 1307 1050; x_wconf 86' lang='lat' dir='ltr'><strong>harum</strong></span> <span class='ocrx_word' id='word_1_105' title='bbox 1326 1000 1467 1064; x_wconf 84' lang='lat' dir='ltr'><strong>numerique</strong></span> <span class='ocrx_word' id='word_1_106' title='bbox 1486 1014 1571 1051; x_wconf 86' lang='lat' dir='ltr'><strong>earum</strong></span> 
     </span>
     <span class='ocr_line' id='line_1_10' title="bbox 204 1070 1570 1135; baseline 0 -14"><span class='ocrx_word' id='word_1_107' title='bbox 204 1072 343 1135; x_wconf 86' lang='lat' dir='ltr'><strong>septenarii</strong></span> <span class='ocrx_word' id='word_1_108' title='bbox 361 1072 413 1122; x_wconf 88' lang='lat' dir='ltr'><strong>ulla</strong></span> <span class='ocrx_word' id='word_1_109' title='bbox 429 1072 459 1121; x_wconf 86' lang='lat' dir='ltr'><strong>dt</strong></span> <span class='ocrx_word' id='word_1_110' title='bbox 475 1072 576 1122; x_wconf 86' lang='lat' dir='ltr'><strong>mentio.</strong></span> <span class='ocrx_word' id='word_1_111' title='bbox 607 1070 661 1120; x_wconf 81' lang='lat' dir='ltr'><strong>Etsi</strong></span> <span class='ocrx_word' id='word_1_112' title='bbox 678 1084 736 1121; x_wconf 79' lang='lat' dir='ltr'><strong>vero</strong></span> <span class='ocrx_word' id='word_1_113' title='bbox 753 1077 849 1121; x_wconf 87' lang='lat' dir='ltr'><strong>mature</strong></span> <span class='ocrx_word' id='word_1_114' title='bbox 868 1073 929 1122; x_wconf 88' lang='lat' dir='ltr'><strong>satis</strong></span> <span class='ocrx_word' id='word_1_115' title='bbox 949 1072 1120 1128; x_wconf 76' lang='lat' dir='ltr'><strong>animadverti,</strong></span> <span class='ocrx_word' id='word_1_116' title='bbox 1140 1080 1229 1120; x_wconf 87' lang='lat' dir='ltr'><strong>causas</strong></span> <span class='ocrx_word' id='word_1_117' title='bbox 1248 1084 1264 1119; x_wconf 91' lang='lat' dir='ltr'><strong>a</strong></span> <span class='ocrx_word' id='word_1_118' title='bbox 1282 1070 1366 1135; x_wconf 75' lang='lat' dir='ltr'><strong>figuris</strong></span> <span class='ocrx_word' id='word_1_119' title='bbox 1383 1071 1464 1134; x_wconf 87' lang='lat' dir='ltr'><strong>planis</strong></span> <span class='ocrx_word' id='word_1_120' title='bbox 1482 1080 1570 1135; x_wconf 85' lang='lat' dir='ltr'><strong>pecen-</strong></span> 
     </span>
     <span class='ocr_line' id='line_1_11' title="bbox 205 1142 1569 1211; baseline -0.002 -19"><span class='ocrx_word' id='word_1_121' title='bbox 205 1142 263 1200; x_wconf 83' lang='lat' dir='ltr'><strong>das.</strong></span> <span class='ocrx_word' id='word_1_122' title='bbox 282 1150 395 1193; x_wconf 69' lang='lat' dir='ltr'><strong>amanen</strong></span> <span class='ocrx_word' id='word_1_123' title='bbox 413 1144 456 1193; x_wconf 83' lang='lat' dir='ltr'><strong>diu</strong></span> <span class='ocrx_word' id='word_1_124' title='bbox 474 1143 606 1194; x_wconf 86' lang='lat' dir='ltr'><strong>admodum</strong></span> <span class='ocrx_word' id='word_1_125' title='bbox 624 1157 664 1192; x_wconf 92' lang='lat' dir='ltr'><strong>me</strong></span> <span class='ocrx_word' id='word_1_126' title='bbox 682 1149 816 1211; x_wconf 81' lang='lat' dir='ltr'><strong>torserunt,</strong></span> <span class='ocrx_word' id='word_1_127' title='bbox 834 1145 977 1207; x_wconf 85' lang='lat' dir='ltr'><strong>priusquam</strong></span> <span class='ocrx_word' id='word_1_128' title='bbox 995 1143 1106 1192; x_wconf 88' lang='lat' dir='ltr'><strong>omnibus</strong></span> <span class='ocrx_word' id='word_1_129' title='bbox 1124 1143 1200 1191; x_wconf 86' lang='lat' dir='ltr'><strong>animi</strong></span> <span class='ocrx_word' id='word_1_130' title='bbox 1219 1143 1268 1191; x_wconf 89' lang='lat' dir='ltr'><strong>mei</strong></span> <span class='ocrx_word' id='word_1_131' title='bbox 1289 1142 1409 1206; x_wconf 76' lang='lat' dir='ltr'><strong>scrupulis</strong></span> <span class='ocrx_word' id='word_1_132' title='bbox 1427 1143 1569 1193; x_wconf 81' lang='lat' dir='ltr'><strong>satisfieret.</strong></span> 
     </span>
     <span class='ocr_line' id='line_1_12' title="bbox 203 1213 1571 1280; baseline 0 -18"><span class='ocrx_word' id='word_1_133' title='bbox 203 1213 315 1263; x_wconf 84' lang='lat' dir='ltr'><strong>Pn&#39;mum</strong></span> <span class='ocrx_word' id='word_1_134' title='bbox 335 1216 399 1264; x_wconf 88' lang='lat' dir='ltr'><strong>euim</strong></span> <span class='ocrx_word' id='word_1_135' title='bbox 418 1215 512 1280; x_wconf 78' lang='lat' dir='ltr'><strong>figurae</strong></span> <span class='ocrx_word' id='word_1_136' title='bbox 531 1214 733 1264; x_wconf 77' lang='lat' dir='ltr'><strong>demonstrabiles</strong></span> <span class='ocrx_word' id='word_1_137' title='bbox 753 1228 835 1263; x_wconf 88' lang='lat' dir='ltr'><strong>anon</strong></span> <span class='ocrx_word' id='word_1_138' title='bbox 855 1213 1085 1264; x_wconf 75' lang='lat' dir='ltr'><strong>demonstrabilibus</strong></span> <span class='ocrx_word' id='word_1_139' title='bbox 1104 1219 1176 1263; x_wconf 88' lang='lat' dir='ltr'><strong>erant</strong></span> <span class='ocrx_word' id='word_1_140' title='bbox 1194 1213 1365 1277; x_wconf 84' lang='lat' dir='ltr'><strong>separandae;</strong></span> <span class='ocrx_word' id='word_1_141' title='bbox 1388 1218 1475 1275; x_wconf 85' lang='lat' dir='ltr'><strong>postea</strong></span> <span class='ocrx_word' id='word_1_142' title='bbox 1493 1226 1571 1262; x_wconf 86' lang='lat' dir='ltr'><strong>cansa</strong></span> 
     </span>
     <span class='ocr_line' id='line_1_13' title="bbox 202 1283 1570 1351; baseline -0.001 -18"><span class='ocrx_word' id='word_1_143' title='bbox 202 1285 364 1347; x_wconf 78' lang='lat' dir='ltr'><strong>invenienda,</strong></span> <span class='ocrx_word' id='word_1_144' title='bbox 384 1299 427 1335; x_wconf 88' lang='lat' dir='ltr'><strong>cur</strong></span> <span class='ocrx_word' id='word_1_145' title='bbox 446 1300 501 1336; x_wconf 90' lang='lat' dir='ltr'><strong>cum</strong></span> <span class='ocrx_word' id='word_1_146' title='bbox 520 1288 642 1335; x_wconf 73' lang='lat' dir='ltr'><strong>sectiones</strong></span> <span class='ocrx_word' id='word_1_147' title='bbox 660 1284 708 1334; x_wconf 89' lang='lat' dir='ltr'><strong>hae</strong></span> <span class='ocrx_word' id='word_1_148' title='bbox 727 1292 812 1334; x_wconf 89' lang='lat' dir='ltr'><strong>essent</strong></span> <span class='ocrx_word' id='word_1_149' title='bbox 829 1299 859 1334; x_wconf 84' lang='lat' dir='ltr'><strong>ex</strong></span> <span class='ocrx_word' id='word_1_150' title='bbox 877 1286 972 1351; x_wconf 78' lang='lat' dir='ltr'><strong>figuris,</strong></span> <span class='ocrx_word' id='word_1_151' title='bbox 991 1286 1114 1336; x_wconf 84' lang='lat' dir='ltr'><strong>sectiones</strong></span> <span class='ocrx_word' id='word_1_152' title='bbox 1127 1283 1225 1349; x_wconf 79' lang='lat' dir='ltr'><strong>qnidam</strong></span> <span class='ocrx_word' id='word_1_153' title='bbox 1240 1286 1306 1333; x_wconf 84' lang='lat' dir='ltr'><strong>intra</strong></span> <span class='ocrx_word' id='word_1_154' title='bbox 1324 1284 1492 1347; x_wconf 89' lang='lat' dir='ltr'><strong>septenarium</strong></span> <span class='ocrx_word' id='word_1_155' title='bbox 1510 1299 1570 1334; x_wconf 91' lang='lat' dir='ltr'><strong>con·</strong></span> 
     </span>
     <span class='ocr_line' id='line_1_14' title="bbox 204 1354 1569 1422; baseline 0.001 -19"><span class='ocrx_word' id='word_1_156' title='bbox 204 1356 334 1414; x_wconf 83' lang='lat' dir='ltr'><strong>sisterent,</strong></span> <span class='ocrx_word' id='word_1_157' title='bbox 352 1357 446 1422; x_wconf 78' lang='lat' dir='ltr'><strong>figurae</strong></span> <span class='ocrx_word' id='word_1_158' title='bbox 464 1358 490 1406; x_wconf 90' lang='lat' dir='ltr'><strong>in</strong></span> <span class='ocrx_word' id='word_1_159' title='bbox 508 1357 631 1406; x_wconf 88' lang='lat' dir='ltr'><strong>infinitum</strong></span> <span class='ocrx_word' id='word_1_160' title='bbox 651 1362 814 1407; x_wconf 81' lang='lat' dir='ltr'><strong>excurrerent.</strong></span> <span class='ocrx_word' id='word_1_161' title='bbox 852 1357 936 1407; x_wconf 87' lang='lat' dir='ltr'><strong>Tertio</strong></span> <span class='ocrx_word' id='word_1_162' title='bbox 955 1356 1085 1407; x_wconf 67' lang='grc'><strong>(1111111111</strong></span> <span class='ocrx_word' id='word_1_163' title='bbox 1103 1356 1168 1405; x_wconf 90' lang='lat' dir='ltr'><strong>inter</strong></span> <span class='ocrx_word' id='word_1_164' title='bbox 1191 1354 1463 1420; x_wconf 73' lang='lat' dir='ltr'><strong>pentecaidecegonum</strong></span> <span class='ocrx_word' id='word_1_165' title='bbox 1482 1361 1509 1405; x_wconf 86' lang='lat' dir='ltr'><strong>et</strong></span> <span class='ocrx_word' id='word_1_166' title='bbox 1526 1355 1569 1405; x_wconf 90' lang='lat' dir='ltr'><strong>de·</strong></span> 
     </span>
     <span class='ocr_line' id='line_1_15' title="bbox 203 1425 1569 1493; baseline 0.001 -18"><span class='ocrx_word' id='word_1_167' title='bbox 203 1426 377 1477; x_wconf 77' lang='lat' dir='ltr'><strong>monstrabiles</strong></span> <span class='ocrx_word' id='word_1_168' title='bbox 397 1434 494 1477; x_wconf 87' lang='lat' dir='ltr'><strong>ceteras</strong></span> <span class='ocrx_word' id='word_1_169' title='bbox 512 1435 568 1477; x_wconf 87' lang='lat' dir='ltr'><strong>erat</strong></span> <span class='ocrx_word' id='word_1_170' title='bbox 584 1429 759 1484; x_wconf 70' lang='lat' dir='ltr'><strong>statuendum</strong></span> <span class='ocrx_word' id='word_1_171' title='bbox 778 1428 837 1491; x_wconf 79' lang='lat' dir='ltr'><strong>quia</strong></span> <span class='ocrx_word' id='word_1_172' title='bbox 855 1427 913 1487; x_wconf 85' lang='lat' dir='ltr'><strong>ridi,</strong></span> <span class='ocrx_word' id='word_1_173' title='bbox 932 1428 1038 1493; x_wconf 70' lang='lat' dir='ltr'><strong>figuram</strong></span> <span class='ocrx_word' id='word_1_174' title='bbox 1055 1426 1124 1476; x_wconf 90' lang='lat' dir='ltr'><strong>iilam</strong></span> <span class='ocrx_word' id='word_1_175' title='bbox 1136 1426 1261 1477; x_wconf 78' lang='lat' dir='ltr'><strong>exclusam</strong></span> <span class='ocrx_word' id='word_1_176' title='bbox 1275 1441 1330 1477; x_wconf 87' lang='lat' dir='ltr'><strong>esse</strong></span> <span class='ocrx_word' id='word_1_177' title='bbox 1342 1427 1375 1476; x_wconf 87' lang='lat' dir='ltr'><strong>ab</strong></span> <span class='ocrx_word' id='word_1_178' title='bbox 1386 1425 1569 1476; x_wconf 76' lang='lat' dir='ltr'><strong>harmoniarum</strong></span> 
     </span>
     <span class='ocr_line' id='line_1_16' title="bbox 206 1496 1569 1564; baseline -0.001 -16"><span class='ocrx_word' id='word_1_179' title='bbox 206 1500 389 1561; x_wconf 74' lang='lat' dir='ltr'><strong>pmmadono,</strong></span> <span class='ocrx_word' id='word_1_180' title='bbox 407 1505 473 1549; x_wconf 85' lang='lat' dir='ltr'><strong>teste</strong></span> <span class='ocrx_word' id='word_1_181' title='bbox 491 1500 586 1549; x_wconf 86' lang='lat' dir='ltr'><strong>auditu.</strong></span> <span class='ocrx_word' id='word_1_182' title='bbox 613 1499 694 1564; x_wconf 76' lang='lat' dir='ltr'><strong>Igitur</strong></span> <span class='ocrx_word' id='word_1_183' title='bbox 711 1499 747 1548; x_wconf 83' lang='lat' dir='ltr'><strong>soi</strong></span> <span class='ocrx_word' id='word_1_184' title='bbox 768 1500 819 1548; x_wconf 90' lang='lat' dir='ltr'><strong>soio</strong></span> <span class='ocrx_word' id='word_1_185' title='bbox 837 1499 949 1563; x_wconf 77' lang='lat' dir='ltr'><strong>allegato</strong></span> <span class='ocrx_word' id='word_1_186' title='bbox 960 1499 1014 1548; x_wconf 90' lang='lat' dir='ltr'><strong>libri</strong></span> <span class='ocrx_word' id='word_1_187' title='bbox 1026 1499 1074 1548; x_wconf 90' lang='lat' dir='ltr'><strong>mei</strong></span> <span class='ocrx_word' id='word_1_188' title='bbox 1086 1496 1200 1560; x_wconf 82' lang='lat' dir='ltr'><strong>Mysterii</strong></span> <span class='ocrx_word' id='word_1_189' title='bbox 1219 1496 1413 1564; x_wconf 75' lang='lat' dir='ltr'><strong>cosmographici</strong></span> <span class='ocrx_word' id='word_1_190' title='bbox 1430 1499 1569 1548; x_wconf 55' lang='lat' dir='ltr'><strong>tadmonio</strong></span> 
     </span>
     <span class='ocr_line' id='line_1_17' title="bbox 203 1568 1570 1634; baseline 0.001 -16"><span class='ocrx_word' id='word_1_191' title='bbox 203 1570 268 1618; x_wconf 82' lang='lat' dir='ltr'><strong>satis</strong></span> <span class='ocrx_word' id='word_1_192' title='bbox 287 1576 327 1619; x_wconf 86' lang='lat' dir='ltr'><strong>est</strong></span> <span class='ocrx_word' id='word_1_193' title='bbox 344 1572 453 1620; x_wconf 85' lang='lat' dir='ltr'><strong>munitas</strong></span> <span class='ocrx_word' id='word_1_194' title='bbox 472 1570 571 1621; x_wconf 88' lang='lat' dir='ltr'><strong>auditos</strong></span> <span class='ocrx_word' id='word_1_195' title='bbox 594 1578 681 1620; x_wconf 88' lang='lat' dir='ltr'><strong>contra</strong></span> <span class='ocrx_word' id='word_1_196' title='bbox 700 1569 869 1634; x_wconf 88' lang='lat' dir='ltr'><strong>Sophistsmm</strong></span> <span class='ocrx_word' id='word_1_197' title='bbox 888 1570 1095 1625; x_wconf 87' lang='lat' dir='ltr'><strong>obtrectationes,</strong></span> <span class='ocrx_word' id='word_1_198' title='bbox 1119 1568 1193 1618; x_wconf 88' lang='lat' dir='ltr'><strong>fidem</strong></span> <span class='ocrx_word' id='word_1_199' title='bbox 1212 1570 1311 1620; x_wconf 85' lang='lat' dir='ltr'><strong>auribus</strong></span> <span class='ocrx_word' id='word_1_200' title='bbox 1329 1570 1449 1634; x_wconf 70' lang='lat' dir='ltr'><strong>derogare</strong></span> <span class='ocrx_word' id='word_1_201' title='bbox 1468 1583 1570 1619; x_wconf 86' lang='lat' dir='ltr'><strong>ausuros</strong></span> 
     </span>
     <span class='ocr_line' id='line_1_18' title="bbox 204 1638 1355 1704; baseline 0.001 -14"><span class='ocrx_word' id='word_1_202' title='bbox 204 1641 274 1691; x_wconf 86' lang='lat' dir='ltr'><strong>circa</strong></span> <span class='ocrx_word' id='word_1_203' title='bbox 293 1640 422 1691; x_wconf 79' lang='lat' dir='ltr'><strong>divisiones</strong></span> <span class='ocrx_word' id='word_1_204' title='bbox 441 1642 503 1692; x_wconf 89' lang='lat' dir='ltr'><strong>adeo</strong></span> <span class='ocrx_word' id='word_1_205' title='bbox 521 1643 630 1691; x_wconf 85' lang='lat' dir='ltr'><strong>minutas</strong></span> <span class='ocrx_word' id='word_1_206' title='bbox 648 1649 674 1690; x_wconf 87' lang='lat' dir='ltr'><strong>et</strong></span> <span class='ocrx_word' id='word_1_207' title='bbox 692 1638 894 1704; x_wconf 75' lang='lat' dir='ltr'><strong>dijudicationem</strong></span> <span class='ocrx_word' id='word_1_208' title='bbox 914 1642 1144 1695; x_wconf 73' lang='lat' dir='ltr'><strong>wnoesdantiatum</strong></span> <span class='ocrx_word' id='word_1_209' title='bbox 1162 1640 1355 1692; x_wconf 86' lang='lat' dir='ltr'><strong>subtilissimam.</strong></span> 
     </span>
    </p>
   </div>
   <div class='ocr_carea' id='block_1_3' title="bbox 183 1805 1568 2380">
    <p class='ocr_par' dir='ltr' id='par_1_3' title="bbox 183 1805 1568 2380">
     <span class='ocr_line' id='line_1_19' title="bbox 277 1805 1567 1885; baseline 0.002 -20"><span class='ocrx_word' id='word_1_210' title='bbox 277 1814 324 1878; x_wconf 92' lang='grc'><strong>44)</strong></span> <span class='ocrx_word' id='word_1_211' title='bbox 342 1832 367 1881; x_wconf 85' lang='lat' dir='ltr'><strong>p.</strong></span> <span class='ocrx_word' id='word_1_212' title='bbox 385 1813 444 1865; x_wconf 81' lang='grc'><strong>147.</strong></span> <span class='ocrx_word' id='word_1_213' title='bbox 482 1816 609 1879; x_wconf 70' lang='lat' dir='ltr'><strong>adiuncta</strong></span> <span class='ocrx_word' id='word_1_214' title='bbox 626 1824 666 1867; x_wconf 90' lang='lat' dir='ltr'><strong>est</strong></span> <span class='ocrx_word' id='word_1_215' title='bbox 682 1817 828 1882; x_wconf 78' lang='lat' dir='ltr'><strong>quibasdam</strong></span> <span class='ocrx_word' id='word_1_216' title='bbox 847 1814 957 1871; x_wconf 76' lang='lat' dir='ltr'><strong>Euclidis</strong></span> <span class='ocrx_word' id='word_1_217' title='bbox 974 1816 1123 1869; x_wconf 68' lang='lat' dir='ltr'><strong>ediflanibus</strong></span> <span class='ocrx_word' id='word_1_218' title='bbox 1140 1816 1204 1867; x_wconf 92' lang='lat' dir='ltr'><strong>haec</strong></span> <span class='ocrx_word' id='word_1_219' title='bbox 1224 1813 1376 1882; x_wconf 73' lang='lat' dir='ltr'><strong>„airayarysp</strong></span> <span class='ocrx_word' id='word_1_220' title='bbox 1395 1805 1567 1885; x_wconf 65' lang='lat' dir='ltr'><strong>dppsovsssp“;</strong></span> 
     </span>
     <span class='ocr_line' id='line_1_20' title="bbox 204 1884 1567 1953; baseline 0.002 -17"><span class='ocrx_word' id='word_1_221' title='bbox 204 1903 227 1936; x_wconf 79' lang='lat' dir='ltr'><strong>v.</strong></span> <span class='ocrx_word' id='word_1_222' title='bbox 248 1902 272 1937; x_wconf 88' lang='lat' dir='ltr'><strong>c.</strong></span> <span class='ocrx_word' id='word_1_223' title='bbox 290 1889 392 1938; x_wconf 85' lang='lat' dir='ltr'><strong>editioni</strong></span> <span class='ocrx_word' id='word_1_224' title='bbox 410 1889 469 1938; x_wconf 88' lang='lat' dir='ltr'><strong>anni</strong></span> <span class='ocrx_word' id='word_1_225' title='bbox 490 1885 570 1946; x_wconf 80' lang='lat' dir='ltr'><strong>itte,</strong></span> <span class='ocrx_word' id='word_1_226' title='bbox 589 1889 722 1952; x_wconf 82' lang='lat' dir='ltr'><strong>inscripta:</strong></span> <span class='ocrx_word' id='word_1_227' title='bbox 752 1888 894 1952; x_wconf 83' lang='lat' dir='ltr'><strong>„Cieopidis</strong></span> <span class='ocrx_word' id='word_1_228' title='bbox 911 1884 1019 1944; x_wconf 77' lang='lat' dir='ltr'><strong>musica,</strong></span> <span class='ocrx_word' id='word_1_229' title='bbox 1039 1890 1079 1937; x_wconf 90' lang='lat' dir='ltr'><strong>cui</strong></span> <span class='ocrx_word' id='word_1_230' title='bbox 1096 1890 1122 1937; x_wconf 91' lang='lat' dir='ltr'><strong>in</strong></span> <span class='ocrx_word' id='word_1_231' title='bbox 1141 1889 1286 1953; x_wconf 88' lang='lat' dir='ltr'><strong>quibusdam</strong></span> <span class='ocrx_word' id='word_1_232' title='bbox 1306 1888 1431 1939; x_wconf 80' lang='lat' dir='ltr'><strong>codicibus</strong></span> <span class='ocrx_word' id='word_1_233' title='bbox 1449 1888 1567 1941; x_wconf 87' lang='lat' dir='ltr'><strong>adscribi·</strong></span> 
     </span>
     <span class='ocr_line' id='line_1_21' title="bbox 205 1956 1567 2025; baseline 0.003 -18"><span class='ocrx_word' id='word_1_234' title='bbox 205 1959 272 2009; x_wconf 54' lang='lat' dir='ltr'><strong>torf</strong></span> <span class='ocrx_word' id='word_1_235' title='bbox 310 1958 338 2008; x_wconf 86' lang='lat' dir='ltr'><strong>C.</strong></span> <span class='ocrx_word' id='word_1_236' title='bbox 358 1958 514 2023; x_wconf 79' lang='lat' dir='ltr'><strong>Dasypodius</strong></span> <span class='ocrx_word' id='word_1_237' title='bbox 532 1973 556 2008; x_wconf 86' lang='lat' dir='ltr'><strong>a</strong></span> <span class='ocrx_word' id='word_1_238' title='bbox 577 1956 641 2006; x_wconf 86' lang='grc'><strong>1571</strong></span> <span class='ocrx_word' id='word_1_239' title='bbox 670 1959 747 2010; x_wconf 85' lang='lat' dir='ltr'><strong>edidit</strong></span> <span class='ocrx_word' id='word_1_240' title='bbox 764 1961 934 2025; x_wconf 58' lang='lat' dir='ltr'><strong>&amp;destinam</strong></span> <span class='ocrx_word' id='word_1_241' title='bbox 963 1959 1071 2009; x_wconf 88' lang='lat' dir='ltr'><strong>Euclidis</strong></span> <span class='ocrx_word' id='word_1_242' title='bbox 1089 1974 1175 2010; x_wconf 89' lang='lat' dir='ltr'><strong>omnes</strong></span> <span class='ocrx_word' id='word_1_243' title='bbox 1193 1961 1302 2009; x_wconf 87' lang='lat' dir='ltr'><strong>omnium</strong></span> <span class='ocrx_word' id='word_1_244' title='bbox 1324 1958 1440 2009; x_wconf 86' lang='lat' dir='ltr'><strong>libromm</strong></span> <span class='ocrx_word' id='word_1_245' title='bbox 1457 1963 1567 2025; x_wconf 87' lang='lat' dir='ltr'><strong>proposi·</strong></span> 
     </span>
     <span class='ocr_line' id='line_1_22' title="bbox 205 2019 1567 2098; baseline 0.001 -19"><span class='ocrx_word' id='word_1_246' title='bbox 205 2033 287 2080; x_wconf 73' lang='lat' dir='ltr'><strong>dones</strong></span> <span class='ocrx_word' id='word_1_247' title='bbox 305 2043 396 2096; x_wconf 82' lang='lat' dir='ltr'><strong>graece</strong></span> <span class='ocrx_word' id='word_1_248' title='bbox 415 2037 440 2080; x_wconf 88' lang='lat' dir='ltr'><strong>et</strong></span> <span class='ocrx_word' id='word_1_249' title='bbox 458 2030 550 2085; x_wconf 80' lang='lat' dir='ltr'><strong>latine3</strong></span> <span class='ocrx_word' id='word_1_250' title='bbox 570 2030 595 2079; x_wconf 93' lang='lat' dir='ltr'><strong>in</strong></span> <span class='ocrx_word' id='word_1_251' title='bbox 607 2029 654 2079; x_wconf 91' lang='lat' dir='ltr'><strong>hoc</strong></span> <span class='ocrx_word' id='word_1_252' title='bbox 667 2030 789 2080; x_wconf 79' lang='lat' dir='ltr'><strong>voiunrine</strong></span> <span class='ocrx_word' id='word_1_253' title='bbox 806 2047 831 2096; x_wconf 91' lang='lat' dir='ltr'><strong>p.</strong></span> <span class='ocrx_word' id='word_1_254' title='bbox 846 2028 951 2080; x_wconf 79' lang='lat' dir='ltr'><strong>tlt-tt</strong></span> <span class='ocrx_word' id='word_1_255' title='bbox 971 2026 1077 2080; x_wconf 81' lang='lat' dir='ltr'><strong>occurrit</strong></span> <span class='ocrx_word' id='word_1_256' title='bbox 1095 2027 1229 2097; x_wconf 66' lang='lat' dir='ltr'><strong>steoyqu</strong></span> <span class='ocrx_word' id='word_1_257' title='bbox 1242 2019 1390 2098; x_wconf 77' lang='grc' dir='ltr'><em>ἆρμονικη,</em></span> <span class='ocrx_word' id='word_1_258' title='bbox 1408 2045 1432 2094; x_wconf 92' lang='lat' dir='ltr'><strong>p.</strong></span> <span class='ocrx_word' id='word_1_259' title='bbox 1446 2028 1567 2082; x_wconf 77' lang='lat'><strong>75-77:</strong></span> 
     </span>
     <span class='ocr_line' id='line_1_23' title="bbox 203 2097 1568 2166; baseline 0.004 -18"><span class='ocrx_word' id='word_1_260' title='bbox 203 2114 415 2166; x_wconf 60' lang='lat' dir='ltr'><strong>nosmetipsos</strong></span> <span class='ocrx_word' id='word_1_261' title='bbox 433 2113 570 2159; x_wconf 68' lang='lat' dir='ltr'><strong>sarem,-</strong></span> <span class='ocrx_word' id='word_1_262' title='bbox 588 2117 613 2165; x_wconf 88' lang='lat' dir='ltr'><strong>p.</strong></span> <span class='ocrx_word' id='word_1_263' title='bbox 628 2097 732 2149; x_wconf 76' lang='lat'>65-80</span> <span class='ocrx_word' id='word_1_264' title='bbox 744 2103 875 2151; x_wconf 82' lang='lat' dir='ltr'><strong>translatio</strong></span> <span class='ocrx_word' id='word_1_265' title='bbox 892 2102 979 2152; x_wconf 86' lang='lat' dir='ltr'><strong>latina</strong></span> <span class='ocrx_word' id='word_1_266' title='bbox 1008 2101 1131 2152; x_wconf 87' lang='lat' dir='ltr'><strong>Desnmta</strong></span> <span class='ocrx_word' id='word_1_267' title='bbox 1148 2108 1207 2151; x_wconf 88' lang='lat' dir='ltr'><strong>sunt</strong></span> <span class='ocrx_word' id='word_1_268' title='bbox 1224 2117 1280 2152; x_wconf 90' lang='lat' dir='ltr'><strong>cum</strong></span> <span class='ocrx_word' id='word_1_269' title='bbox 1299 2115 1392 2166; x_wconf 78' lang='lat' dir='ltr'><strong>graeca</strong></span> <span class='ocrx_word' id='word_1_270' title='bbox 1409 2107 1461 2150; x_wconf 89' lang='lat' dir='ltr'><strong>tum</strong></span> <span class='ocrx_word' id='word_1_271' title='bbox 1479 2102 1568 2158; x_wconf 85' lang='lat' dir='ltr'><strong>iatius.</strong></span> 
     </span>
     <span class='ocr_line' id='line_1_24' title="bbox 183 2171 1568 2238; baseline 0.001 -17"><span class='ocrx_word' id='word_1_272' title='bbox 183 2198 184 2201; x_wconf 36' lang='lat'>¹</span> <span class='ocrx_word' id='word_1_273' title='bbox 205 2187 271 2237; x_wconf 87' lang='lat' dir='ltr'><strong>quae</strong></span> <span class='ocrx_word' id='word_1_274' title='bbox 290 2171 447 2235; x_wconf 85' lang='lat' dir='ltr'><strong>llasypodius</strong></span> <span class='ocrx_word' id='word_1_275' title='bbox 464 2173 505 2222; x_wconf 91' lang='lat' dir='ltr'><strong>hic</strong></span> <span class='ocrx_word' id='word_1_276' title='bbox 524 2173 555 2221; x_wconf 93' lang='lat' dir='ltr'><strong>de</strong></span> <span class='ocrx_word' id='word_1_277' title='bbox 573 2173 672 2221; x_wconf 87' lang='lat' dir='ltr'><strong>musicis</strong></span> <span class='ocrx_word' id='word_1_278' title='bbox 691 2172 798 2221; x_wconf 85' lang='lat' dir='ltr'><strong>Euclidis</strong></span> <span class='ocrx_word' id='word_1_279' title='bbox 815 2173 908 2238; x_wconf 86' lang='lat' dir='ltr'><strong>publici</strong></span> <span class='ocrx_word' id='word_1_280' title='bbox 932 2175 992 2236; x_wconf 78' lang='lat' dir='ltr'><strong>iuris</strong></span> <span class='ocrx_word' id='word_1_281' title='bbox 1010 2174 1071 2223; x_wconf 86' lang='lat' dir='ltr'><strong>iecit</strong></span> <span class='ocrx_word' id='word_1_282' title='bbox 1089 2173 1122 2222; x_wconf 90' lang='lat' dir='ltr'><strong>ad</strong></span> <span class='ocrx_word' id='word_1_283' title='bbox 1140 2175 1239 2223; x_wconf 83' lang='lat' dir='ltr'><strong>verbum</strong></span> <span class='ocrx_word' id='word_1_284' title='bbox 1259 2188 1289 2221; x_wconf 85' lang='lat' dir='ltr'><strong>ex</strong></span> <span class='ocrx_word' id='word_1_285' title='bbox 1308 2172 1416 2222; x_wconf 90' lang='lat' dir='ltr'><strong>editione</strong></span> <span class='ocrx_word' id='word_1_286' title='bbox 1435 2171 1451 2222; x_wconf 91' lang='lat' dir='ltr'>J</span> <span class='ocrx_word' id='word_1_287' title='bbox 1457 2175 1568 2224; x_wconf 88' lang='lat' dir='ltr'><strong>oannis</strong></span> 
     </span>
     <span class='ocr_line' id='line_1_25' title="bbox 203 2240 1566 2307; baseline 0.002 -15"><span class='ocrx_word' id='word_1_288' title='bbox 203 2242 322 2299; x_wconf 82' lang='lat' dir='ltr'><strong>Persae,</strong></span> <span class='ocrx_word' id='word_1_289' title='bbox 341 2242 398 2291; x_wconf 86' lang='lat' dir='ltr'><strong>Par.</strong></span> <span class='ocrx_word' id='word_1_290' title='bbox 421 2240 496 2294; x_wconf 74' lang='lat' dir='ltr'><strong>stat.</strong></span> <span class='ocrx_word' id='word_1_291' title='bbox 516 2244 610 2291; x_wconf 88' lang='lat' dir='ltr'><strong>omissis</strong></span> <span class='ocrx_word' id='word_1_292' title='bbox 627 2248 725 2292; x_wconf 87' lang='lat' dir='ltr'><strong>tautum</strong></span> <span class='ocrx_word' id='word_1_293' title='bbox 744 2242 993 2293; x_wconf 83' lang='lat' dir='ltr'><strong>demonstrationibus</strong></span> <span class='ocrx_word' id='word_1_294' title='bbox 1010 2244 1190 2294; x_wconf 84' lang='lat' dir='ltr'><strong>theorematum</strong></span> <span class='ocrx_word' id='word_1_295' title='bbox 1209 2240 1259 2301; x_wconf 73' lang='lat'><strong>20,</strong></span> <span class='ocrx_word' id='word_1_296' title='bbox 1277 2254 1341 2307; x_wconf 88' lang='lat' dir='ltr'><strong>quae</strong></span> <span class='ocrx_word' id='word_1_297' title='bbox 1361 2243 1401 2293; x_wconf 86' lang='lat' dir='ltr'><strong>ad·</strong></span> <span class='ocrx_word' id='word_1_298' title='bbox 1413 2246 1566 2302; x_wconf 72' lang='lat' dir='ltr'><strong>„mationem</strong></span> 
     </span>
     <span class='ocr_line' id='line_1_26' title="bbox 203 2312 1048 2380; baseline -0.002 -17"><span class='ocrx_word' id='word_1_299' title='bbox 203 2315 308 2380; x_wconf 66' lang='lat' dir='ltr'><strong>regulae</strong></span> <span class='ocrx_word' id='word_1_300' title='bbox 325 2312 501 2365; x_wconf 70' lang='lat' dir='ltr'><strong>harmonicae*</strong></span> <span class='ocrx_word' id='word_1_301' title='bbox 523 2312 677 2380; x_wconf 79' lang='grc' dir='ltr'>(καταπομη</span> <span class='ocrx_word' id='word_1_302' title='bbox 694 2328 747 2363; x_wconf 79' lang='grc' dir='ltr'><strong>του</strong></span> <span class='ocrx_word' id='word_1_303' title='bbox 764 2313 899 2377; x_wconf 69' lang='lat' dir='ltr'><strong>annosos)</strong></span> <span class='ocrx_word' id='word_1_304' title='bbox 917 2315 1048 2380; x_wconf 88' lang='lat' dir='ltr'><strong>pertinent.</strong></span> 
     </span>
    </p>
   </div>
   <div class='ocr_carea' id='block_1_4' title="bbox 204 2488 1565 2842">
    <p class='ocr_par' dir='ltr' id='par_1_4' title="bbox 204 2488 1565 2842">
     <span class='ocr_line' id='line_1_27' title="bbox 278 2488 1564 2556; baseline 0.004 -16"><span class='ocrx_word' id='word_1_305' title='bbox 278 2488 324 2553; x_wconf 85' lang='lat' dir='ltr'><strong>tt)</strong></span> <span class='ocrx_word' id='word_1_306' title='bbox 343 2507 366 2556; x_wconf 92' lang='lat' dir='ltr'><strong>p.</strong></span> <span class='ocrx_word' id='word_1_307' title='bbox 388 2488 447 2540; x_wconf 84' lang='grc'><strong>148.</strong></span> <span class='ocrx_word' id='word_1_308' title='bbox 487 2489 661 2555; x_wconf 84' lang='lat' dir='ltr'><strong>Campanas</strong></span> <span class='ocrx_word' id='word_1_309' title='bbox 680 2490 714 2554; x_wconf 83' lang='lat' dir='ltr'><strong>(c.</strong></span> <span class='ocrx_word' id='word_1_310' title='bbox 734 2508 766 2541; x_wconf 88' lang='lat' dir='ltr'><strong>m.</strong></span> <span class='ocrx_word' id='word_1_311' title='bbox 786 2505 836 2542; x_wconf 87' lang='lat' dir='ltr'><strong>sec.</strong></span> <span class='ocrx_word' id='word_1_312' title='bbox 856 2489 928 2553; x_wconf 84' lang='lat' dir='ltr'><strong>iiiii)</strong></span> <span class='ocrx_word' id='word_1_313' title='bbox 952 2494 1133 2542; x_wconf 85' lang='lat' dir='ltr'><strong>commentatus</strong></span> <span class='ocrx_word' id='word_1_314' title='bbox 1157 2498 1195 2541; x_wconf 89' lang='lat' dir='ltr'><strong>est</strong></span> <span class='ocrx_word' id='word_1_315' title='bbox 1217 2489 1371 2542; x_wconf 69' lang='lat' dir='ltr'><strong>adelardi</strong></span> <span class='ocrx_word' id='word_1_316' title='bbox 1395 2490 1564 2545; x_wconf 85' lang='lat' dir='ltr'><strong>Bathonensis</strong></span> 
     </span>
     <span class='ocr_line' id='line_1_28' title="bbox 206 2561 1565 2628; baseline 0 -14"><span class='ocrx_word' id='word_1_317' title='bbox 206 2564 433 2628; x_wconf 86' lang='lat' dir='ltr'><strong>interpretationem</strong></span> <span class='ocrx_word' id='word_1_318' title='bbox 446 2561 563 2613; x_wconf 76' lang='lat' dir='ltr'><strong>Euclidis.</strong></span> <span class='ocrx_word' id='word_1_319' title='bbox 591 2562 699 2613; x_wconf 81' lang='lat' dir='ltr'><strong>Primam</strong></span> <span class='ocrx_word' id='word_1_320' title='bbox 718 2564 782 2627; x_wconf 82' lang='lat' dir='ltr'><strong>typis</strong></span> <span class='ocrx_word' id='word_1_321' title='bbox 801 2577 904 2613; x_wconf 85' lang='lat' dir='ltr'><strong>excusus</strong></span> <span class='ocrx_word' id='word_1_322' title='bbox 920 2568 958 2613; x_wconf 89' lang='lat' dir='ltr'><strong>est</strong></span> <span class='ocrx_word' id='word_1_323' title='bbox 971 2565 1161 2613; x_wconf 83' lang='lat' dir='ltr'><strong>commentarius</strong></span> <span class='ocrx_word' id='word_1_324' title='bbox 1174 2562 1295 2627; x_wconf 82' lang='lat' dir='ltr'><strong>Campani</strong></span> <span class='ocrx_word' id='word_1_325' title='bbox 1305 2562 1427 2626; x_wconf 76' lang='lat' dir='ltr'><strong>venetiis,</strong></span> <span class='ocrx_word' id='word_1_326' title='bbox 1446 2578 1470 2614; x_wconf 90' lang='lat' dir='ltr'><strong>a.</strong></span> <span class='ocrx_word' id='word_1_327' title='bbox 1485 2562 1565 2625; x_wconf 79' lang='lat' dir='ltr'><strong>tter,</strong></span> 
     </span>
     <span class='ocr_line' id='line_1_29' title="bbox 204 2624 1565 2700; baseline 0.001 -15"><span class='ocrx_word' id='word_1_328' title='bbox 204 2639 346 2700; x_wconf 80' lang='lat' dir='ltr'><strong>passimque</strong></span> <span class='ocrx_word' id='word_1_329' title='bbox 364 2634 470 2684; x_wconf 83' lang='lat' dir='ltr'><strong>occurrit</strong></span> <span class='ocrx_word' id='word_1_330' title='bbox 488 2635 554 2684; x_wconf 83' lang='lat' dir='ltr'><strong>inter</strong></span> <span class='ocrx_word' id='word_1_331' title='bbox 571 2637 717 2697; x_wconf 82' lang='lat' dir='ltr'><strong>posteriores</strong></span> <span class='ocrx_word' id='word_1_332' title='bbox 736 2634 844 2684; x_wconf 68' lang='lat' dir='ltr'><strong>Euclide</strong></span> <span class='ocrx_word' id='word_1_333' title='bbox 868 2635 996 2685; x_wconf 82' lang='lat' dir='ltr'><strong>editiones.</strong></span> <span class='ocrx_word' id='word_1_334' title='bbox 1035 2633 1156 2698; x_wconf 87' lang='lat' dir='ltr'><strong>Campani</strong></span> <span class='ocrx_word' id='word_1_335' title='bbox 1179 2624 1240 2683; x_wconf 84' lang='lat' dir='ltr'><strong>iiber</strong></span> <span class='ocrx_word' id='word_1_336' title='bbox 1257 2633 1304 2684; x_wconf 86' lang='lat' dir='ltr'><strong>XV</strong></span> <span class='ocrx_word' id='word_1_337' title='bbox 1328 2634 1410 2685; x_wconf 79' lang='lat' dir='ltr'><strong>differt</strong></span> <span class='ocrx_word' id='word_1_338' title='bbox 1428 2636 1460 2686; x_wconf 88' lang='lat' dir='ltr'><strong>ab</strong></span> <span class='ocrx_word' id='word_1_339' title='bbox 1478 2636 1565 2687; x_wconf 89' lang='lat' dir='ltr'><strong>eodem</strong></span> 
     </span>
     <span class='ocr_line' id='line_1_30' title="bbox 205 2703 1564 2770; baseline 0.001 -13"><span class='ocrx_word' id='word_1_340' title='bbox 205 2723 254 2766; x_wconf 80' lang='lat' dir='ltr'><strong>„ex</strong></span> <span class='ocrx_word' id='word_1_341' title='bbox 271 2707 394 2770; x_wconf 85' lang='lat' dir='ltr'><strong>Hypsiciis</strong></span> <span class='ocrx_word' id='word_1_342' title='bbox 413 2705 572 2755; x_wconf 79' lang='lat' dir='ltr'><strong>Alexandrini</strong></span> <span class='ocrx_word' id='word_1_343' title='bbox 597 2707 756 2763; x_wconf 50' lang='lat' dir='ltr'><strong>mditionffi,</strong></span> <span class='ocrx_word' id='word_1_344' title='bbox 782 2706 918 2770; x_wconf 85' lang='lat' dir='ltr'><strong>ultimaque</strong></span> <span class='ocrx_word' id='word_1_345' title='bbox 942 2706 1106 2770; x_wconf 82' lang='lat' dir='ltr'><strong>„propositio“</strong></span> <span class='ocrx_word' id='word_1_346' title='bbox 1135 2703 1193 2768; x_wconf 82' lang='lat' dir='ltr'><strong>(id)</strong></span> <span class='ocrx_word' id='word_1_347' title='bbox 1217 2705 1282 2755; x_wconf 91' lang='lat' dir='ltr'><strong>illins</strong></span> <span class='ocrx_word' id='word_1_348' title='bbox 1306 2707 1370 2757; x_wconf 87' lang='lat' dir='ltr'><strong>haee</strong></span> <span class='ocrx_word' id='word_1_349' title='bbox 1396 2714 1448 2757; x_wconf 88' lang='lat' dir='ltr'><strong>est:</strong></span> <span class='ocrx_word' id='word_1_350' title='bbox 1479 2706 1564 2758; x_wconf 78' lang='lat' dir='ltr'><strong>Fabri·</strong></span> 
     </span>
     <span class='ocr_line' id='line_1_31' title="bbox 204 2774 1422 2842; baseline 0 -13"><span class='ocrx_word' id='word_1_351' title='bbox 204 2785 263 2829; x_wconf 76' lang='lat' dir='ltr'><strong>osto</strong></span> <span class='ocrx_word' id='word_1_352' title='bbox 281 2778 364 2842; x_wconf 82' lang='lat' dir='ltr'><strong>quovis</strong></span> <span class='ocrx_word' id='word_1_353' title='bbox 381 2778 488 2842; x_wconf 89' lang='lat' dir='ltr'><strong>quinque</strong></span> <span class='ocrx_word' id='word_1_354' title='bbox 505 2777 656 2842; x_wconf 75' lang='lat' dir='ltr'><strong>regularium</strong></span> <span class='ocrx_word' id='word_1_355' title='bbox 674 2791 800 2841; x_wconf 80' lang='lat' dir='ltr'><strong>carpetam</strong></span> <span class='ocrx_word' id='word_1_356' title='bbox 818 2778 863 2828; x_wconf 85' lang='lat' dir='ltr'><strong>sibi</strong></span> <span class='ocrx_word' id='word_1_357' title='bbox 882 2777 1015 2841; x_wconf 85' lang='lat' dir='ltr'><strong>sphaeram</strong></span> <span class='ocrx_word' id='word_1_358' title='bbox 1033 2777 1166 2831; x_wconf 79' lang='lat' dir='ltr'><strong>inscribere</strong></span> <span class='ocrx_word' id='word_1_359' title='bbox 1185 2774 1236 2838; x_wconf 85' lang='lat' dir='ltr'><strong>(ed</strong></span> <span class='ocrx_word' id='word_1_360' title='bbox 1252 2776 1422 2840; x_wconf 72' lang='lat' dir='ltr'><strong>Bas-1558).</strong></span> 
     </span>
    </p>
   </div>
   <div class='ocr_carea' id='block_1_5' title="bbox 201 2949 1566 3161">
    <p class='ocr_par' dir='ltr' id='par_1_5' title="bbox 201 2949 1566 3161">
     <span class='ocr_line' id='line_1_32' title="bbox 274 2949 1566 3019; baseline 0.005 -19"><span class='ocrx_word' id='word_1_361' title='bbox 274 2949 322 3014; x_wconf 84' lang='grc'><strong>41)</strong></span> <span class='ocrx_word' id='word_1_362' title='bbox 338 2964 363 3018; x_wconf 83' lang='lat' dir='ltr'><strong>p.</strong></span> <span class='ocrx_word' id='word_1_363' title='bbox 382 2950 443 3003; x_wconf 80' lang='lat' dir='ltr'><strong>tte.</strong></span> <span class='ocrx_word' id='word_1_364' title='bbox 474 2950 544 3005; x_wconf 73' lang='lat' dir='ltr'><strong>Voce</strong></span> <span class='ocrx_word' id='word_1_365' title='bbox 565 2950 676 3019; x_wconf 76' lang='lat' dir='ltr'><strong>„ligura‘</strong></span> <span class='ocrx_word' id='word_1_366' title='bbox 690 2952 813 3018; x_wconf 84' lang='lat' dir='ltr'><strong>Keplerus</strong></span> <span class='ocrx_word' id='word_1_367' title='bbox 831 2953 958 3019; x_wconf 74' lang='lat' dir='ltr'><strong>signifieat</strong></span> <span class='ocrx_word' id='word_1_368' title='bbox 976 2966 1086 3016; x_wconf 90' lang='lat' dir='ltr'><strong>corpus</strong></span> <span class='ocrx_word' id='word_1_369' title='bbox 1104 2952 1226 3018; x_wconf 65' lang='lat' dir='ltr'><strong>regulare</strong></span> <span class='ocrx_word' id='word_1_370' title='bbox 1245 2964 1305 3002; x_wconf 80' lang='lat' dir='ltr'><strong>voce</strong></span> <span class='ocrx_word' id='word_1_371' title='bbox 1325 2954 1468 3017; x_wconf 61' lang='lat' dir='ltr'><strong>„poteaw</strong></span> <span class='ocrx_word' id='word_1_372' title='bbox 1488 2957 1566 3006; x_wconf 83' lang='lat' dir='ltr'><strong>atitur</strong></span> 
     </span>
     <span class='ocr_line' id='line_1_33' title="bbox 201 3019 1563 3090; baseline 0.002 -16"><span class='ocrx_word' id='word_1_373' title='bbox 201 3040 247 3089; x_wconf 89' lang='lat' dir='ltr'><strong>pro</strong></span> <span class='ocrx_word' id='word_1_374' title='bbox 264 3026 392 3090; x_wconf 85' lang='lat' dir='ltr'><strong>quadrato.</strong></span> <span class='ocrx_word' id='word_1_375' title='bbox 431 3025 515 3074; x_wconf 86' lang='lat' dir='ltr'><strong>Verba</strong></span> <span class='ocrx_word' id='word_1_376' title='bbox 533 3024 635 3089; x_wconf 86' lang='lat' dir='ltr'><strong>Kepleri</strong></span> <span class='ocrx_word' id='word_1_377' title='bbox 654 3024 717 3075; x_wconf 90' lang='lat' dir='ltr'><strong>haec</strong></span> <span class='ocrx_word' id='word_1_378' title='bbox 736 3026 851 3090; x_wconf 78' lang='lat' dir='ltr'><strong>signant:</strong></span> <span class='ocrx_word' id='word_1_379' title='bbox 880 3021 943 3075; x_wconf 79' lang='lat'>110¹</span> <span class='ocrx_word' id='word_1_380' title='bbox 960 3040 996 3067; x_wconf 95' lang='lat'>=</span> <span class='ocrx_word' id='word_1_381' title='bbox 1014 3019 1065 3073; x_wconf 79' lang='lat'>111¹</span> <span class='ocrx_word' id='word_1_382' title='bbox 1079 3023 1113 3086; x_wconf 77' lang='lat' dir='ltr'><strong>-i-</strong></span> <span class='ocrx_word' id='word_1_383' title='bbox 1129 3021 1186 3079; x_wconf 81' lang='lat'><strong>10⁸.</strong></span> <span class='ocrx_word' id='word_1_384' title='bbox 1206 3031 1232 3073; x_wconf 87' lang='lat' dir='ltr'><strong>et</strong></span> <span class='ocrx_word' id='word_1_385' title='bbox 1249 3020 1311 3073; x_wconf 80' lang='lat'><strong>110¹</strong></span> <span class='ocrx_word' id='word_1_386' title='bbox 1330 3052 1363 3061; x_wconf 92' lang='lat'>-</span> <span class='ocrx_word' id='word_1_387' title='bbox 1383 3023 1563 3077; x_wconf 79' lang='lat' dir='ltr'><strong>nt²=10⁸.</strong></span> 
     </span>
     <span class='ocr_line' id='line_1_34' title="bbox 202 3090 1372 3161; baseline -0.002 -14"><span class='ocrx_word' id='word_1_388' title='bbox 202 3097 247 3147; x_wconf 90' lang='lat' dir='ltr'><strong>Sic</strong></span> <span class='ocrx_word' id='word_1_389' title='bbox 264 3097 338 3161; x_wconf 85' lang='lat' dir='ltr'><strong>paulo</strong></span> <span class='ocrx_word' id='word_1_390' title='bbox 356 3097 427 3158; x_wconf 79' lang='lat' dir='ltr'><strong>inira,</strong></span> <span class='ocrx_word' id='word_1_391' title='bbox 448 3102 560 3147; x_wconf 72' lang='lat' dir='ltr'><strong>memte</strong></span> <span class='ocrx_word' id='word_1_392' title='bbox 578 3097 634 3147; x_wconf 87' lang='lat' dir='ltr'><strong>cubi</strong></span> <span class='ocrx_word' id='word_1_393' title='bbox 653 3098 693 3146; x_wconf 86' lang='lat' dir='ltr'><strong>asi</strong></span> <span class='ocrx_word' id='word_1_394' title='bbox 711 3110 747 3138; x_wconf 91' lang='lat'>=</span> <span class='ocrx_word' id='word_1_395' title='bbox 765 3110 790 3155; x_wconf 82' lang='lat' dir='ltr'><strong>a,</strong></span> <span class='ocrx_word' id='word_1_396' title='bbox 810 3099 912 3161; x_wconf 77' lang='lat' dir='ltr'><strong>eiusque</strong></span> <span class='ocrx_word' id='word_1_397' title='bbox 929 3095 1008 3147; x_wconf 83' lang='lat' dir='ltr'><strong>latore</strong></span> <span class='ocrx_word' id='word_1_398' title='bbox 1026 3110 1062 3137; x_wconf 91' lang='lat'>=</span> <span class='ocrx_word' id='word_1_399' title='bbox 1080 3096 1112 3145; x_wconf 91' lang='lat' dir='ltr'><strong>b:</strong></span> <span class='ocrx_word' id='word_1_400' title='bbox 1132 3092 1162 3146; x_wconf 76' lang='grc' dir='ltr'><strong>1)ι</strong></span> <span class='ocrx_word' id='word_1_401' title='bbox 1179 3108 1216 3139; x_wconf 84' lang='lat'><strong>==</strong></span> <span class='ocrx_word' id='word_1_402' title='bbox 1237 3091 1265 3158; x_wconf 76' lang='grc' dir='ltr'><strong>Ἰ,</strong></span> <span class='ocrx_word' id='word_1_403' title='bbox 1278 3090 1309 3144; x_wconf 82' lang='lat' dir='ltr'><strong>a⁸</strong></span> <span class='ocrx_word' id='word_1_404' title='bbox 1325 3092 1372 3145; x_wconf 72' lang='lat' dir='ltr'><strong>de.</strong></span> 
     </span>
    </p>
   </div>
   <div class='ocr_carea' id='block_1_6' title="bbox 275 3270 1335 3551">
    <p class='ocr_par' dir='ltr' id='par_1_6' title="bbox 275 3270 1335 3551">
     <span class='ocr_line' id='line_1_35' title="bbox 275 3270 1335 3339; baseline 0 -18"><span class='ocrx_word' id='word_1_405' title='bbox 275 3270 321 3336; x_wconf 81' lang='grc'><strong>47)</strong></span> <span class='ocrx_word' id='word_1_406' title='bbox 340 3276 364 3339; x_wconf 92' lang='lat' dir='ltr'><strong>p&#39;.</strong></span> <span class='ocrx_word' id='word_1_407' title='bbox 386 3270 446 3323; x_wconf 84' lang='grc'><strong>148.</strong></span> <span class='ocrx_word' id='word_1_408' title='bbox 482 3270 566 3323; x_wconf 85' lang='lat' dir='ltr'><strong>Posito</strong></span> <span class='ocrx_word' id='word_1_409' title='bbox 584 3271 653 3323; x_wconf 90' lang='lat' dir='ltr'><strong>radio</strong></span> <span class='ocrx_word' id='word_1_410' title='bbox 671 3273 793 3337; x_wconf 83' lang='lat' dir='ltr'><strong>sphaerae</strong></span> <span class='ocrx_word' id='word_1_411' title='bbox 812 3273 906 3336; x_wconf 89' lang='lat' dir='ltr'><strong>corpori</strong></span> <span class='ocrx_word' id='word_1_412' title='bbox 923 3270 1032 3339; x_wconf 68' lang='lat' dir='ltr'><strong>regulari</strong></span> <span class='ocrx_word' id='word_1_413' title='bbox 1050 3272 1250 3336; x_wconf 78' lang='lat' dir='ltr'><strong>circumscriptae</strong></span> <span class='ocrx_word' id='word_1_414' title='bbox 1267 3286 1304 3313; x_wconf 93' lang='lat'><strong><em>=</em></strong></span> <span class='ocrx_word' id='word_1_415' title='bbox 1324 3271 1335 3321; x_wconf 94' lang='grc'><strong>1</strong></span> 
     </span>
     <span class='ocr_line' id='line_1_36' title="bbox 451 3338 1271 3408; baseline 0 -14"><span class='ocrx_word' id='word_1_416' title='bbox 451 3346 500 3395; x_wconf 89' lang='lat' dir='ltr'><strong>erit</strong></span> <span class='ocrx_word' id='word_1_417' title='bbox 516 3340 545 3407; x_wconf 90' lang='grc'><strong>1)</strong></span> <span class='ocrx_word' id='word_1_418' title='bbox 564 3345 630 3395; x_wconf 87' lang='lat' dir='ltr'><strong>latus</strong></span> <span class='ocrx_word' id='word_1_419' title='bbox 648 3346 706 3395; x_wconf 86' lang='lat' dir='ltr'><strong>cubi</strong></span> <span class='ocrx_word' id='word_1_420' title='bbox 786 3358 823 3385; x_wconf 96' lang='lat'>=</span> <span class='ocrx_word' id='word_1_421' title='bbox 839 3338 911 3408; x_wconf 61' lang='grc' dir='ltr'><strong>ν’),</strong></span> <span class='ocrx_word' id='word_1_422' title='bbox 931 3359 968 3386; x_wconf 81' lang='lat'>=</span> <span class='ocrx_word' id='word_1_423' title='bbox 989 3340 1017 3408; x_wconf 65' lang='grc'><strong>’1,</strong></span> <span class='ocrx_word' id='word_1_424' title='bbox 1038 3338 1092 3398; x_wconf 75' lang='lat' dir='ltr'><strong>vt</strong></span> <span class='ocrx_word' id='word_1_425' title='bbox 1110 3357 1146 3385; x_wconf 86' lang='lat'><strong><em>=</em></strong></span> <span class='ocrx_word' id='word_1_426' title='bbox 1167 3340 1271 3402; x_wconf 65' lang='lat' dir='ltr'><strong>tatii.</strong></span> 
     </span>
     <span class='ocr_line' id='line_1_37' title="bbox 516 3409 1291 3477; baseline 0 -13"><span class='ocrx_word' id='word_1_427' title='bbox 516 3412 545 3477; x_wconf 78' lang='grc'><strong>2)</strong></span> <span class='ocrx_word' id='word_1_428' title='bbox 564 3416 629 3465; x_wconf 84' lang='lat' dir='ltr'><strong>intus</strong></span> <span class='ocrx_word' id='word_1_429' title='bbox 648 3414 758 3466; x_wconf 69' lang='lat' dir='ltr'><strong>oeceses·</strong></span> <span class='ocrx_word' id='word_1_430' title='bbox 786 3430 823 3458; x_wconf 87' lang='lat'>=</span> <span class='ocrx_word' id='word_1_431' title='bbox 840 3409 894 3469; x_wconf 70' lang='lat' dir='ltr'><strong>Vi</strong></span> <span class='ocrx_word' id='word_1_432' title='bbox 1039 3462 1042 3467; x_wconf 79' lang='grc'>,</span> <span class='ocrx_word' id='word_1_433' title='bbox 1113 3429 1150 3456; x_wconf 88' lang='grc'><strong>-·</strong></span> <span class='ocrx_word' id='word_1_434' title='bbox 1168 3412 1291 3474; x_wconf 58' lang='lat' dir='ltr'><strong>milti.</strong></span> 
     </span>
     <span class='ocr_line' id='line_1_38' title="bbox 518 3480 1292 3551; baseline -0.001 -16"><span class='ocrx_word' id='word_1_435' title='bbox 518 3484 547 3549; x_wconf 81' lang='grc'><strong>3)</strong></span> <span class='ocrx_word' id='word_1_436' title='bbox 566 3486 632 3538; x_wconf 78' lang='lat' dir='ltr'><strong>istus</strong></span> <span class='ocrx_word' id='word_1_437' title='bbox 650 3488 769 3538; x_wconf 71' lang='lat' dir='ltr'><strong>monstro·</strong></span> <span class='ocrx_word' id='word_1_438' title='bbox 787 3500 823 3528; x_wconf 84' lang='lat'><strong>==</strong></span> <span class='ocrx_word' id='word_1_439' title='bbox 840 3482 869 3541; x_wconf 74' lang='lat' dir='ltr'>V</span> <span class='ocrx_word' id='word_1_440' title='bbox 881 3483 911 3551; x_wconf 79' lang='lat' dir='ltr'><strong>⁸i.</strong></span> <span class='ocrx_word' id='word_1_441' title='bbox 932 3501 968 3531; x_wconf 92' lang='lat'>=</span> <span class='ocrx_word' id='word_1_442' title='bbox 990 3482 1019 3550; x_wconf 78' lang='grc'><strong>’1.</strong></span> <span class='ocrx_word' id='word_1_443' title='bbox 1038 3480 1094 3540; x_wconf 77' lang='lat' dir='ltr'><strong>Vt</strong></span> <span class='ocrx_word' id='word_1_444' title='bbox 1112 3500 1149 3528; x_wconf 94' lang='lat'><strong><em>=</em></strong></span> <span class='ocrx_word' id='word_1_445' title='bbox 1169 3483 1292 3545; x_wconf 72' lang='grc'><strong>111119.</strong></span> 
     </span>
    </p>
   </div>
   <div class='ocr_carea' id='block_1_7' title="bbox 200 3644 1564 3999">
    <p class='ocr_par' dir='ltr' id='par_1_7' title="bbox 200 3644 1564 3999">
     <span class='ocr_line' id='line_1_39' title="bbox 273 3644 1563 3712; baseline 0 -15"><span class='ocrx_word' id='word_1_446' title='bbox 273 3645 322 3709; x_wconf 82' lang='grc'><strong>18)</strong></span> <span class='ocrx_word' id='word_1_447' title='bbox 334 3663 359 3712; x_wconf 91' lang='lat' dir='ltr'><strong>p.</strong></span> <span class='ocrx_word' id='word_1_448' title='bbox 371 3644 433 3696; x_wconf 82' lang='grc'><strong>149.</strong></span> <span class='ocrx_word' id='word_1_449' title='bbox 458 3646 566 3696; x_wconf 86' lang='lat' dir='ltr'><strong>Euclidis</strong></span> <span class='ocrx_word' id='word_1_450' title='bbox 579 3647 728 3698; x_wconf 83' lang='lat' dir='ltr'><strong>constructio</strong></span> <span class='ocrx_word' id='word_1_451' title='bbox 743 3645 890 3699; x_wconf 77' lang='lat' dir='ltr'><strong>dodecaddn&#39;</strong></span> <span class='ocrx_word' id='word_1_452' title='bbox 905 3646 991 3710; x_wconf 88' lang='lat' dir='ltr'><strong>paucis</strong></span> <span class='ocrx_word' id='word_1_453' title='bbox 1009 3645 1088 3695; x_wconf 83' lang='lat' dir='ltr'><strong>serbis</strong></span> <span class='ocrx_word' id='word_1_454' title='bbox 1103 3645 1181 3708; x_wconf 89' lang='lat' dir='ltr'><strong>repeti</strong></span> <span class='ocrx_word' id='word_1_455' title='bbox 1199 3645 1292 3710; x_wconf 86' lang='lat' dir='ltr'><strong>nequit.</strong></span> <span class='ocrx_word' id='word_1_456' title='bbox 1310 3659 1386 3710; x_wconf 84' lang='lat' dir='ltr'><strong>quare</strong></span> <span class='ocrx_word' id='word_1_457' title='bbox 1401 3645 1448 3699; x_wconf 91' lang='lat' dir='ltr'><strong>boc</strong></span> <span class='ocrx_word' id='word_1_458' title='bbox 1464 3651 1563 3697; x_wconf 86' lang='lat' dir='ltr'><strong>tantum</strong></span> 
     </span>
     <span class='ocr_line' id='line_1_40' title="bbox 202 3712 1564 3775; baseline -0.002 -5"><span class='ocrx_word' id='word_1_459' title='bbox 202 3716 235 3770; x_wconf 92' lang='lat' dir='ltr'><strong>de</strong></span> <span class='ocrx_word' id='word_1_460' title='bbox 253 3721 297 3771; x_wconf 87' lang='lat' dir='ltr'><strong>iiis</strong></span> <span class='ocrx_word' id='word_1_461' title='bbox 321 3726 450 3775; x_wconf 84' lang='lat' dir='ltr'><strong>notemus:</strong></span> <span class='ocrx_word' id='word_1_462' title='bbox 475 3719 554 3768; x_wconf 86' lang='lat' dir='ltr'><strong>latere</strong></span> <span class='ocrx_word' id='word_1_463' title='bbox 573 3716 628 3769; x_wconf 86' lang='lat' dir='ltr'><strong>cubi</strong></span> <span class='ocrx_word' id='word_1_464' title='bbox 647 3718 774 3768; x_wconf 84' lang='lat' dir='ltr'><strong>dimidiato</strong></span> <span class='ocrx_word' id='word_1_465' title='bbox 794 3724 820 3767; x_wconf 89' lang='lat' dir='ltr'><strong>et</strong></span> <span class='ocrx_word' id='word_1_466' title='bbox 835 3716 931 3766; x_wconf 65' lang='lat' dir='ltr'><strong>semini</strong></span> <span class='ocrx_word' id='word_1_467' title='bbox 952 3712 1087 3766; x_wconf 86' lang='lat' dir='ltr'><strong>seconduio</strong></span> <span class='ocrx_word' id='word_1_468' title='bbox 1110 3716 1219 3766; x_wconf 90' lang='lat' dir='ltr'><strong>mediam</strong></span> <span class='ocrx_word' id='word_1_469' title='bbox 1242 3722 1268 3766; x_wconf 92' lang='lat' dir='ltr'><strong>et</strong></span> <span class='ocrx_word' id='word_1_470' title='bbox 1290 3716 1424 3767; x_wconf 83' lang='lat' dir='ltr'><strong>ettiemam</strong></span> <span class='ocrx_word' id='word_1_471' title='bbox 1442 3719 1564 3767; x_wconf 58' lang='lat' dir='ltr'><strong>Monam</strong></span> 
     </span>
     <span class='ocr_line' id='line_1_41' title="bbox 200 3786 1564 3855; baseline -0.002 -14"><span class='ocrx_word' id='word_1_472' title='bbox 200 3799 282 3850; x_wconf 76' lang='lat' dir='ltr'><strong>secta,</strong></span> <span class='ocrx_word' id='word_1_473' title='bbox 300 3792 325 3840; x_wconf 92' lang='lat' dir='ltr'><strong>in</strong></span> <span class='ocrx_word' id='word_1_474' title='bbox 344 3792 442 3855; x_wconf 87' lang='lat' dir='ltr'><strong>punctis</strong></span> <span class='ocrx_word' id='word_1_475' title='bbox 459 3806 503 3854; x_wconf 90' lang='lat' dir='ltr'><strong>per</strong></span> <span class='ocrx_word' id='word_1_476' title='bbox 520 3790 586 3840; x_wconf 90' lang='lat' dir='ltr'><strong>hanc</strong></span> <span class='ocrx_word' id='word_1_477' title='bbox 603 3792 738 3839; x_wconf 82' lang='lat' dir='ltr'><strong>sectionem</strong></span> <span class='ocrx_word' id='word_1_478' title='bbox 755 3790 859 3853; x_wconf 79' lang='lat' dir='ltr'><strong>signatis</strong></span> <span class='ocrx_word' id='word_1_479' title='bbox 879 3787 1094 3852; x_wconf 88' lang='lat' dir='ltr'><strong>perpendiculares</strong></span> <span class='ocrx_word' id='word_1_480' title='bbox 1115 3787 1196 3837; x_wconf 86' lang='lat' dir='ltr'><strong>lineae</strong></span> <span class='ocrx_word' id='word_1_481' title='bbox 1216 3788 1249 3837; x_wconf 88' lang='lat' dir='ltr'><strong>ad</strong></span> <span class='ocrx_word' id='word_1_482' title='bbox 1269 3786 1347 3851; x_wconf 88' lang='lat' dir='ltr'><strong>plana</strong></span> <span class='ocrx_word' id='word_1_483' title='bbox 1366 3788 1422 3838; x_wconf 87' lang='lat' dir='ltr'><strong>cubi</strong></span> <span class='ocrx_word' id='word_1_484' title='bbox 1436 3789 1564 3854; x_wconf 79' lang='lat' dir='ltr'><strong>eriguntur</strong></span> 
     </span>
     <span class='ocr_line' id='line_1_42' title="bbox 200 3856 1563 3926; baseline -0.003 -14"><span class='ocrx_word' id='word_1_485' title='bbox 200 3864 352 3914; x_wconf 82' lang='lat' dir='ltr'><strong>sectionibus</strong></span> <span class='ocrx_word' id='word_1_486' title='bbox 374 3863 507 3926; x_wconf 87' lang='lat' dir='ltr'><strong>majoribus</strong></span> <span class='ocrx_word' id='word_1_487' title='bbox 527 3861 653 3926; x_wconf 83' lang='lat' dir='ltr'><strong>aequales.</strong></span> <span class='ocrx_word' id='word_1_488' title='bbox 682 3861 804 3922; x_wconf 86' lang='lat' dir='ltr'><strong>Trajectis</strong></span> <span class='ocrx_word' id='word_1_489' title='bbox 821 3874 866 3923; x_wconf 92' lang='lat' dir='ltr'><strong>per</strong></span> <span class='ocrx_word' id='word_1_490' title='bbox 883 3860 1001 3908; x_wconf 87' lang='lat' dir='ltr'><strong>terminos</strong></span> <span class='ocrx_word' id='word_1_491' title='bbox 1023 3859 1135 3911; x_wconf 88' lang='lat' dir='ltr'><strong>binarum</strong></span> <span class='ocrx_word' id='word_1_492' title='bbox 1154 3856 1392 3923; x_wconf 80' lang='lat' dir='ltr'><strong>perpendicularium</strong></span> <span class='ocrx_word' id='word_1_493' title='bbox 1411 3865 1437 3908; x_wconf 80' lang='lat' dir='ltr'><strong>et</strong></span> <span class='ocrx_word' id='word_1_494' title='bbox 1456 3856 1489 3907; x_wconf 82' lang='grc'><strong>12</strong></span> <span class='ocrx_word' id='word_1_495' title='bbox 1507 3859 1563 3908; x_wconf 89' lang='lat' dir='ltr'><strong>cubi</strong></span> 
     </span>
     <span class='ocr_line' id='line_1_43' title="bbox 201 3929 1561 3999; baseline -0.004 -16"><span class='ocrx_word' id='word_1_496' title='bbox 201 3935 284 3985; x_wconf 87' lang='lat' dir='ltr'><strong>latera</strong></span> <span class='ocrx_word' id='word_1_497' title='bbox 299 3934 466 3999; x_wconf 88' lang='lat' dir='ltr'><strong>planitiebus,</strong></span> <span class='ocrx_word' id='word_1_498' title='bbox 492 3935 649 3983; x_wconf 84' lang='lat' dir='ltr'><strong>constituitur</strong></span> <span class='ocrx_word' id='word_1_499' title='bbox 670 3931 857 3989; x_wconf 75' lang='lat' dir='ltr'><strong>dodecaedron,</strong></span> <span class='ocrx_word' id='word_1_500' title='bbox 880 3932 981 3995; x_wconf 81' lang='lat' dir='ltr'><strong>ejusque</strong></span> <span class='ocrx_word' id='word_1_501' title='bbox 1003 3930 1077 3988; x_wconf 87' lang='lat' dir='ltr'><strong>intas,</strong></span> <span class='ocrx_word' id='word_1_502' title='bbox 1103 3930 1204 3994; x_wconf 88' lang='lat' dir='ltr'><strong>duplum</strong></span> <span class='ocrx_word' id='word_1_503' title='bbox 1225 3932 1340 3981; x_wconf 88' lang='lat' dir='ltr'><strong>sectionis</strong></span> <span class='ocrx_word' id='word_1_504' title='bbox 1364 3929 1430 3979; x_wconf 90' lang='lat' dir='ltr'><strong>iilius</strong></span> <span class='ocrx_word' id='word_1_505' title='bbox 1452 3930 1561 3995; x_wconf 78' lang='lat' dir='ltr'><strong>majoris,</strong></span> 
     </span>
    </p>
   </div>
   <div class='ocr_carea' id='block_1_8' title="bbox 200 4014 1561 4137">
    <p class='ocr_par' dir='ltr' id='par_1_8' title="bbox 200 4014 1561 4137">
     <span class='ocr_line' id='line_1_44' title="bbox 200 4014 1561 4137; baseline -0.004 -37"><span class='ocrx_word' id='word_1_506' title='bbox 200 4048 309 4100; x_wconf 89' lang='lat' dir='ltr'><strong>medium</strong></span> <span class='ocrx_word' id='word_1_507' title='bbox 327 4050 356 4100; x_wconf 84' lang='lat' dir='ltr'><strong>dt</strong></span> <span class='ocrx_word' id='word_1_508' title='bbox 372 4050 555 4116; x_wconf 88' lang='lat' dir='ltr'><strong>proportionale</strong></span> <span class='ocrx_word' id='word_1_509' title='bbox 572 4049 657 4100; x_wconf 88' lang='lat' dir='ltr'><strong>lateris</strong></span> <span class='ocrx_word' id='word_1_510' title='bbox 672 4049 728 4100; x_wconf 86' lang='lat' dir='ltr'><strong>cubi</strong></span> <span class='ocrx_word' id='word_1_511' title='bbox 742 4051 843 4115; x_wconf 80' lang='lat' dir='ltr'><strong>eiusque</strong></span> <span class='ocrx_word' id='word_1_512' title='bbox 861 4049 939 4113; x_wconf 88' lang='lat' dir='ltr'><strong>partis</strong></span> <span class='ocrx_word' id='word_1_513' title='bbox 957 4047 1066 4099; x_wconf 82' lang='lat' dir='ltr'><strong>miiroris.</strong></span> <span class='ocrx_word' id='word_1_514' title='bbox 1094 4044 1146 4111; x_wconf 83' lang='lat' dir='ltr'><strong>(Sit</strong></span> <span class='ocrx_word' id='word_1_515' title='bbox 1163 4061 1180 4098; x_wconf 87' lang='lat' dir='ltr'><strong>a</strong></span> <span class='ocrx_word' id='word_1_516' title='bbox 1196 4047 1262 4097; x_wconf 88' lang='lat' dir='ltr'><strong>latus</strong></span> <span class='ocrx_word' id='word_1_517' title='bbox 1280 4046 1346 4102; x_wconf 87' lang='lat' dir='ltr'><strong>cubi,</strong></span> <span class='ocrx_word' id='word_1_518' title='bbox 1364 4014 1561 4137; x_wconf 69' lang='grc' dir='ltr'><strong>ο1-;’-;1;-·1ε</strong></span> 
     </span>
    </p>
   </div>
   <div class='ocr_carea' id='block_1_9' title="bbox 204 4134 1561 4260">
    <p class='ocr_par' dir='ltr' id='par_1_9' title="bbox 204 4134 1561 4260">
     <span class='ocr_line' id='line_1_45' title="bbox 204 4134 1561 4260; baseline 0.003 -53"><span class='ocrx_word' id='word_1_519' title='bbox 204 4134 766 4260; x_wconf 48' lang='lat' dir='ltr'><strong>g-sqmuaszosa-aa)</strong></span> <span class='ocrx_word' id='word_1_520' title='bbox 796 4161 852 4212; x_wconf 69' lang='lat' dir='ltr'><strong>nae</strong></span> <span class='ocrx_word' id='word_1_521' title='bbox 872 4159 1561 4225; x_wconf 61' lang='lat' dir='ltr'><strong>semanimoommeomuoooaooa</strong></span> 
     </span>
    </p>
   </div>
   <div class='ocr_carea' id='block_1_10' title="bbox 202 4290 1561 4649">
    <p class='ocr_par' dir='ltr' id='par_1_10' title="bbox 202 4290 1561 4649">
     <span class='ocr_line' id='line_1_46' title="bbox 271 4290 1561 4356; baseline -0.005 -7"><span class='ocrx_word' id='word_1_522' title='bbox 271 4298 302 4349; x_wconf 90' lang='lat' dir='ltr'><strong>In</strong></span> <span class='ocrx_word' id='word_1_523' title='bbox 319 4296 441 4348; x_wconf 72' lang='lat' dir='ltr'><strong>icoeaedrt</strong></span> <span class='ocrx_word' id='word_1_524' title='bbox 460 4298 642 4347; x_wconf 85' lang='lat' dir='ltr'><strong>constructione</strong></span> <span class='ocrx_word' id='word_1_525' title='bbox 662 4293 782 4344; x_wconf 87' lang='lat' dir='ltr'><strong>Euciidea</strong></span> <span class='ocrx_word' id='word_1_526' title='bbox 800 4293 921 4343; x_wconf 86' lang='lat' dir='ltr'><strong>diameter</strong></span> <span class='ocrx_word' id='word_1_527' title='bbox 939 4293 1075 4356; x_wconf 84' lang='lat' dir='ltr'><strong>sphaerae,</strong></span> <span class='ocrx_word' id='word_1_528' title='bbox 1095 4292 1135 4342; x_wconf 85' lang='lat' dir='ltr'><strong>cui</strong></span> <span class='ocrx_word' id='word_1_529' title='bbox 1154 4306 1240 4356; x_wconf 91' lang='lat' dir='ltr'><strong>corpus</strong></span> <span class='ocrx_word' id='word_1_530' title='bbox 1264 4290 1445 4343; x_wconf 86' lang='lat' dir='ltr'><strong>inscribendum</strong></span> <span class='ocrx_word' id='word_1_531' title='bbox 1464 4290 1516 4350; x_wconf 88' lang='lat' dir='ltr'><strong>est,</strong></span> <span class='ocrx_word' id='word_1_532' title='bbox 1535 4293 1561 4343; x_wconf 90' lang='lat' dir='ltr'><strong>in</strong></span> 
     </span>
     <span class='ocr_line' id='line_1_47' title="bbox 205 4361 1561 4434; baseline -0.004 -16"><span class='ocrx_word' id='word_1_533' title='bbox 205 4369 221 4418; x_wconf 78' lang='lat' dir='ltr'><strong>d</strong></span> <span class='ocrx_word' id='word_1_534' title='bbox 241 4369 358 4434; x_wconf 81' lang='lat' dir='ltr'><strong>aequales</strong></span> <span class='ocrx_word' id='word_1_535' title='bbox 377 4369 492 4418; x_wconf 79' lang='lat' dir='ltr'><strong>dividitur</strong></span> <span class='ocrx_word' id='word_1_536' title='bbox 509 4374 608 4432; x_wconf 85' lang='lat' dir='ltr'><strong>partes,</strong></span> <span class='ocrx_word' id='word_1_537' title='bbox 628 4373 654 4415; x_wconf 88' lang='lat' dir='ltr'><strong>et</strong></span> <span class='ocrx_word' id='word_1_538' title='bbox 671 4366 754 4421; x_wconf 87' lang='lat' dir='ltr'><strong>radit,</strong></span> <span class='ocrx_word' id='word_1_539' title='bbox 772 4366 812 4429; x_wconf 83' lang='lat' dir='ltr'><strong>qui</strong></span> <span class='ocrx_word' id='word_1_540' title='bbox 832 4372 870 4414; x_wconf 89' lang='lat' dir='ltr'><strong>est</strong></span> <span class='ocrx_word' id='word_1_541' title='bbox 888 4365 998 4414; x_wconf 66' lang='grc'><strong>1111111111</strong></span> <span class='ocrx_word' id='word_1_542' title='bbox 1015 4364 1195 4429; x_wconf 86' lang='lat' dir='ltr'><strong>proportionale</strong></span> <span class='ocrx_word' id='word_1_543' title='bbox 1213 4364 1278 4412; x_wconf 88' lang='lat' dir='ltr'><strong>inter</strong></span> <span class='ocrx_word' id='word_1_544' title='bbox 1295 4361 1442 4413; x_wconf 85' lang='lat' dir='ltr'><strong>diametrum</strong></span> <span class='ocrx_word' id='word_1_545' title='bbox 1461 4367 1561 4429; x_wconf 77' lang='lat' dir='ltr'><strong>eiusque</strong></span> 
     </span>
     <span class='ocr_line' id='line_1_48' title="bbox 202 4432 1561 4506; baseline -0.004 -16"><span class='ocrx_word' id='word_1_546' title='bbox 202 4444 313 4506; x_wconf 80' lang='lat' dir='ltr'><strong>quintam</strong></span> <span class='ocrx_word' id='word_1_547' title='bbox 331 4447 428 4504; x_wconf 88' lang='lat' dir='ltr'><strong>partem</strong></span> <span class='ocrx_word' id='word_1_548' title='bbox 441 4441 547 4488; x_wconf 90' lang='lat' dir='ltr'><strong>circulus</strong></span> <span class='ocrx_word' id='word_1_549' title='bbox 560 4438 711 4488; x_wconf 88' lang='lat' dir='ltr'><strong>describitur.</strong></span> <span class='ocrx_word' id='word_1_550' title='bbox 744 4436 839 4486; x_wconf 88' lang='lat' dir='ltr'><strong>Latera</strong></span> <span class='ocrx_word' id='word_1_551' title='bbox 857 4434 1034 4500; x_wconf 77' lang='lat' dir='ltr'><strong>quinquanguii</strong></span> <span class='ocrx_word' id='word_1_552' title='bbox 1052 4435 1172 4500; x_wconf 78' lang='lat' dir='ltr'><strong>regularia</strong></span> <span class='ocrx_word' id='word_1_553' title='bbox 1189 4433 1246 4483; x_wconf 88' lang='lat' dir='ltr'><strong>huic</strong></span> <span class='ocrx_word' id='word_1_554' title='bbox 1265 4432 1357 4484; x_wconf 91' lang='lat' dir='ltr'><strong>circulo</strong></span> <span class='ocrx_word' id='word_1_555' title='bbox 1375 4434 1485 4498; x_wconf 89' lang='lat' dir='ltr'><strong>inscripti</strong></span> <span class='ocrx_word' id='word_1_556' title='bbox 1503 4442 1561 4485; x_wconf 86' lang='lat' dir='ltr'><strong>taut</strong></span> 
     </span>
     <span class='ocr_line' id='line_1_49' title="bbox 202 4502 1560 4577; baseline -0.003 -17"><span class='ocrx_word' id='word_1_557' title='bbox 202 4513 283 4562; x_wconf 88' lang='lat' dir='ltr'><strong>latera</strong></span> <span class='ocrx_word' id='word_1_558' title='bbox 305 4513 410 4577; x_wconf 85' lang='lat' dir='ltr'><strong>quaesiti</strong></span> <span class='ocrx_word' id='word_1_559' title='bbox 436 4512 550 4573; x_wconf 79' lang='lat' dir='ltr'><strong>corporis.</strong></span> <span class='ocrx_word' id='word_1_560' title='bbox 588 4509 625 4558; x_wconf 83' lang='lat' dir='ltr'><strong>Ex</strong></span> <span class='ocrx_word' id='word_1_561' title='bbox 652 4507 740 4559; x_wconf 87' lang='lat' dir='ltr'><strong>eadem</strong></span> <span class='ocrx_word' id='word_1_562' title='bbox 768 4507 950 4559; x_wconf 85' lang='lat' dir='ltr'><strong>constructione</strong></span> <span class='ocrx_word' id='word_1_563' title='bbox 976 4512 1063 4570; x_wconf 81' lang='lat' dir='ltr'><strong>patet,</strong></span> <span class='ocrx_word' id='word_1_564' title='bbox 1091 4505 1238 4570; x_wconf 86' lang='lat' dir='ltr'><strong>quadratum</strong></span> <span class='ocrx_word' id='word_1_565' title='bbox 1266 4507 1320 4555; x_wconf 82' lang='lat' dir='ltr'><strong>axis</strong></span> <span class='ocrx_word' id='word_1_566' title='bbox 1348 4502 1384 4566; x_wconf 91' lang='lat' dir='ltr'><strong>(h.</strong></span> <span class='ocrx_word' id='word_1_567' title='bbox 1405 4520 1427 4556; x_wconf 93' lang='lat' dir='ltr'><strong>e.</strong></span> <span class='ocrx_word' id='word_1_568' title='bbox 1448 4505 1560 4556; x_wconf 77' lang='lat' dir='ltr'><strong>diametri</strong></span> 
     </span>
     <span class='ocr_line' id='line_1_50' title="bbox 203 4576 1264 4649; baseline -0.008 -15"><span class='ocrx_word' id='word_1_569' title='bbox 203 4580 335 4649; x_wconf 84' lang='lat' dir='ltr'><strong>sphaerae)</strong></span> <span class='ocrx_word' id='word_1_570' title='bbox 355 4596 463 4646; x_wconf 89' lang='lat' dir='ltr'><strong>aequare</strong></span> <span class='ocrx_word' id='word_1_571' title='bbox 481 4582 628 4646; x_wconf 85' lang='lat' dir='ltr'><strong>quadratum</strong></span> <span class='ocrx_word' id='word_1_572' title='bbox 648 4580 791 4645; x_wconf 88' lang='lat' dir='ltr'><strong>quintnpiae</strong></span> <span class='ocrx_word' id='word_1_573' title='bbox 810 4578 986 4629; x_wconf 86' lang='lat' dir='ltr'><strong>semidiametri</strong></span> <span class='ocrx_word' id='word_1_574' title='bbox 1003 4577 1080 4628; x_wconf 87' lang='lat' dir='ltr'><strong>modo</strong></span> <span class='ocrx_word' id='word_1_575' title='bbox 1095 4576 1154 4626; x_wconf 85' lang='lat' dir='ltr'><strong>dicti</strong></span> <span class='ocrx_word' id='word_1_576' title='bbox 1172 4577 1264 4627; x_wconf 90' lang='lat' dir='ltr'><strong>circuli.</strong></span> 
     </span>
    </p>
   </div>
   <div class='ocr_carea' id='block_1_11' title="bbox 423 4665 1101 4810">
    <p class='ocr_par' dir='ltr' id='par_1_11' title="bbox 423 4665 1101 4810">
     <span class='ocr_line' id='line_1_51' title="bbox 423 4665 1101 4810; baseline -0.013 -43"><span class='ocrx_word' id='word_1_577' title='bbox 423 4714 461 4767; x_wconf 84' lang='lat' dir='ltr'><strong>Sit</strong></span> <span class='ocrx_word' id='word_1_578' title='bbox 478 4715 503 4766; x_wconf 90' lang='lat' dir='ltr'>D</span> <span class='ocrx_word' id='word_1_579' title='bbox 517 4717 584 4785; x_wconf 25' lang='lat' dir='ltr'><strong>saxis,</strong></span> <span class='ocrx_word' id='word_1_580' title='bbox 604 4715 704 4766; x_wconf 83' lang='lat' dir='ltr'><strong>alatus</strong></span> <span class='ocrx_word' id='word_1_581' title='bbox 722 4713 787 4773; x_wconf 83' lang='lat' dir='ltr'><strong>cuti,</strong></span> <span class='ocrx_word' id='word_1_582' title='bbox 806 4712 853 4763; x_wconf 88' lang='lat' dir='ltr'><strong>erit</strong></span> <span class='ocrx_word' id='word_1_583' title='bbox 881 4708 909 4773; x_wconf 88' lang='grc'><strong>1)</strong></span> <span class='ocrx_word' id='word_1_584' title='bbox 927 4665 1025 4810; x_wconf 54' lang='lat' dir='ltr'><strong>ari}</strong></span> <span class='ocrx_word' id='word_1_585' title='bbox 1038 4702 1101 4764; x_wconf 72' lang='lat' dir='ltr'><strong>Vd.</strong></span> 
     </span>
    </p>
   </div>
   <div class='ocr_carea' id='block_1_12' title="bbox 0 0 1810 5634">
    <p class='ocr_par' dir='ltr' id='par_1_12' title="bbox 0 0 1810 5634">
     <span class='ocr_line' id='line_1_52' title="bbox 0 0 1810 5634; baseline 0 2"><span class='ocrx_word' id='word_1_586' title='bbox 0 0 1810 5634; x_wconf 95' lang='lat' dir='ltr'><strong> </strong></span> 
     </span>
    </p>
   </div>
  </div>
 </body>
</html>
