3609 5634
236 336 302 404 280
689 334 720 385 ln
739 333 809 400 apol.
829 333 909 398 Tycb.
933 338 1021 384 contra
1038 330 1129 384 Ursum

316 498 403 561 Nunc,
426 513 486 551 cum
506 496 541 551 lis
562 501 590 550 te
611 495 684 550 inter
703 501 734 551 et
742 473 905 567 ='l'ychonem
925 514 980 551 non
994 511 1129 567 personas
1144 496 1274 560 attineat,
1297 497 1345 549 sed
1359 495 1387 548 in
1401 494 1510 564 philoso
1551 494 1600 548 iae

236 581 296 635 foro
310 584 445 641 versetur,
466 595 517 631 nec
531 577 568 631 ab
582 593 615 629 eo
635 577 725 646 possit
745 576 856 631 excludi
869 577 952 640 ullus,
975 576 1021 647 qui
1036 574 1178 630 scientiam
1194 576 1375 631 humanarum
1388 574 1598 645 divinarumque

236 676 327 715 rerum
348 661 438 721 amat,
461 656 526 727 quia
545 656 725 726 philosophia
748 659 887 711 commune
909 656 1021 728 generis
1037 655 1148 710 humani
1170 657 1271 710 bonurn
1285 662 1341 710 est:
1362 672 1413 709 nec
1432 670 1518 725 aegre
1534 653 1596 715 tibi,

235 738 337 795 homini
358 737 532 807 philosopho,
554 753 608 807 ego
630 736 732 801 facere,
755 755 806 791 nec
827 744 858 790 tu
878 737 944 791 mihi
965 755 1018 790 non
1041 736 1186 809 ignoscere
1207 736 1327 805 poteris,
1349 734 1372 789 si
1392 735 1519 804 partibus
1541 735 1598 805 Ty-

236 819 330 874 chonis
351 817 486 885 susceptis
513 823 542 869 te
568 817 678 886 publice
699 818 857 888 loquentem
888 816 999 887 publice
1021 833 1129 888 quoque
1151 816 1226 870 intra
1246 815 1441 886 philosophiae
1462 814 1596 869 terminos

208 944 220 960 ,
237 900 374 969 alloquar.
416 897 488 951 Nam
510 912 626 950 cumea
653 903 750 951 aetate
771 898 836 960 sim,
864 904 896 951 ut
924 899 956 950 de
978 897 1098 950 veritato
1123 913 1213 950 rerum
1238 896 1408 951 naturalium
1428 894 1596 949 certuumus

233 980 294 1050 jam
314 994 386 1032 nunc
406 993 467 1030 esse
488 991 631 1046 nequeam,
653 993 688 1030 ea
708 994 774 1031 vero
795 977 978 1047 propensione
999 977 1107 1038 mentis,
1127 982 1160 1030 ut
1180 977 1217 1029 ad
1237 976 1422 1047 indagandam
1442 991 1503 1029 eam
1522 976 1596 1028 reri·

237 1065 325 1113 tatem
350 1056 419 1110 nihil
444 1056 509 1109 mihi
537 1072 590 1109 non
617 1058 778 1110 tentandum
804 1074 866 1111 esse
893 1064 1002 1127 putem;
1031 1073 1120 1127 neque
1141 1057 1280 1126 Tyohonis
1307 1057 1419 1110 labores
1439 1062 1469 1108 et
1487 1054 1597 1124 placita

239 1144 412 1193 contemnere
433 1135 521 1206 potui,
544 1151 616 1206 qnae
636 1138 730 1208 magni
752 1137 780 1190 in
801 1142 862 1190 tota
881 1137 1059 1206 philosophia
1079 1136 1208 1190 momenti
1228 1153 1292 1191 esse
1312 1135 1484 1198 videbantur,
1505 1151 1596 1204 neque

204 1279 211 1285 ,
236 1235 307 1290 quaa
328 1224 360 1271 ιιι
381 1222 478 1270 contra
496 1232 547 1285 pro
567 1216 765 1271 Aristotelicae
786 1223 880 1270 sectae
904 1216 1072 1270 auctoritate
1090 1217 1261 1286 proferebas,
1283 1216 1439 1287 negligere.
1483 1215 1527 1268 Ex
1542 1214 1595 1267 boc

236 1300 308 1353 enim
328 1296 528 1350 contrariorum
548 1294 621 1350 inter
641 1313 671 1349 se
693 1295 818 1350 condictu
846 1296 983 1350 scintillae
1010 1297 1102 1349 solent
1132 1296 1194 1349 elici
1216 1298 1251 1349 ad
1272 1296 1422 1350 excitanda
1442 1294 1595 1348 clarissima

241 1379 293 1433 illa
313 1367 443 1431 veritatis
473 1374 606 1432 incendia.
649 1378 727 1439 Quae
749 1394 813 1430 vero
834 1376 900 1430 mihi
926 1376 1108 1446 pensiculatis
1134 1376 1277 1447 utriusque
1305 1375 1394 1445 partis
1424 1374 1596 1445 argumentis

236 1459 404 1519 viderentur,
426 1456 461 1509 ad
482 1461 511 1509 te
532 1455 622 1524 ipsum
643 1458 813 1526 perscribere
835 1456 923 1519 volui,
953 1456 1030 1526 quia,
1057 1456 1110 1508 etsi
1131 1455 1195 1526 quid
1224 1456 1315 1527 inique
1342 1456 1369 1509 in
1390 1461 1441 1508 tua
1461 1457 1595 1525 dogmata

237 1537 333 1600 statui,
355 1537 382 1590 id
402 1541 432 1589 te
452 1535 513 1604 ipso
534 1552 613 1588 nemo
633 1536 736 1590 rectius
757 1537 852 1597 diluet,
873 1543 903 1590 et
923 1535 1096 1590 indicandum
1117 1535 1167 1589 tibi
1189 1543 1259 1600 erat,
1281 1554 1336 1591 non
1356 1535 1418 1589 ideo
1438 1534 1525 1597 nobis,
1548 1534 1594 1604 qui

235 1616 374 1689 Tychonis
399 1615 644 1685 philosophemata
664 1633 872 1686 receperamus,
902 1617 947 1668 vel
969 1631 1114 1669 excussam
1135 1617 1181 1669 vel
1202 1617 1272 1669 omni
1297 1616 1405 1670 ratione
1433 1614 1596 1668 destitutam

234 1714 314 1760 esse,
337 1696 408 1766 quod
439 1694 559 1748 futurum
580 1696 705 1759 dixeras,
734 1696 879 1767 pristinam
905 1696 980 1750 illam
1002 1694 1169 1764 opinionem,
1196 1696 1262 1767 quia
1286 1712 1304 1750 a
1329 1703 1357 1749 te
1378 1694 1456 1747 illam
1480 1693 1596 1748 arietari

236 1778 360 1831 vidimus.
401 1775 440 1827 Ut
464 1780 556 1827 autern
576 1776 694 1844 publicis
716 1776 791 1846 typis
817 1776 843 1829 id
868 1776 960 1839 lieret,
992 1775 1129 1845 Tychonis
1151 1775 1266 1830 arbitrio
1293 1775 1464 1829 commissum
1483 1774 1548 1836 fuit,
1577 1789 1596 1826 a

237 1874 290 1929 quo
311 1854 378 1910 iacti
398 1853 534 1916 rationes,
562 1855 604 1908 uti
625 1872 706 1925 spero
727 1873 781 1910 non
802 1856 952 1919 absurdas,
984 1855 1089 1910 audies.
1132 1859 1173 1909 Ac
1193 1873 1261 1910 sane
1282 1856 1347 1927 quia
1369 1861 1400 1909 ιιι
1420 1854 1519 1908 librum
1539 1855 1595 1924 Ty·

237 1936 341 1998 ebonis,
364 1950 443 2005 quem
465 1934 621 1989 accuratius
643 1942 672 1989 te
693 1936 797 2008 legisse
818 1952 921 2006 negas,
950 1935 1124 2012 nihilominus
1153 1936 1276 1990 omnibus
1298 1934 1400 2009 ingenii
1422 1934 1524 1989 viribus
1546 1950 1595 2003 op·

237 2031 362 2087 pugnas,
393 2019 514 2084 atquae
542 2022 639 2086 coptra
664 2015 754 2069 dicere
781 2015 912 2085 potuisti,
943 2015 1086 2069 Germanis
1108 2017 1224 2080 nostris,
1251 2023 1283 2071 ιιι
1303 2015 1445 2086 intelligo,
1473 2015 1596 2086 legenda

237 2094 437 2150 communicas:
460 2109 561 2162 operae
582 2096 703 2164 pretium
723 2095 789 2158 erit,
812 2096 836 2148 si
855 2113 893 2149 ex
913 2095 1102 2164 publicatione
1123 2111 1245 2150 mearum
1265 2096 1456 2167 pagellarum,
1478 2095 1524 2165 qui
1545 2103 1596 2148 tua

236 2174 375 2229 incautius
395 2174 539 2243 legerunt,
570 2174 745 2245 intelligant,
776 2177 891 2229 multum
913 2175 964 2228 tibi
994 2176 1036 2228 ιιι
1049 2175 1195 2229 veritatem
1222 2176 1442 2247 perspiciendam
1469 2175 1597 2230 nocuisse

237 2269 362 2312 securam
383 2253 459 2307 illam
479 2252 508 2306 in
528 2253 666 2324 'lychonis
688 2255 784 2308 libello
805 2256 924 2326 legendo
945 2255 1157 2326 negligentiam

317 2335 424 2389 Necte
445 2332 582 2403 Typhonis
603 2337 821 2411 πολυρῤητορια,
840 2350 895 2405 qua
915 2336 949 2388 de
970 2334 1111 2405 querelam
1131 2334 1262 2397 instituis,
1284 2340 1410 2389 excusat.
1451 2333 1514 2388 Non
1534 2350 1599 2387 oon·

237 2413 358 2468 sistimus
380 2414 415 2466 ad
437 2412 560 2468 tribunal
579 2414 679 2468 morosi
696 2414 813 2483 judicis,
843 2414 888 2484 qui
910 2415 1002 2468 taedio
1030 2432 1068 2468 ex
1097 2414 1295 2482 multiplicibus
1316 2414 1435 2484 querelis
1463 2420 1598 2483 concepto

234 2502 284 2549 aut
305 2510 438 2562 respuere
459 2508 508 2546 nos
529 2494 619 2563 possit
650 2501 700 2548 aut
719 2492 794 2547 intra
814 2495 959 2548 verborum
980 2510 1120 2548 numerum
1141 2511 1252 2564 cogere.
1293 2495 1416 2565 Magnae
1438 2502 1502 2547 sunt
1523 2509 1597 2546 men·

234 2576 270 2631 tis
292 2573 404 2628 nostrae
425 2572 568 2637 tenebrae,
591 2581 742 2627 contumax
762 2574 910 2628 memoriae
932 2573 1055 2636 durities,
1080 2591 1151 2643 quae
1161 2582 1194 2627 ut
1214 2575 1372 2643 exemplum
1396 2574 1490 2642 capiat
1504 2590 1599 2627 eorum

235 2669 307 2726 qnae
329 2653 477 2714 docentur,
506 2654 601 2707 multis
622 2653 722 2707 ictibus
744 2669 813 2723 opus
840 2661 893 2707 est.
936 2656 992 2708 Res
1020 2654 1082 2722 ipsa
1102 2670 1218 2724 magna,
1245 2654 1385 2723 pretiosa,
1416 2653 1598 2728 honorabilis,

234 2733 350 2793 nobilis,
372 2732 479 2793 divina,
508 2733 613 2787 veritas
635 2749 733 2802 nempe
754 2739 784 2786 et
804 2734 936 2796 scientia;
963 2749 1033 2805 quae
1056 2735 1186 2803 temporis
1203 2733 1344 2801 jacturam
1364 2733 1461 2797 facile,
1491 2733 1514 2786 si
1534 2751 1597 2802 per·

233 2812 377 2881 vestigata
396 2810 489 2873 fuerit,
511 2821 679 2881 compensat
720 2814 779 2867 Nec
799 2814 907 2876 dubito,
930 2830 1036 2884 quaes
1058 2813 1163 2884 ingenii
1183 2814 1370 2882 praestantia,
1396 2813 1420 2866 si
1441 2819 1549 2867 tantam
1569 2813 1599 2866 in

237 2890 415 2962 Tyohoniano
431 2890 502 2944 libro
516 2892 708 2962 prolixitatem
729 2909 863 2962 superare
883 2894 1038 2963 potuisses,
1061 2900 1167 2963 quanta
1188 2893 1232 2945 vel
1253 2892 1409 2947 felicissimo
1430 2892 1542 2963 ingenio
1562 2893 1598 2946 ad

210 2988 270 3026 ·ea
291 2988 361 3041 quae
382 2970 510 3025 dicuntur
532 2972 715 3043 intelligenda
735 2989 804 3041 opus
825 2980 882 3037 est,
914 2974 977 3044 quin
999 2976 1109 3032 tandem
1129 2973 1256 3027 veritatis
1286 2973 1408 3043 aliquam
1428 2972 1598 3042 suscepisses

234 3051 355 3121 effigiem
377 3051 530 3121 mentisque
554 3053 686 3105 tenebras
707 3051 877 3121 dispulisses.
919 3057 961 3107 Ac
990 3053 1056 3106 mihi
1085 3069 1166 3117 sane,
1197 3059 1229 3107 ut
1248 3070 1343 3106 renim
1364 3054 1463 3116 dicam,
1494 3053 1598 3106 minore

234 3130 334 3185 mentis
356 3128 509 3184 intentione
538 3138 715 3202 temporeque
744 3132 870 3185 constitit
890 3133 976 3186 totius
998 3133 1135 3203 Tycbonis
1165 3132 1228 3186 libri
1257 3140 1287 3186 et
1308 3132 1458 3204 apologiae
1485 3132 1599 3202 prolixa

234 3209 326 3272 lectio,
352 3225 434 3278 quam
456 3210 649 3279 Capnuraniae
670 3218 754 3274 tuae,
786 3211 878 3265 nescio
900 3231 937 3266 ex
959 3230 1012 3283 quo
1034 3221 1136 3283 arguto
1161 3212 1270 3283 pulpito
1292 3213 1319 3267 in
1340 3214 1412 3268 hanc
1433 3212 1597 3282 disputatio·

235 3305 297 3343 nem
318 3306 372 3342 non
394 3289 464 3341 bene
485 3290 620 3344 arcessita
640 3291 767 3345 concisio.
810 3292 866 3345 Res
887 3292 963 3362 ipsas
983 3292 1033 3346 vix
1053 3292 1190 3363 capimus,
1211 3299 1241 3346 et
1262 3299 1292 3347 tu
1313 3291 1458 3347 verborum
1477 3291 1596 3364 gryphis

235 3369 349 3438 insuper
369 3368 484 3438 ingenia
504 3371 627 3436 cruciare
644 3369 748 3439 jubeat

314 3448 369 3503 Sed
390 3449 503 3503 adrem
522 3450 673 3505 veniamus.
713 3451 851 3520 Principio
878 3452 1003 3506 candoris
1034 3451 1085 3506 tibi
1111 3454 1221 3506 laudem
1251 3451 1358 3516 tribuo,
1387 3452 1432 3522 qui
1465 3467 1596 3505 summam

235 3527 347 3582 intimae
367 3535 434 3581 tuae
455 3530 614 3584 intentionis
646 3531 673 3584 in
693 3530 784 3584 fronte
815 3531 900 3599 ponis.
944 3534 1104 3586 Auctoritas
1124 3549 1181 3586 una
1202 3539 1245 3587 tot
1265 3539 1391 3586 aetatum
1417 3531 1469 3586 tibi
1490 3533 1595 3594 obstat,

235 3608 298 3662 huie
319 3625 413 3661 omnes
434 3609 538 3681 ingenii
558 3611 640 3675 vires,
661 3610 725 3664 huic
745 3617 834 3665 totum
853 3604 927 3665 hunc
947 3612 1072 3666 lahorem
1085 3613 1228 3667 devovisti.
1269 3613 1307 3666 Et
1321 3612 1464 3683 quisquam
1478 3611 1595 3674 dubitet,

236 3704 272 3742 an
292 3689 503 3744 mathematicas
525 3691 780 3753 demonstrationes,
803 3706 872 3761 quas
892 3693 1032 3761 proponis,
1055 3692 1114 3762 ipse
1129 3692 1289 3762 perspicias,
1312 3692 1390 3760 cujus
1410 3709 1489 3746 omne
1503 3692 1596 3745 lumen

235 3767 319 3821 animi
339 3767 391 3820 boc
411 3770 586 3840 antiquitatis
607 3772 716 3840 pallore
737 3771 870 3824 imbutum
891 3777 955 3826 est?
996 3775 1040 3825 An
1063 3772 1149 3842 igitur
1178 3772 1243 3826 mihi
1265 3772 1452 3834 succensebis,
1485 3772 1509 3824 si
1530 3788 1596 3840 quo·
1695 3776 1703 3786 '

235 3846 287 3901 ties
310 3847 450 3916 pulverem
471 3850 669 3920 geometricum
690 3851 823 3921 attinges,
846 3852 913 3904 illud
934 3852 974 3905 tui
996 3852 1094 3915 divini,
1118 3869 1178 3906 cum
1199 3853 1292 3907 oculos
1314 3852 1413 3922 aperit,
1434 3850 1594 3905 Aristotelis

240 3926 290 3980 tibi
310 3942 458 3995 reponam,
490 3937 519 3983 et
540 3930 679 3984 intereos
700 3931 885 3995 tereferam,
907 3934 940 3984 de
962 3931 1060 4002 quibua
1082 3933 1220 4003 queritur,
1244 3936 1314 4004 quod
1336 3951 1401 3987 non
1423 3938 1597 4002 quaerant

232 4004 393 4060 rationes
422 4013 456 4062 et
486 4026 615 4063 causas
646 4013 686 4064 ad
708 4028 749 4064 ea
785 4027 873 4082 quae
903 4020 1085 4082 apparent
1111 4015 1295 4068 reddenda
1323 4019 1357 4067 et
1384 4012 1596 4066 efficienda:

234 4087 293 4138 sed
314 4087 353 4138 ad
379 4085 667 4159 praecon'ceptaa
698 4107 779 4145 suas
810 4093 978 4162 quasdam
1009 4093 1194 4161 opiniones
1221 4100 1257 4147 et
1286 4092 1595 4155 ratiocinationes,

234 4165 325 4234 qualis
345 4172 391 4221 est
416 4175 468 4223 tua
497 4170 530 4223 de
551 4170 718 4241 antiquitate
746 4171 905 4240 persuasio,
938 4172 1020 4241 ipsa
1046 4173 1299 4242 phaenomena,
1329 4181 1362 4227 ut
1389 4182 1420 4227 tu
1441 4190 1493 4233 ea,
1525 4189 1595 4242 quae

234 4245 422 4301 mathematici
454 4249 482 4302 in
512 4256 635 4304 cometae
665 4257 741 4305 motu
771 4251 1025 4320 deprehenderunt,
1056 4253 1247 4308 violenter
1277 4255 1533 4307 accommodent
1562 4257 1596 4305 et

235 4325 436 4384 conciliare
467 4335 657 4384 conentur?
699 4331 769 4392 Quid
800 4330 862 4384 ais?
905 4333 948 4384 An
977 4332 1127 4386 etiamnum
1147 4335 1262 4387 mundus
1294 4335 1344 4388 tibi
1377 4341 1507 4387 aeternus
1534 4336 1594 4386 estl

235 4403 284 4458 Sol
303 4403 377 4458 infra
398 4398 422 4468 Q
443 4413 474 4460 et
498 4401 518 4464 Q
541 4415 601 4463 estt
642 4410 808 4480 Principium
829 4426 974 4465 nervorum
995 4412 1022 4466 in
1044 4415 1124 4466 corde
1145 4419 1205 4467 est?
1247 4414 1317 4476 Quia
1341 4415 1367 4467 id
1389 4413 1468 4466 scivit
1488 4412 1595 4466 Aristo·

236 4482 315 4545 teles,
337 4484 439 4553 vulgus
461 4490 642 4556 approbavit,
672 4507 726 4544 nox
748 4492 804 4544 ista
824 4498 978 4559 temporum
998 4499 1041 4546 tot
1061 4493 1156 4546 secula
1176 4495 1264 4564 longa
1284 4493 1483 4547 consolidavit?
1525 4491 1595 4554 Quid

235 4560 323 4632 igitur
342 4563 402 4616 Deo
424 4566 532 4635 gratias
555 4569 662 4638 agimus
684 4570 821 4640 quotidie,
848 4569 894 4641 qui
915 4571 1046 4641 dispulsis
1077 4573 1132 4626 illis
1161 4574 1282 4627 tenebris
1312 4591 1370 4626 curn
1402 4574 1429 4625 in
1459 4570 1596 4643 religione

236 4649 294 4694 tum
315 4641 343 4695 in
363 4643 470 4697 artibus
491 4654 522 4700 et
542 4648 629 4702 literis
651 4650 830 4704 clarissimam
851 4650 1015 4721 cognitionis
1037 4670 1164 4707 auroram
1179 4653 1339 4707 reduxerit?
1381 4658 1425 4706 An
1446 4652 1596 4706 etiamnum

179 4757 182 4760 -
235 4726 392 4786 stertemus,
414 4741 474 4778 cum
492 4725 551 4793 jam
573 4729 677 4782 clarum
698 4746 777 4784 mane
798 4733 936 4784 fenestras
957 4731 1063 4788 intrat?
1093 4737 1136 4786 An
1152 4734 1211 4787 beri
1233 4751 1325 4786 omues
1342 4739 1459 4787 naturae
1482 4733 1595 4785 thesau·

235 4816 281 4854 ros
303 4802 436 4857 exhausit
455 4805 637 4870 Aristoteles,
659 4816 692 4862 ut
713 4810 791 4863 hodie
812 4810 881 4864 nibil
903 4813 1041 4882 supersit?
1084 4817 1126 4866 An
1148 4813 1199 4867 tibi
1220 4816 1315 4866 durum
1338 4814 1458 4874 videtur,
1480 4821 1513 4865 ut
1533 4828 1596 4865 cae·

235 4880 366 4935 cutivisse
388 4881 416 4936 iu
438 4885 530 4938 multis
551 4893 660 4941 veteres
682 4888 820 4943 dicamus?
862 4890 948 4959 Cujus
980 4908 1048 4963 ergo
1069 4900 1134 4946 sunt
1154 4893 1210 4948 ista
1230 4895 1329 4947 verba:
1361 4909 1471 4964 „pauca
1497 4890 1595 4946 mentis
