3609 5634
214 370 280 440 300
640 372 741 425 murae
759 355 864 438 uetes
880 372 1032 437 summae
1049 377 1151 423 mnan

213 533 271 596 fide
294 533 397 614 digno,
421 532 473 595 vix
494 531 607 596 imitari
632 531 744 606 audeo)
767 532 884 612 periere
909 531 1038 594 flammis
1061 528 1104 594 25
1128 530 1273 606 homines,
1298 528 1319 594 4
1341 539 1450 605 turres,
1475 530 1574 610 ipsius

213 622 300 685 Jovis
314 620 462 702 palatium
477 631 559 686 metu
574 622 698 701 periculi
722 640 809 683 suum
828 620 944 699 expulit
959 621 1171 682 habitatorem.
1210 618 1325 682 Omnes
1343 618 1472 681 reditum
1486 620 1572 698 prin-

215 712 291 790 cipis
323 710 485 789 trepidant.
532 711 651 773 Dicitur
679 711 787 771 Italica
814 710 928 770 auxilia
956 710 1114 770 adducere.
1167 707 1293 771 Senatui
1324 708 1420 771 civico
1448 717 1573 770 nostrae

213 798 415 863 confessionis
431 799 628 880 magistratus
652 799 817 879 abrogatus
841 807 896 859 est.
943 799 1104 860 Portarum
1120 805 1151 860 et
1167 797 1391 860 armamentarii
1406 797 1500 860 urbici
1516 817 1572 858 cu·

214 889 333 950 stodiae
363 887 467 967 Papae
501 888 724 950 confessoribus
757 887 900 950 creditae.
948 887 1097 950 Minarum
1129 886 1229 949 omnia
1260 887 1361 966 plena.
1406 885 1469 948 Sed
1501 904 1574 946 eece

213 977 328 1039 omina:
353 985 416 1040 tres
440 978 470 1039 in
493 977 550 1039 hac
574 977 647 1040 urbe
669 985 826 1039 matronae
850 976 956 1040 endem
980 977 1041 1037 fere
1065 985 1209 1055 tempore,
1235 975 1382 1038 adornato
1404 975 1573 1054 puerperio,

213 1066 364 1128 conducta
386 1074 418 1127 et
441 1066 592 1128 accersita
615 1064 796 1141 obstetrice,
826 1066 876 1126 diu
908 1085 963 1136 ree
987 1064 1095 1136 donae
1117 1072 1314 1145 expectantes
1345 1065 1467 1126 tandem
1490 1063 1572 1131 didi·

213 1173 280 1217 cere
304 1176 323 1215 a
346 1155 408 1216 suis
433 1155 656 1228 obstetricibus,
677 1175 709 1217 se
729 1163 845 1217 uterum
864 1171 924 1215 non
939 1172 1054 1233 gerere,
1078 1153 1184 1216 Haben
1200 1154 1283 1235 Drey
1299 1153 1359 1214 fehl
1375 1152 1573 1226 (Nullitates)

212 1243 353 1325 geboren.
399 1244 489 1306 Faxit
512 1245 595 1307 Dens
626 1250 724 1306 ratum
754 1263 840 1306 omen
873 1251 904 1304 et
927 1242 1056 1322 dissipet
1083 1243 1210 1304 consilia
1234 1240 1475 1304 adversariorum
1499 1259 1573 1302 suo·

211 1352 286 1396 mm.
334 1329 462 1394 Oremus
487 1342 588 1396 autem
611 1333 716 1413 ipsum,
742 1342 775 1396 ut
797 1332 1076 1394 innocentissimum
1101 1332 1252 1411 juvenculi
1276 1330 1419 1410 principis
1443 1329 1574 1391 animum

212 1429 318 1483 contra
350 1420 498 1500 pessimos
530 1413 873 1484 consultores'muniat
922 1418 1004 1491 Quid
1037 1419 1062 1482 si
1096 1421 1189 1482 donet
1222 1421 1319 1500 ipsum
1347 1419 1430 1481 Deus
1457 1419 1572 1481 nostn's

212 1510 362 1590 precibus.

301 1597 461 1661 Cometam
485 1598 587 1660 dixere
610 1605 765 1660 nostrates
788 1598 909 1659 stellam
929 1596 1059 1658 Veneris
1083 1596 1212 1659 interdiu
1235 1596 1349 1670 visam3
1374 1596 1410 1657 de
1435 1614 1492 1675 quo
1516 1614 1573 1676 ego

213 1688 377 1756 consultus,
400 1696 435 1748 ut
457 1687 563 1768 aspexi
586 1686 737 1768 respondi,
762 1686 911 1750 mitiorem
939 1686 968 1747 in
989 1686 1073 1747 coelo
1097 1686 1219 1746 stellam
1242 1705 1300 1747 non
1315 1704 1394 1746 esse.
1432 1685 1468 1746 ld
1487 1703 1573 1746 omen

212 1776 318 1837 eodem
341 1793 398 1854 ego
420 1776 535 1837 refero:
565 1784 599 1837 ut
621 1775 770 1855 significet
792 1774 839 1836 hic
862 1782 982 1836 cometa
999 1783 1111 1837 metum
1136 1775 1348 1836 frustraneum.
1387 1770 1455 1843 Quo
1480 1773 1572 1835 etiam

211 1864 344 1943 pertinet
365 1862 515 1943 eclipseos
538 1863 665 1943 inlesum
688 1865 736 1926 vel
751 1863 931 1925 emanentia.
978 1863 1150 1925 Moscovita
1174 1863 1282 1925 dicitur
1302 1872 1447 1926 mortuus.
1489 1861 1570 1924 Ecce

212 1952 364 2016 borealem
388 1952 522 2031 eclipsin.
570 1954 615 2015 De
640 1955 739 2015 Turta
762 1953 861 2031 exigui
892 1958 964 2014 sunt
986 1971 1131 2015 rumores.
1176 1952 1344 2014 Perhibent
1372 1961 1473 2013 tamen
1497 1969 1572 2012 ven-

213 2049 311 2104 turum
335 2044 456 2122 propria
487 2042 517 2103 in
549 2062 687 2122 persona.
734 2042 780 2103 De
808 2041 935 2103 Jaurino
963 2051 1140 2120 recuperato
1170 2059 1297 2122 magnae
1331 2048 1403 2101 suut
1434 2041 1573 2120 gratula-

213 2128 322 2193 tiones.
369 2131 437 2192 Non
461 2131 505 2192 ita
527 2132 642 2210 pridem
667 2129 931 2210 Constantinopoli
960 2126 1048 2193 4000
1073 2129 1227 2192 domorum
1258 2131 1492 2208 conflagrarunt.
1539 2130 1572 2190 lu

212 2219 355 2301 Bithynia
378 2238 470 2298 prope
495 2220 714 2301 Trapezuntem
744 2220 820 2281 duae
844 2219 933 2280 urbes
966 2239 1025 2280 non
1049 2218 1197 2298 ignobiles
1220 2227 1320 2280 terrae
1345 2227 1427 2280 motu
1450 2237 1572 2279 corrue-

213 2315 300 2369 runt:
337 2315 369 2370 et
396 2308 523 2388 periisse
551 2309 747 2390 perhibentur
780 2308 816 2370 ad
842 2304 952 2371 70000
975 2306 1137 2369 bominum.
1183 2309 1217 2368 In
1242 2307 1396 2369 limitanea
1418 2308 1575 2386 Hungaria

212 2396 287 2457 duos
310 2397 427 2458 Bassas
450 2396 529 2458 inter
551 2398 618 2460 rixa
641 2407 673 2458 et
698 2397 795 2459 minae
820 2396 1004 2459 delationum
1028 2396 1066 2457 ad
1091 2414 1176 2457 suum
1200 2394 1366 2459 Caesarem
1389 2398 1572 2458 intercesse-

212 2493 292 2548 rant.
338 2485 401 2547 Res
426 2486 464 2548 ad
479 2505 564 2548 arma
586 2486 679 2548 venit.
726 2486 854 2548 Delator
869 2486 986 2547 futurus
1010 2485 1048 2546 ab
1068 2485 1164 2546 altero
1186 2484 1217 2545 in
1241 2481 1405 2564 congfessu
1429 2484 1573 2564 singulari

212 2574 404 2636 interfectus:
434 2576 513 2654 quod
537 2595 603 2638 curn
627 2575 751 2637 alterius
774 2574 853 2636 servi
877 2574 1027 2648 viderent,
1053 2574 1203 2635 domiuum
1227 2573 1282 2636 ulti
1307 2574 1433 2636 alterum
1457 2593 1573 2654 qnoque

213 2662 446 2725 iuterfecerunt:
480 2665 596 2742 periere
620 2665 659 2725 ad
682 2661 727 2728 ‹10
749 2664 897 2745 utrinque.
946 2663 1030 2725 llaec
1055 2663 1155 2724 omnia
1178 2664 1257 2724 male
1280 2662 1324 2724 illi
1347 2663 1471 2741 imperio
1495 2663 1572 2724 omi·

213 2760 333 2813 uantur.
379 2752 459 2814 Nam
482 2753 508 2813 si
531 2761 647 2816 tantum
672 2753 836 2815 animorum
849 2750 956 2813 Bassis
981 2752 1121 2825 accrevit,
1147 2752 1218 2815 olim
1236 2751 1361 2814 audebit·
1378 2751 1502 2831 aliquid,
1522 2751 1571 2831 qui

213 2842 308 2902 vitam
322 2859 408 2903 suam
422 2841 452 2902 in
467 2843 599 2922 periculo
618 2842 741 2904 videbit.
779 2842 823 2904 Ut
846 2850 915 2902 sunt
937 2842 1037 2903 omnia
1051 2841 1191 2915 humana,
1211 2841 1276 2919 jam
1300 2840 1458 2912 salutaria,
1480 2841 1572 2920 paulo

213 2938 284 3009 post
307 2930 452 3000 exitiosa,
477 2931 521 2993 ita
543 2932 635 2994 etiam
659 2931 774 3011 rigidae
798 2931 962 2992 Turcarum
986 2930 1082 3009 leges,
1118 2937 1151 2996 et
1172 2930 1368 2991 inexorabilis
1392 2929 1421 2990 iu
1444 2928 1571 3004 Bassas,

212 3016 242 3079 in
267 3018 367 3098 regios
390 3019 506 3082 liberos
526 3021 687 3092 sententia,
712 3019 819 3100 quibus
843 3020 932 3081 rebus
955 3019 1102 3080 hactenus
1127 3017 1215 3080 stetit
1229 3018 1304 3080 baec
1320 3019 1424 3091 moles,
1449 3020 1573 3081 eaedem

213 3107 297 3170 illam
327 3126 450 3186 pessum
478 3108 602 3171 dabunt.
649 3108 827 3188 Exemplum
858 3127 937 3170 anno
970 3103 1055 3170 1562
1083 3107 1112 3168 in
1136 3108 1302 3187 Mustapha
1324 3106 1462 3170 vidimus.
1510 3107 1572 3170 Sed

214 3195 390 3278 Solymanni
414 3215 530 3258 summa
556 3198 722 3259 auctoritas
745 3195 947 3278 periculosum
971 3197 1139 3258 incendium
1163 3197 1349 3276 restinguere
1378 3206 1440 3258 tum
1462 3197 1571 3276 potuit,

214 3282 291 3346 alius
306 3302 364 3344 non
379 3285 500 3364 poterit,
525 3286 610 3365 cujus
630 3304 687 3347 nou
708 3294 756 3347 est
774 3292 862 3347 tanta
876 3285 957 3347 bello
972 3285 1105 3347 felicitas
1121 3295 1331 3366 gestorumque
1356 3285 1463 3366 gloria.
1510 3285 1572 3347 Sed

216 3373 319 3434 futura
342 3373 386 3435 sic
410 3374 561 3436 habento:
600 3375 629 3437 in
652 3373 828 3454 praesentia
851 3374 928 3436 citra
951 3393 1069 3435 omnem
1093 3375 1329 3435 controversiam
1353 3374 1455 3454 gliscit
1476 3374 1572 3436 nostri

218 3457 361 3524 Caesaris
387 3464 577 3537 auctoritas,
594 3472 744 3545 utcunque
767 3461 936 3542 Hispanica
958 3463 1088 3543 expiret.
1133 3461 1296 3524 Enimvero
1319 3463 1502 3542 vigilandum
1526 3472 1575 3524 est

214 3552 416 3613 nostratibus:
450 3552 569 3614 videtur
591 3552 754 3614 innostro
778 3550 913 3614 Caesare
937 3552 1036 3614 inesse
1061 3551 1281 3614 Archimedaea
1313 3553 1461 3632 quaedam
1493 3552 1571 3614 ratio

215 3649 333 3714 motus,
368 3641 418 3720 qui
441 3643 517 3703 adeo
541 3641 659 3716 lentus,
692 3641 799 3703 utrix
828 3642 931 3703 oculos
954 3640 1102 3712 incurrat,
1135 3660 1276 3703 successu
1301 3650 1401 3703 tamen
1425 3642 1569 3721 temporis

214 3726 367 3806 ingentem
390 3731 499 3792 molem
521 3738 719 3793 commoveat.
765 3729 846 3792 Ecce
869 3731 988 3811 Pragae
1012 3730 1137 3804 sedens,
1176 3729 1240 3791 siue
1261 3730 1322 3792 ulla
1345 3730 1473 3792 bellicae
1497 3730 1571 3792 artis

214 3815 344 3895 peritia,
386 3818 450 3879 sine
482 3819 664 3881 auctoritate
698 3820 747 3894 (nt
770 3820 899 3881 antehac
928 3819 1123 3892 credebatur)
1156 3811 1256 3880 tamen
1290 3818 1436 3881 miracula
1458 3827 1570 3898 patrat,

214 3904 365 3983 principes
388 3906 418 3967 in
443 3908 541 3968 officio
565 3909 716 3977 continet,
750 3909 968 3988 obsequentes,
1002 3916 1151 3987 promtos,
1186 3908 1326 3970 liberales
1350 3907 1457 3983 habet,
1491 3908 1571 3970 orbis

215 3994 409 4055 monarcham
441 4002 488 4056 tot
517 3997 626 4058 seculis
656 3996 875 4058 formidabilem
899 3997 1045 4071 sustinet,
1080 4004 1181 4058 tractu
1204 3996 1275 4058 belli
1299 3996 1463 4076 defatigat,
1496 3999 1573 4058 citra

215 4090 316 4143 tamen
340 4102 481 4163 magnum
505 4086 625 4167 aliquod
649 4086 881 4161 incommodum,
913 4087 992 4166 quod
1016 4085 1176 4148 hostilibus
1200 4086 1396 4148 incommodis
1419 4106 1570 4167 praepon-

215 4171 311 4233 deret.
358 4170 475 4243 Quibus
499 4174 589 4235 rebus
612 4174 758 4254 ejusmodi
790 4194 891 4236 merae
914 4174 1079 4255 potestatis
1112 4175 1306 4238 fundamenta
1324 4175 1416 4254 jacit,
1450 4184 1483 4237 ut
1506 4176 1572 4237 sola

213 4260 298 4340 regni
323 4261 439 4324 Turcici
472 4263 625 4325 inclinatio
659 4265 767 4326 deesse
799 4264 948 4326 videatur.
996 4261 1102 4334 Quid?
1148 4263 1264 4334 Quibus
1298 4283 1410 4345 quaeso
1445 4265 1569 4337 artibus,

215 4369 274 4431 qna
306 4350 451 4413 felicitate
475 4351 740 4435 Transsylvanlam
772 4352 907 4415 restituit
930 4352 1126 4416 Austriacis?
1172 4351 1260 4424 Quod
1292 4372 1396 4416 omnes
1420 4354 1570 4416 miramur.

214 4436 293 4508 Quin
319 4447 350 4501 et
373 4440 428 4502 hoc
451 4441 566 4520 passim
590 4443 771 4516 affirmatur,
796 4442 919 4505 tertium
943 4462 981 4503 ex
1002 4442 1182 4505 haeredibus
1205 4443 1390 4505 nominatum
1405 4462 1472 4505 esse
1488 4441 1570 4506 an-

215 4546 313 4590 sarem
337 4538 471 4592 nostrum
495 4550 515 4591 a
537 4531 717 4594 Mosoovita.
765 4531 802 4593 Ei
826 4533 868 4593 rei
893 4532 1005 4612 legatio
1029 4531 1275 4611 splendidissima
1299 4533 1512 4606 edomamus,
1537 4539 1572 4593 nt

214 4631 273 4764 scd
283 4615 365 4679 solus
389 4626 493 4681 noster
516 4619 622 4682 haeres
646 4620 859 4682 nominaretur.
907 4620 969 4683 Sed
992 4630 1089 4683 morte
1112 4622 1302 4683 Moscovitae
1332 4622 1445 4703 legatio
1472 4622 1570 4684 inter·

215 4720 242 4763 cr
265 4711 299 4764 rt.
861 4741 863 4748 ·

302 4792 381 4854 Utut
404 4791 454 4867 sit,
479 4793 634 4857 fatendum
657 4794 777 4857 omnino
802 4804 866 4869 est,
891 4817 911 4857 a
933 4797 999 4859 Deo
1023 4797 1160 4860 benedici
1183 4798 1278 4860 nostri
1303 4797 1447 4862 Caesaris
1469 4802 1569 4864 rebus.
