3609 5634
206 310 267 363 XIV

296 468 396 565 Quum
418 470 544 551 singulis
567 468 692 553 Keplcri
715 469 854 552 operibus
877 469 1119 552 praemiserimus
1141 468 1356 552 praefationes,
1387 468 1494 551 quibus
1516 488 1566 532 res

206 578 377 641 indicantur
399 583 508 640 notatu
530 576 682 656 digniores
706 595 781 657 quae
805 577 844 639 ad
867 576 922 640 illa
944 596 1036 658 opera
1058 576 1228 659 pertinent,
1252 576 1340 640 finem
1367 577 1468 639 facere
1490 594 1564 656 pos·
1589 661 1603 675 .

91 730 97 735 -
207 706 311 750 sumus
333 685 402 749 huic
415 683 608 766 praefationi.
655 684 724 746 Una
745 703 796 747 res
817 693 987 766 superest,
1018 703 1106 765 quam
1129 702 1188 746 non
1211 683 1409 747 omittendam
1429 701 1497 746 esse
1512 684 1565 764 ju-

209 793 362 869 dicamus,
394 792 464 876 quia
494 791 655 854 multomm
684 808 845 872 eorumque
870 791 951 854 haud
972 791 1059 873 parvi
1086 789 1292 852 habendorum
1317 791 1486 853 sententiae
1515 809 1565 853 re·

207 919 390 982 pugnamus,
423 898 572 961 rationem
596 897 740 974 dicimus,
775 917 834 980 qua
856 897 904 960 usi
927 917 1030 961 sumus
1053 897 1084 960 in
1107 896 1266 960 scribendo
1289 898 1407 960 nomine
1430 896 1564 978 Kepleri.

207 1007 417 1070 Hanschius
440 1004 472 1067 in
495 1005 671 1069 collectione
691 1003 887 1084 epistolarum
905 1002 1030 1086 Kepleri
1049 1004 1217 1088 simplicip
1236 1022 1307 1066 usus
1326 1011 1376 1066 est
1392 1021 1446 1085 per
1471 1010 1565 1066 totum

208 1114 331 1189 librum,
367 1119 495 1192 excepta
525 1109 715 1192 praefatione
748 1092 781 1173 et
812 1110 1021 1191 inscriptione;
1058 1110 1373 1177 Breitsohwertus
1406 1112 1436 1175 in
1468 1111 1567 1190 „Vita

207 1219 406 1302 Keppleri“
437 1217 548 1298 duplici
570 1240 604 1300 p,
640 1217 823 1299 eandemque
852 1216 1002 1281 scribendi
1034 1217 1182 1279 rationem
1213 1214 1351 1282 defendit
1382 1220 1566 1284 clarissimus

207 1327 242 1387 F.
277 1324 317 1395 G.
348 1325 400 1389 W.
435 1322 570 1387 Struve
601 1325 633 1386 in
666 1322 882 1387 Schumacheri
910 1323 1201 1400 „Asuonomischen
1227 1325 1454 1389 Nachrichten“
1478 1326 1565 1399 (Vol.

207 1431 293 1495 XIX.
317 1431 358 1494 N.
383 1425 475 1506 151),
499 1430 577 1493 hanc
600 1430 729 1493 afferens
752 1431 911 1507 rationem,
936 1430 1015 1511 quod
1035 1430 1186 1511 Keplerus
1209 1430 1278 1494 inde
1302 1432 1342 1496 ab
1364 1452 1443 1496 anno
1470 1427 1565 1497 1619.

207 1540 237 1601 iu
260 1537 345 1601 libris
369 1537 408 1599 ab
431 1538 498 1618 ipso
524 1537 614 1600 editis
638 1537 749 1616 duplici
771 1557 843 1601 usus
866 1537 909 1600 sit
926 1558 961 1619 p,
986 1543 1017 1598 et
1039 1535 1407 1618 quodfiliusLndovicus
1427 1540 1565 1620 inopere

206 1645 303 1725 patris
335 1645 415 1727 quod
447 1644 542 1706 edidit
573 1642 734 1725 posthumo
768 1643 894 1707 eundem
926 1642 1085 1706 retinuerit
1108 1642 1257 1707 scribendi
1289 1647 1419 1711 modum.
1477 1644 1566 1718 Quod

206 1751 301 1832 ipsius
335 1749 461 1830 Kepleri
488 1750 658 1839 exemplum
689 1749 831 1820 afferunt,
864 1767 920 1813 nos
948 1757 1084 1813 nostrum
1112 1750 1263 1815 scribendi
1295 1754 1414 1817 modum
1444 1760 1566 1816 tuentes

207 1856 438 1937 respondemus:
473 1855 552 1918 inter
575 1852 618 1919 29
647 1874 723 1937 qnae
750 1856 985 1936 nobis-praesto
1015 1863 1085 1918 sunt
1107 1856 1232 1937 Kepleri
1259 1877 1365 1941 opera,
1396 1860 1565 1941 deprehen-

209 1962 305 2024 dimus
332 1958 382 2038 13,
406 1980 530 2043 querum
557 1961 664 2025 titulus
688 1962 926 2042 etsubscriptio
950 1961 1151 2025 dedicationis
1175 1964 1290 2029 habent
1316 1966 1499 2048 simplicem,
1527 1964 1562 2028 11

208 2068 356 2149 duplicem
373 2086 414 2152 p3
447 2068 566 2149 reliqna
599 2068 627 2129 in
661 2068 748 2130 titulo
781 2067 947 2149 duplicem,
981 2069 1011 2130 in
1040 2068 1229 2133 dedicatione
1260 2072 1440 2154 simplicem3
1466 2092 1566 2136 eornm

207 2194 346 2257 opernm,
359 2193 446 2255 *quae
471 2175 509 2237 ab
532 2193 610 2236 anno
633 2170 726 2237 1619.
747 2175 934 2254 prodierunt,
959 2194 1080 2238 numero
1100 2172 1129 2252 9,
1157 2184 1244 2238 terna
1261 2177 1373 2241 habent
1392 2179 1566 2262 Keplerum,

208 2293 295 2344 terna
317 2280 502 2363 Kepplemm
535 2288 567 2343 et
588 2290 675 2343 terna
696 2279 726 2342 in
750 2280 945 2361 inscriptione
969 2281 1172 2364 Kepplerum,
1204 2283 1233 2346 in
1262 2283 1451 2348 dedicatione
1475 2287 1563 2369 Kep-

210 2387 313 2450 lerum.
346 2386 450 2469 Opera
468 2386 623 2468 graviora:
650 2385 761 2468 Optica
780 2381 909 2463 (1604),
934 2386 1092 2469 Dioptrica
1111 2384 1238 2465 (1611),
1263 2390 1461 2454 Astronomia
1477 2393 1568 2456 Nova
1654 2440 1657 2443 a

210 2488 346 2570 (1609),
376 2494 511 2571 Tabulae
539 2492 749 2573 Rudolphinae
778 2488 896 2568 (1627)
922 2493 1035 2556 habent
1050 2494 1228 2576 Keplerum:
1257 2495 1424 2561 Harmonia
1446 2495 1566 2574 (1619)

182 2599 332 2701 ‘exhibet
358 2600 390 2663 in
417 2599 507 2663 titulo
529 2599 734 2682 Kepplernm,
767 2599 877 2681 singuli
909 2618 980 2663 vero
1004 2601 1073 2663 libri
1095 2600 1231 2681 inscripti
1255 2611 1341 2667 sunt:
1380 2594 1566 2687 „Kepleri;“

206 2707 363 2787 Epitomes
388 2700 509 2790 (1618)
528 2705 638 2786 prioris
656 2706 753 2787 partis
772 2706 878 2799 titulus
896 2706 990 2769 habet
1008 2707 1189 2791 Kepplerus,
1213 2708 1380 2772 dedicatio:
1405 2711 1565 2792 Keplerus,

205 2830 279 2894 pars
302 2831 373 2876 vero
395 2812 530 2877 secunda
562 2812 676 2889 („liber
698 2813 847 2894 quartus“
873 2809 985 2887 1620.)
1010 2820 1041 2875 et
1063 2814 1156 2876 tertia
1187 2815 1254 2888 (lib.
1279 2815 1427 2879 v-Vlr.
1455 2813 1565 2894 1621.)

206 2920 237 2981 in
260 2919 349 2983 titulo
373 2927 406 2982 et
428 2919 617 2983 dedicatione
637 2918 802 3000 simplicem
821 2919 965 2983 exhibent
977 2942 1013 3004 p.
1045 2919 1262 3001 Ephemerides
1282 2922 1419 3005 denique,
1443 2943 1567 3005 quarum

205 3027 287 3109 prior
309 3046 381 3111 pars
404 3027 517 3108 prodiit
540 3045 617 3089 anno
643 3022 739 3102 1617,
763 3046 834 3108 pars
858 3027 1012 3089 alternet
1036 3028 1128 3089 tertia
1150 3047 1228 3089 anno
1255 3023 1349 3091 1630.
1375 3036 1423 3092 ter
1446 3029 1567 3094 venant

206 3153 324 3197 nomen.
369 3134 426 3196 Eis
450 3133 643 3198 manifestum
666 3133 752 3195 uobis
776 3133 912 3206 videtur,
935 3132 1099 3213 Keplerum
1122 3133 1221 3214 ipsum
1244 3154 1303 3197 non
1327 3135 1492 3199 intendisse
1517 3136 1565 3199 di·

190 3242 315 3323 gitum,
354 3259 413 3322 qua
449 3240 567 3303 ratione
604 3257 712 3303 nomen
748 3258 834 3303 suurn
870 3241 1016 3320 scriptum
1051 3240 1140 3315 velit,
1174 3250 1207 3303 et
1238 3241 1265 3333 si
1295 3243 1410 3306 numeri
1432 3243 1565 3317 valeant,

206 3354 342 3411 nostrum
372 3347 493 3410 modum
514 3346 745 3428 praeferendum
775 3365 853 3409 esse.
901 3344 959 3409 Cui
991 3347 1102 3410 rationi
1133 3347 1159 3409 si
1193 3347 1291 3411 minus
1323 3348 1455 3425 tribuas,
1479 3349 1566 3431 Kep-

207 3456 287 3518 lerus
321 3451 423 3534 utique
456 3453 536 3516 sicut
567 3452 654 3515 multi
686 3452 855 3534 aequalium
878 3451 999 3533 minime
1023 3450 1113 3516 finum
1145 3432 1296 3517 habuisse*
1309 3454 1430 3529 videtur
1452 3456 1482 3518 iu
1505 3456 1562 3519 hac

207 3579 239 3623 re
271 3560 497 3624 fundamentum
528 3568 560 3623 et
592 3559 713 3641 saepius
746 3559 877 3622 fortasse
917 3560 1106 3643 typographo
1139 3561 1186 3622 vel
1225 3560 1399 3623 amanuensi
1437 3561 1567 3625 liberum

173 3746 178 3753 ι
206 3665 380 3747 permisisse
403 3666 569 3731 arbitrium.
602 3666 705 3731 Nihilo
737 3667 835 3730 minus
867 3674 902 3729 ut
924 3675 1094 3732 teneremus
1118 3666 1323 3751 simplicemp
1345 3667 1475 3730 maxime
1499 3688 1567 3731 mo·

208 3778 316 3835 verunt
337 3791 393 3836 nos
416 3773 543 3854 Kepleri
567 3774 734 3856 epistolae,
766 3793 891 3856 quarum
923 3793 1035 3857 magna
1064 3774 1151 3837 nobis
1183 3782 1307 3856 praesto
1341 3783 1389 3839 est
1416 3776 1505 3856 copia
1527 3777 1577 3839 ab

129 3886 137 3911 '
207 3880 272 3962 ipso
305 3880 543 3961 conscriptarum
576 3888 608 3943 et
640 3882 898 3965 subscriptarum,
933 3882 962 3944 in
996 3881 1102 3962 quibus
1126 3880 1256 3944 occurrit
1277 3892 1404 3961 perraro¹
1424 3883 1566 3966 „Kapp-

209 3986 365 4062 lerus“‚
398 3986 454 4048 sed
487 3972 606 4067 semper
637 3989 700 4050 fere
733 3988 976 4071 ,‚Keplerus“,
1005 3994 1042 4071 ut
1072 3987 1212 4051 videatur
1244 4005 1351 4051 nomen
1385 3989 1568 4070 gentilitium

207 4093 301 4174 ipsius
326 4092 530 4176 simplicemp
553 4086 740 4177 requireres

296 4200 382 4263 Haec
397 4207 469 4264 sunt
483 4219 559 4282 qnae
574 4200 743 4264 collectioni
758 4219 880 4283 operum
894 4198 1020 4281 Kepleri
1034 4199 1256 4281 praemittenda
1271 4198 1449 4264 censuimus.
1478 4198 1567 4265 Reli-

210 4325 299 4391 quum
309 4314 357 4369 est
370 4314 475 4370 utrem
487 4306 600 4369 anobis
611 4308 761 4388 inceptam
776 4326 871 4389 aequo
882 4308 1122 4370 commendemus
1137 4311 1282 4373 lectorum
1292 4307 1416 4389 jndicio.
1437 4308 1467 4370 Α
1481 4309 1567 4373 nobis

209 4415 327 4497 quidem
349 4413 465 4477 sincere
483 4414 655 4495 profitemur
675 4433 791 4479 omnem
802 4414 970 4477 adhibitam
984 4434 1052 4477 esse
1068 4433 1170 4479 curam
1184 4422 1217 4477 et
1230 4414 1428 4495 diligentiam,
1448 4423 1483 4478 ut
1493 4434 1568 4498 opus
1658 4440 1665 4449 ·

207 4520 330 4601 diguam
339 4520 416 4582 Viro
431 4539 545 4583 summo
561 4520 688 4584 formam
702 4522 816 4586 referat
831 4522 938 4585 etDeo
954 4523 1073 4587 volente
1089 4522 1129 4585 ad
1143 4521 1262 4585 felicem
1276 4522 1364 4585 finem
1375 4522 1567 4602 perducatur.

316 4645 520 4722 stuttgartise
543 4645 572 4707 d.
597 4646 626 4709 6.
649 4647 824 4712 Decembris
846 4648 927 4712 leot.

719 4786 722 4789 >
1119 4744 1217 4817 (111.
1252 4740 1485 4831 Frifleh·
