3609 5634
270 348 337 413 tm
617 377 628 393 -
728 351 758 401 n
776 348 920 413 ιιςιαιιι
936 339 1177 413 werpum

341 509 383 561 u
399 510 464 561 nm
482 510 601 563 mullis
618 509 718 565 inclusa
734 516 841 565 annotat
857 511 981 575 Keplerm
1000 508 1029 558 in
1046 512 1174 579 ugias:

351 601 430 654 Haec
467 601 573 655 frustm
607 602 694 672 leges.
743 602 813 655 Nara
850 604 914 657 dmu
947 606 1073 658 moratur
1105 604 1221 657 nuncius
1255 604 1295 656 sic
1328 604 1427 657 iuveni.
1481 599 1663 657 lutemlla

272 696 384 744 ιιοιιιι,
414 697 464 750 per
485 696 556 751 quae
578 682 633 735 itur
653 685 792 745 cenando,
819 699 873 735 uon
900 692 968 737 sunt
993 700 1031 737 ox
1051 683 1149 754 figuris
1176 685 1417 754 monitumque
1436 681 1659 753 regulan’irus:

272 764 320 816 red
340 762 481 815 resultant
500 779 537 815 ex
565 771 627 815 octo
648 762 741 815 solidis
767 767 868 833 ιιγιις.
911 765 982 818 Nam
1010 764 1097 833 primo
1124 765 1207 823 datur
1234 765 1269 816 ad
1294 764 1495 834 longitudinem
1519 761 1597 816 fidis
1631 758 1661 813 G

271 841 412 913 propertio
433 842 614 913 longitudinis
628 842 720 897 ildium
741 844 768 906 b,
790 843 818 907 lr,
840 861 863 905 c,
882 846 908 906 d,
930 844 980 908 dis,
1002 862 1027 906 e,
1049 858 1071 914 g
1090 860 1128 897 ex
1146 843 1269 898 leutllm
1282 843 1459 914 geomeuiois
1479 854 1579 913 supra
1601 841 1659 893 de-

275 922 444 977 mourtratis.
485 924 548 977 lan
569 923 635 992 quia
655 937 735 976 aures
757 922 909 991 dijudicant
929 925 1002 978 inter
1021 925 1147 977 divense
1172 924 1344 987 harmoniam
1372 922 1525 993 diiudicant
1554 921 1659 975 etiam

272 1004 345 1057 inter
371 1003 494 1056 diversos
522 1018 604 1056 sonos
631 1002 711 1057 nnius
738 1004 798 1057 fidis
825 1005 961 1059 varietas.
1004 1005 1076 1058 Hinc
1100 1004 1200 1059 existit
1227 1004 1397 1074 comparatio
1418 1007 1436 1057 d
1455 1004 1516 1057 lldis
1538 1018 1617 1056 ιιιιιιι
1640 1018 1659 1053 c

271 1085 339 1144 ΜΘ
368 1096 483 1174 quaram
509 1082 654 1153 longitudo
673 1092 771 1137 estut
791 1083 809 1138 8
831 1085 914 1138 ad9.
955 1086 1063 1155 Estque
1083 1084 1137 1137 lroc
1164 1084 1342 1138 intervallum
1370 1092 1479 1139 tonus
1508 1081 1657 1150 major.

273 1161 385 1217 Plato
376 1178 405 1215 ιιι
425 1162 537 1216 Timaeo
559 1179 652 1217 onnes
674 1172 754 1217 tonos
775 1165 869 1217 ordine
883 1163 937 1217 hac
951 1179 1081 1219 memma
1094 1164 1190 1227 deluit,
1212 1166 1261 1218 sed
1274 1165 1382 1219 vitiose.
1413 1165 1484 1219 Nara
1505 1180 1543 1219 ex
1570 1174 1657 1216 σοι·

273 1243 1122 1312 parationeeonmbautdcumeexistittouusminor
1141 1245 1493 1314 proportionefidiumltt:
1508 1246 1539 1299 θ.
1575 1244 1655 1315 lude

272 1321 398 1391 seqnitur
413 1324 583 1392 comparatio
597 1324 616 1376 h
632 1326 696 1376 adc
715 1332 765 1378 sut
778 1325 819 1377 dis
834 1326 869 1377 ad
883 1326 910 1388 d,
925 1341 998 1395 quac
1012 1325 1112 1379 dicitur
1125 1325 1244 1378 diesis
1257 1319 1297 1394 (si
1317 1338 1377 1379 curn
1390 1326 1510 1379 Platone
1525 1318 1655 1394 loquor)

274 1402 463 1473 proportiout
480 1402 530 1457 152
549 1405 594 1457 lt
617 1402 794 1473 Deniqneex
808 1405 1588 1475 comparationelrcumberiterproportlo24ad25,
1608 1404 1656 1457 sic

271 1483 357 1537 ctiam
370 1500 408 1536 ex
422 1483 627 1552 conpmnone
641 1501 657 1536 e
672 1501 732 1538 cum
746 1483 796 1537 dis.
820 1484 859 1538 Et
871 1486 972 1540 dicitnr
987 1486 1066 1539 semi
1075 1487 1210 1539 tunium.
1234 1486 1305 1539 Nam
1319 1486 1401 1539 diesis
1416 1492 1446 1540 et
1458 1485 1653 1539 semitonium

272 1563 444 1618 constituunt
461 1570 555 1617 tonum
569 1564 707 1619 minorem.
735 1564 813 1625 Quod
835 1565 858 1618 si
880 1566 968 1619 diesin
989 1582 1007 1619 a
1029 1574 1094 1618 tono
1114 1564 1220 1633 majore
1242 1565 1376 1630 auferam,
1397 1566 1568 1637 relinquitur
1582 1564 1650 1620 jn·

273 1641 426 1715 perlectum
448 1645 632 1705 intervallum,
654 1644 743 1711 mqjus
765 1646 919 1709 semitonio,
937 1646 1029 1700 minus
1043 1645 1120 1708 diesi,
1140 1662 1180 1698 sc.
1199 1637 1294 1707 mim,
1326 1646 1366 1699 Et
1384 1644 1436 1700 hoc
1456 1645 1651 1699 intervallum

273 1732 318 1778 est
331 1724 404 1778 inter
418 1725 452 1787 G,
468 1723 525 1787 Gis,
549 1725 578 1787 C,
601 1724 654 1786 Cis,
678 1725 707 1788 F,
729 1726 784 1781 Fis.
815 1725 915 1797 sicque
936 1734 1025 1780 totum
1045 1725 1259 1781 clariclrordiurn
1272 1726 1496 1781 artificiosissime
1517 1734 1548 1779 et
1568 1740 1651 1797 gee-

272 1805 385 1860 metrice
406 1811 451 1858 cst
471 1812 594 1859 tensum:
616 1812 646 1858 et
665 1813 727 1860 tcta
747 1808 871 1863 οιιιιιιιι
889 1807 995 1861 musica
1013 1806 1206 1876 philosophice
1224 1815 1254 1861 et
1276 1807 1427 1861 certisime
1440 1808 1591 1876 ἀιιριιιιιιι
1612 1814 1651 1859 et

272 1886 405 1939 disunsr.
446 1886 518 1940 Nam
537 1886 601 1939 hinc
620 1886 705 1940 etiam
726 1896 804 1940 octo
824 1896 979 1941 tonorum
1001 1882 1083 1957 (ques
1100 1886 1214 1953 vocant)
1234 1888 1392 1941 differentia
1411 1888 1509 1940 haberi
1530 1892 1647 1956 potest.

351 1993 458 2047 Deinde
479 2000 554 2063 peto,
576 2002 608 2047 ut
629 1995 651 2046 si
674 1994 736 2063 quid
758 1994 912 2061 hujusmodi
935 2000 1038 2048 tractet
1059 1995 1224 2057 Glareanus,
1247 1996 1273 2047 id
1293 1993 1359 2048 mihi
1380 1994 1528 2066 significes.
1566 1994 1647 2047 Nam

273 2079 398 2127 autorem
413 2091 467 2126 non
482 2073 581 2127 habeo.
612 2072 665 2128 Sed
686 2074 873 2144 digrediamur
894 2077 1005 2129 taudem
1025 2093 1041 2127 e
1061 2075 1166 2129 musica
1185 2079 1215 2128 et
1236 2075 1318 2138 sonis,
1341 2082 1371 2128 et
1391 2091 1557 2145 quaeramus
1580 2073 1648 2128 alia

274 2154 370 2207 horum
391 2157 486 2225 loyor
504 2152 640 2221 subjecta.
681 2153 710 2207 Si
731 2154 790 2207 soni
812 2152 927 2224 capiunt
946 2155 996 2207 hos
1018 2160 1112 2227 loyce,
1132 2154 1262 2208 credibile
1283 2157 1366 2209 etde
1388 2154 1534 2208 coloribus.
1566 2155 1647 2208 Nam

273 2233 345 2288 sicut
373 2234 400 2286 in
428 2232 502 2286 sonis
524 2250 542 2288 a
563 2233 586 2287 G
608 2232 634 2287 in
656 2252 677 2305 g
704 2233 827 2288 infinitae
852 2244 918 2288 sunt
942 2252 1041 2300 voces,
1072 2244 1104 2289 at
1129 2251 1221 2304 panca
1249 2234 1358 2289 illarum
1386 2235 1543 2291 discrimina
1570 2233 1646 2288 fecit

274 2320 376 2367 natnrt
396 2316 543 2367 secundum
565 2316 756 2384 proportiones
777 2314 971 2385 geometricas,
996 2315 1035 2368 sic
1056 2322 1086 2369 et
1106 2316 1178 2369 inter
1198 2315 1286 2369 lucem
1307 2322 1337 2368 et
1358 2315 1488 2370 tenebras
1509 2314 1642 2369 infinitae

273 2400 337 2447 sunt
357 2394 523 2457 varietates,
546 2396 594 2448 sed
614 2395 707 2448 docuit
727 2404 829 2449 natura
850 2395 944 2448 oculos
965 2413 1070 2467 paucas
1093 2395 1312 2466 appellationes,
1341 2413 1413 2467 quae
1434 2395 1641 2465 proculdubio

270 2474 424 2528 consistent
445 2475 472 2527 in
494 2475 616 2530 terminis
637 2475 771 2529 dictorum
792 2479 894 2547 λογων.
936 2476 975 2529 Ει
990 2473 1051 2544 jam
1071 2476 1098 2530 in
1121 2475 1281 2545 crepusculo
1308 2476 1409 2538 semel,
1439 2480 1498 2530 tum
1519 2477 1547 2529 in
1568 2475 1641 2528 iride

270 2556 312 2608 bis
333 2561 435 2609 natura
455 2554 534 2608 nobis
555 2573 589 2608 eo
611 2554 728 2627 digitum
749 2556 874 2609 intendit.
915 2556 945 2609 ln
966 2557 1129 2626 crepusculo
1150 2574 1188 2609 ex
1207 2555 1272 2610 albo
1294 2556 1320 2609 iu
1341 2556 1454 2610 rubrum
1475 2564 1505 2610 et
1525 2555 1639 2628 nigrum

270 2634 302 2689 tt
322 2634 465 2688 transitus.
501 2635 532 2689 ln
553 2635 648 2705 eclipsi
670 2635 742 2689 Solis
764 2653 801 2688 ex
822 2637 887 2690 albo
908 2654 960 2706 per
979 2636 1080 2689 flavum
1104 2644 1135 2690 et
1154 2636 1267 2689 rubrum
1288 2637 1316 2691 ln
1336 2636 1455 2707 nigrum.
1496 2635 1639 2690 Sincerius

270 2715 365 2767 forsan
386 2714 414 2767 in
436 2714 512 2768 iride.
553 2715 607 2769 Sed
629 2716 705 2769 soleo
727 2715 898 2787 distinguere
926 2734 986 2769 cum
1007 2724 1117 2771 natura.
1159 2716 1260 2770 Flavus
1282 2716 1352 2771 enim
1374 2724 1419 2770 est
1439 2718 1639 2788 quodammodo

271 2793 396 2859 medium,
418 2795 454 2849 ab
476 2813 508 2849 eo
530 2804 686 2849 extrorsum
707 2813 815 2850 versum
835 2797 867 2851 fit
881 2797 1016 2850 transitus
1032 2813 1082 2868 per
1095 2797 1207 2850 rubrum
1222 2796 1248 2848 in
1263 2796 1421 2851 umbrosum
1442 2797 1499 2849 sive
1516 2796 1638 2868 nigrum,

273 2868 612 2946 propter'diminutionem
633 2876 754 2946 corporis
775 2875 880 2930 Solaris
902 2883 932 2930 et
958 2877 1154 2933 admixtionem
1174 2877 1288 2930 umbrae
1310 2877 1337 2930 in
1358 2876 1438 2931 nubis
1460 2892 1557 2931 crassa
1576 2892 1636 2930 ma·

274 2954 353 3009 teria.
395 2959 421 3008 A
442 2955 512 3009 davo
533 2955 680 3011 introrsum
703 2973 753 3026 per
772 2956 886 3011 viridem
907 2957 1074 3021 caeruleum,
1096 2973 1272 3025 purpureum,
1294 2956 1455 3019 violaceum,
1478 2956 1504 3009 in
1526 2956 1639 3028 nigrum

272 3042 317 3089 est
337 3036 471 3089 transitus
492 3043 607 3105 propter
628 3037 712 3091 aliam
730 3040 853 3092 cansam.
883 3037 954 3091 Nam
976 3036 1046 3090 haec
1067 3036 1174 3091 omnino
1195 3041 1240 3089 est
1259 3036 1400 3090 refractio.
1433 3036 1530 3107 ltaque
1552 3052 1640 3106 saepe

273 3115 404 3187 cogitavi,
427 3132 463 3169 an
477 3117 620 3185 proportio
634 3116 731 3186 anguli
745 3116 920 3171 retractionis
935 3119 1088 3172 constituat
1102 3117 1242 3180 terminos,
1264 3112 1291 3170 iu
1313 3117 1411 3187 quibus
1433 3117 1542 3171 dicatur
1563 3117 1640 3170 color

273 3196 375 3259 viridis,
398 3195 543 3249 caeruleus
559 3193 606 3249 dcc.
637 3195 675 3249 Ut
696 3197 720 3248 si
739 3196 870 3250 retractio
891 3198 1005 3261 directa,
1028 3197 1150 3269 angulus
1171 3196 1263 3251 nullus
1282 3197 1435 3252 constituet
1447 3198 1557 3262 flavum,
1579 3197 1640 3250 sive

273 3276 367 3345 potius
388 3275 414 3326 id
435 3277 507 3345 quod
528 3283 573 3329 est
593 3275 842 3345 splendidissimum
862 3278 889 3330 in
909 3278 991 3341 flavo,
1013 3279 1064 3331 lux
1084 3277 1155 3347 ipsa.
1191 3280 1230 3331 At
1250 3278 1358 3347 quando
1378 3276 1510 3331 retractio
1531 3276 1569 3331 sit
1589 3293 1638 3330 au·

275 3354 360 3426 gnlns
380 3362 490 3417 rectus,
512 3354 549 3408 ibi
571 3362 663 3409 cesset
683 3355 769 3409 omnis
790 3355 856 3420 lux,
885 3356 952 3426 quia
972 3373 1070 3426 nempe
1090 3365 1170 3411 recta
1190 3357 1320 3426 objicitur
1341 3374 1455 3427 corpus,
1484 3357 1512 3411 in
1534 3374 1587 3428 quo
1607 3357 1641 3410 tt
1717 3390 1721 3395 ·

275 3433 414 3487 retecto.
450 3434 497 3488 Sic
516 3451 566 3504 pro
580 3433 689 3489 ratione
703 3433 843 3489 divisionis
863 3436 932 3491 recti
954 3437 1050 3507 anguli
1071 3437 1277 3493 constituuntur
1297 3438 1412 3491 colores.
1451 3441 1492 3506 (ln
1511 3444 1637 3509 margine:

274 3513 386 3568 Rectius
402 3513 455 3568 sic:
476 3516 676 3586 Agnoscendus
697 3524 742 3570 est
762 3515 843 3570 albus
865 3515 892 3570 in
911 3517 998 3571 medio
1012 3517 1077 3571 flavi
1094 3523 1124 3571 et
1143 3517 1245 3583 viridis,
1268 3518 1314 3589 qui
1335 3518 1415 3572 albus
1437 3525 1482 3573 est
1503 3518 1567 3587 ipsa
1585 3518 1636 3571 lux

273 3593 354 3648 Solis.
382 3594 445 3647 Jam
465 3594 554 3648 flavus
568 3597 717 3665 respondet
731 3596 818 3659 viridi,
841 3598 956 3651 adustus
972 3626 1011 3636 —
1025 3598 1137 3652 schiller
1153 3627 1187 3636 -
1204 3599 1342 3664 caeruleo,
1364 3599 1466 3657 rubens
1489 3614 1636 3668 purpureo,

274 3680 427 3744 sequuntur
446 3675 574 3745 utrinque
596 3677 738 3730 tenebrae.
780 3675 890 3730 Priores
912 3686 978 3733 sunt
998 3678 1090 3740 terrei,
1112 3679 1280 3747 posteriores
1301 3678 1450 3749 aquatiles
1491 3677 1637 3748 Proportio

274 3751 408 3809 mistionis
428 3755 563 3809 materiae
584 3752 706 3823 eadem)
746 3757 801 3811 Sed
828 3760 961 3828 quomodo
986 3758 1123 3812 dividatur
1152 3759 1273 3829 angulus
1302 3758 1476 3814 retractionis
1502 3758 1637 3813 maximus

275 3850 325 3903 pro
347 3834 469 3888 terminis
491 3836 619 3899 colorum,
642 3837 752 3891 difficile
773 3845 818 3892 est
831 3838 914 3892 dictu.
950 3839 1038 3893 Credo
1060 3845 1152 3893 tamen
1173 3840 1281 3893 omnino
1301 3838 1325 3892 si
1344 3839 1506 3911 designetur
1532 3833 1571 3899 ¹l.
1596 3833 1634 3903 Ἰι,

280 3906 318 3977 Ἰ,
343 3906 383 3978 ¹t‚
410 3908 440 3973 ¹i2
463 3915 539 3978 recti,
563 3916 589 3970 in
604 3934 637 3970 eo
650 3918 826 3972 refractionis
841 3919 947 3989 angulo
962 3920 1092 3974 constitui
1107 3920 1215 3977 tlavum
1236 3920 1358 3982 viridem,
1382 3921 1550 3982 caeruleum,
1571 3935 1636 3989 pur·

276 4010 403 4063 pureum,
429 3996 568 4050 cinerium.
610 3997 682 4050 Ecce
704 3998 821 4053 altitudo
843 3999 919 4051 iridis
940 4016 1000 4052 cum
1021 3998 1207 4055 semicirculus
1229 4008 1287 4063 est,
1314 3999 1443 4092 numquid
1465 4015 1574 4068 semper
1594 4006 1638 4051 est

275 4072 384 4129 circiter
405 4075 442 4131 45
455 4070 477 4139 ⁰,
499 4076 544 4146 qni
566 4078 701 4148 angulum
722 4079 896 4133 semirectum
917 4080 1039 4134 metitur.
1080 4079 1134 4134 Sed
1155 4080 1212 4134 sint
1232 4080 1285 4133 liae
1306 4080 1486 4149 suspiciones.
1528 4078 1639 4133 Pariter

275 4162 306 4210 et
333 4156 367 4209 de
397 4156 542 4226 saporibus
570 4156 603 4208 de
630 4157 812 4228 odoribusque
837 4159 980 4214 dicendum
1007 4160 1068 4214 erit.
1110 4160 1153 4215 De
1179 4159 1297 4228 objectis
1324 4169 1416 4216 tactus
1442 4177 1496 4214 non
1518 4160 1636 4223 videtur,

274 4237 432 4293 sicutenim
451 4236 612 4291 materiales
634 4237 804 4309 qualitates,
835 4247 865 4292 et
892 4239 968 4293 calor
995 4258 1069 4295 mere
1096 4241 1190 4295 activa
1217 4240 1357 4311 qualitas,
1387 4240 1446 4297 siue
1475 4240 1637 4303 discrimine,

276 4315 358 4386 quale
380 4314 407 4370 iu
428 4317 528 4371 ceteris
550 4317 623 4372 inest
643 4318 800 4373 sensilibus.
841 4319 886 4373 De
907 4319 1093 4375 communibus
1118 4320 1266 4374 sensilibus
1294 4322 1356 4393 qnid
1384 4338 1453 4391 opus
1473 4328 1519 4375 est
1538 4320 1637 4382 dicere,

275 4414 336 4449 cum
352 4395 413 4465 jam
433 4398 599 4452 dixerimus?
633 4399 723 4453 Sonus
743 4399 815 4453 euim
835 4408 880 4454 est
900 4406 990 4454 motus
1011 4400 1084 4454 atris
1110 4406 1140 4454 et
1165 4408 1279 4471 propter
1298 4410 1402 4456 motum
1422 4400 1522 4472 recipit
1543 4405 1637 4472 loyes.

275 4476 342 4529 fides
363 4477 435 4531 enim
460 4477 544 4546 duplo
572 4479 682 4550 longior
708 4479 793 4549 duplo
821 4487 947 4534 movetur
967 4481 1083 4535 tardius.
1123 4480 1208 4535 Porro
1230 4483 1364 4552 quomodo
1385 4482 1413 4535 in
1434 4481 1540 4535 musica
1560 4487 1590 4533 et
1610 4480 1638 4533 in

276 4556 472 4611 saltationibus
493 4565 582 4613 mutus
604 4567 634 4612 et
654 4566 746 4615 status
767 4562 1019 4630 proportionentur,
1042 4561 1203 4616 audivimus.
1244 4561 1315 4624 Quid
1336 4564 1369 4615 de
1396 4560 1514 4615 numeris
1540 4562 1637 4625 dicam,

276 4634 322 4704 qni
343 4644 495 4706 sequuntur
514 4640 708 4707 quantitates?
738 4640 859 4694 Videant
873 4642 1029 4705 anatomici,
1052 4658 1088 4697 au
1110 4642 1139 4696 lri
1159 4648 1244 4715 λογοι
1262 4643 1318 4697 sint
1338 4643 1411 4696 inter
1430 4642 1554 4696 membra
1575 4657 1638 4709 per-

278 4715 343 4769 lecti
363 4716 475 4772 humani
495 4720 626 4788 corporis.
661 4721 804 4775 Vitruvius
826 4722 955 4791 praeivit.
990 4724 1033 4777 De
1054 4723 1151 4794 liguris
1167 4741 1232 4778 vero
1248 4724 1385 4793 praecipit
1399 4721 1549 4784 Vitruvius,
1571 4738 1637 4791 quo·

277 4795 355 4851 mode
375 4796 413 4850 sit
432 4797 603 4855 instituenda
622 4800 819 4857 architectura.
859 4802 979 4871 Figurae
1001 4811 1066 4857 sunt
1086 4820 1189 4859 causae
1209 4808 1312 4873 loyor.
1348 4804 1473 4872 Corpore
1492 4800 1637 4871 regularia

277 4876 370 4933 omnia
388 4884 505 4932 utuntur
531 4877 574 4932 his
601 4883 707 4950 loyen.
750 4881 887 4952 Compara
907 4883 1014 4945 latera,
1045 4883 1148 4955 plana,
1180 4883 1309 4960 angulos.
1350 4884 1489 4956 conpara
1506 4896 1638 4940 ιιιιιιιιιιιι
