3609 5634
619 327 637 354 s
674 326 705 375 m
724 260 796 375 anus
820 326 982 392 nesano..
1441 323 1507 392 333

146 482 217 532 niodo
236 497 288 532 non
306 483 368 548 agit,
404 482 533 534 Naturalia
552 484 619 535 calor
647 499 677 534 oo
694 486 869 550 fortior..qno
894 486 1008 549 propior,
1036 491 1063 534 et
1082 490 1178 536 conns.
1215 482 1245 533 In
1264 483 1328 534 Solle
1347 499 1403 534 roro
1426 486 1507 536 calore

146 554 206 604 uiltll
222 554 277 604 talo
295 561 350 611 eat,
374 567 434 604 nam
450 570 494 619 pro
511 556 609 605 rationo
627 555 762 606 distantias
781 567 797 605 a
815 556 893 606 Terra
916 555 983 604 calor
1008 569 1059 604 non
1087 561 1195 620 argotm
1223 554 1260 604 rel
1285 556 1417 615 mlnnltnr,
1443 557 1508 620 quod

146 625 226 676 bieme
244 625 307 674 satia
325 633 441 688 apparet,
467 626 509 675 nbi
526 625 569 676 Sol
587 627 663 675 multo
681 628 786 690 propior,
805 641 880 691 quarn
899 632 1015 682 memte,
1045 633 1072 674 st
1090 633 1176 676 tamen
1194 626 1424 697 minusqcalefacim
1447 628 1507 677 ltem

147 698 171 745 in
189 702 245 746 orm
263 704 291 745 et
307 710 398 746 occasu
417 697 480 746 alias
497 704 594 746 tantum
613 697 776 752 calefaceret.
805 705 925 763 qnantum
950 699 975 746 in
1004 696 1115 752 meridie,
1140 698 1161 746 si
1184 697 1332 747 naturaliter
1352 706 1452 762 agerstr
1481 705 1508 748 at

144 770 216 830 luta
234 766 431 832 magnitudinem
450 768 536 832 anguli
553 767 692 817 reflexionls
711 767 835 817 radiorum
854 770 923 833 agit,
949 775 975 817 et
1003 769 1050 817 nisi
1077 769 1160 817 radius
1184 768 1210 816 in
1228 766 1306 817 Terra
1330 768 1507 825 reflecteretur,

145 851 236 903 parum
254 838 342 888 caloris
360 851 378 887 a
396 837 453 888 Sole
471 840 624 888 sentiremus.
661 838 726 889 Hlnc
744 840 771 888 iu
790 843 848 888 atre
866 839 947 888 nullus
966 838 1004 887 rel
1024 839 1126 903 exiguus
1145 838 1220 898 calor,
1249 839 1298 886 lmo
1316 837 1361 898 snb
1384 837 1441 888 Sole
1460 842 1505 889 ml-

146 923 232 960 norem
249 909 356 959 odoram
374 924 429 959 esua
448 911 559 959 existimo
578 906 647 972 (cnm
665 910 735 960 nulla
752 910 853 960 reflexio
874 911 900 958 in
919 910 1021 959 aethere
1034 910 1086 958 fieri
1096 906 1197 973 possit),
1217 923 1291 975 qnam
1309 910 1334 957 in
1347 909 1425 959 'l'erra
1443 912 1505 974 ipsa.

145 978 246 1031 Natura
262 995 357 1044 quoqne
375 979 424 1030 loci
443 989 519 1046 anget
536 995 580 1044 per
597 981 714 1030 accidens
732 981 870 1032 retentoris
881 981 960 1037 vireret
981 980 1064 1038 arida,
1083 995 1203 1037 arenosa,
1222 987 1355 1036 manunt.
1374 980 1508 1044 sulphurea

144 1051 216 1109 loca,
245 1058 274 1099 ut
291 1066 335 1115 per
353 1066 380 1100 so
399 1049 500 1108 calida,
523 1053 594 1101 citius
613 1051 731 1101 calefiunt
748 1059 775 1101 et
792 1052 878 1101 fortius
897 1052 1055 1101 reverberant
1073 1051 1169 1109 rados,
1198 1057 1284 1100 contra
1302 1049 1403 1101 humida
1421 1057 1447 1102 et
1464 1053 1505 1101 fri·

144 1123 205 1189 gida
223 1122 280 1171 loca
297 1121 389 1171 Terrae
407 1122 509 1172 facium.
547 1122 614 1172 Hinc
632 1131 691 1186 puto
711 1129 736 1172 tc
754 1123 830 1173 facile
848 1128 1057 1187 perspecturum,
1076 1123 1297 1172 inflammationem
1321 1136 1371 1171 non
1391 1137 1445 1172 esse
1463 1137 1505 1172 ex·

146 1207 245 1243 cessum
262 1193 351 1243 colons
369 1193 505 1252 naturalis,
534 1194 630 1243 ratione
648 1195 724 1257 ipsius
744 1192 820 1253 Solis,
850 1194 894 1243 sod
917 1193 1007 1242 saltem
1031 1193 1170 1243 reflexionis
1196 1191 1358 1243 accidentalis
1382 1201 1505 1257 respectu.

144 1264 212 1330 Ergo
232 1266 308 1315 etiam
326 1266 352 1313 ln
368 1261 462 1314 'talibus
481 1263 625 1316 transitibus
644 1265 744 1315 reflexio
763 1265 852 1328 potius,
872 1278 945 1330 quam
963 1265 1016 1328 ipre
1035 1263 1078 1314 Sol
1097 1264 1290 1315 considerandus
1309 1265 1371 1322 erit;
1390 1266 1439 1314 imo
1456 1264 1505 1315 bac

143 1336 243 1386 radone
262 1337 382 1385 trauntur
399 1335 434 1384 illi
452 1349 496 1399 per
515 1342 639 1387 aematem
657 1336 708 1386 talo
727 1337 785 1400 quid
803 1336 920 1386 lnducoro
938 1342 1049 1400 possunt,
1067 1350 1117 1385 uon
1135 1350 1193 1386 roro
1210 1336 1300 1385 bieme.

126 1407 142 1428 ⁶
234 1424 445 1504 Keplerns:
481 1423 605 1486 Solem
629 1444 735 1487 nocere
760 1425 842 1492 dico,
872 1433 904 1485 ut
928 1443 1032 1485 omnes
1055 1424 1209 1503 planetas,
1240 1442 1314 1485 sane
1339 1432 1371 1485 ut
1390 1422 1503 1500 dixisti,

124 1507 200 1593 'per
222 1512 372 1575 accidens.
419 1513 465 1574 De
489 1514 536 1576 bis
560 1512 636 1575 satis
660 1532 752 1592 supra
765 1522 796 1575 et
825 1513 853 1573 in
868 1512 1017 1592 prioribus
1032 1513 1128 1574 literis
1145 1514 1188 1593 (p.
1206 1508 1271 1574 314
1286 1514 1347 1592 sq).
1390 1512 1453 1575 Sed
1467 1514 1505 1575 de

145 1602 211 1663 luce
232 1600 314 1665 Solis
336 1602 513 1681 propinqua,
538 1611 669 1675 remota,
703 1602 907 1681 disputantem
930 1609 962 1661 te
987 1603 1088 1681 relego
1113 1601 1152 1664 ad
1175 1601 1398 1681 propositiones
1421 1620 1505 1663 meas

144 1690 257 1770 capitis
283 1690 370 1770 primi
393 1691 590 1770 Astrologiae
621 1695 656 1760 (h.
670 1713 693 1748 s.
708 1699 794 1749 Thesis
807 1697 839 1747 V.
852 1713 904 1764 sqq.
924 1697 1000 1748 libelli
1017 1699 1117 1763 saepius
1135 1698 1204 1757 dicti,
1224 1699 1265 1763 qui
1283 1699 1348 1749 infra
1366 1695 1503 1764 sequetur).

145 1777 181 1841 Si
205 1777 259 1842 Sol
288 1780 335 1841 hic
364 1778 434 1840 mihi
466 1787 529 1841 tam
551 1797 645 1859 prope
675 1781 818 1842 verticem
842 1780 958 1841 veniret
981 1798 1084 1840 mense
1109 1776 1270 1840 Decembri
1294 1790 1325 1840 et
1348 1778 1503 1854 Januario,

142 1869 213 1948 plus
236 1868 427 1941 calefaceret,
457 1887 545 1948 qnam
568 1867 598 1929 in
622 1869 721 1948 capite
747 1871 842 1929 bonae
868 1870 944 1948 spei.

234 1957 281 2018 Ile
309 1956 419 2018 ceteris
451 1958 490 2018 ad
518 1958 649 2019 calorem
671 1956 907 2020 circumstantiis
931 1955 1096 2030 assentior,
1130 1954 1184 2016 sed
1212 1954 1285 2017 nibil
1314 1964 1421 2017 contra
1445 1976 1502 2031 me,

144 2045 224 2126 quod
247 2044 395 2119 callebas,
429 2046 601 2126 priusquam
629 2047 786 2109 scriberes.
834 2046 919 2107 Haec
949 2045 1049 2106 omnia
1080 2055 1182 2106 tamen
1206 2044 1280 2105 nihil
1310 2045 1349 2106 ad
1377 2053 1502 2107 trans-

143 2134 242 2209 itus,
275 2152 398 2214 quorum
422 2134 557 2213 operatio
581 2153 639 2195 non
663 2134 734 2196 talis
758 2141 821 2208 est,
847 2135 968 2213 qualem
988 2135 1017 2194 in
1043 2134 1142 2213 prima
1165 2143 1253 2211 parte
1277 2132 1504 2194 dissertationis

143 2221 262 2303 scripsi,
287 2232 317 2284 et
341 2229 371 2288 tu
394 2241 447 2302 per
470 2223 662 2285 reflexionem
687 2223 800 2296 definis,
826 2222 881 2283 sed
903 2242 975 2303 pars
997 2221 1223 2301 imaginationis
1247 2229 1304 2284 est.
1352 2220 1445 2294 Sane,
1469 2229 1503 2283 ut

144 2330 200 2372 noc
214 2312 300 2392 Mars
323 2312 353 2373 in
378 2320 445 2373 ortu
469 2331 523 2373 suo
543 2312 660 2396 directa
674 2313 791 2374 actione
811 2329 920 2391 corpus
937 2310 1061 2390 perurit,
1087 2310 1140 2371 sed
1163 2309 1377 2389 imaginatione
1396 2309 1502 2371 Martii

144 2400 265 2464 ruboris
287 2401 402 2464 animus
426 2401 577 2464 choleram
601 2403 733 2481 plantat.
779 2400 874 2462 Potes
893 2400 962 2460 hinc
987 2397 1075 2459 facile
1099 2398 1135 2458 de
1151 2397 1328 2460 transitibus
1346 2397 1498 2477 colligere.

146 2487 222 2552 Cum
246 2488 300 2552 Sol
324 2489 435 2552 transit
458 2509 555 2551 meum
578 2491 757 2559 ascendens,
779 2495 812 2548 ut
831 2487 919 2549 hodie
934 2483 1061 2559 25⁰11‚
1086 2485 1155 2564 quid
1178 2484 1259 2546 urit?
1282 2486 1363 2547 Num
1382 2488 1500 2547 terras?

71 2583 76 2591 “
145 2598 234 2653 sane;
267 2579 320 2640 sed
344 2596 430 2639 meae
453 2597 511 2638 uon
536 2585 614 2639 sunt.
664 2577 743 2639 Num
769 2576 840 2636 me?
886 2576 972 2648 Non3
997 2573 1088 2633 sedeo
1111 2573 1140 2634 iu
1163 2573 1276 2649 umbra,
1297 2572 1436 2635 scribens
1461 2577 1499 2635 ad

144 2667 324 2731 Fabricium.
373 2665 453 2736 Quid
477 2666 569 2746 ergo?
614 2666 693 2727 Puto
717 2683 816 2725 meum
840 2663 1018 2725 ascendens.
1065 2660 1124 2722 Ubi
1147 2660 1241 2723 illud?
1264 2680 1321 2724 non
1345 2662 1375 2724 in
1399 2663 1499 2737 coelo;

145 2756 240 2820 Terra
263 2754 341 2817 enim
361 2754 418 2816 fuit
439 2753 470 2815 in
493 2769 542 2827 ea,
565 2773 611 2816 me
626 2762 786 2816 nascente:
812 2753 890 2814 alius
906 2752 994 2813 situs.
1041 2749 1188 2828 Nuspiam
1206 2750 1297 2830 igitur
1317 2750 1372 2812 boo
1389 2769 1498 2812 ascen-

145 2845 230 2921 dens,
255 2844 313 2906 nisi
337 2846 366 2906 in
390 2843 579 2917 charactere,
605 2843 654 2923 qui
679 2861 745 2904 meo
769 2841 867 2903 animo
892 2849 941 2902 est
963 2839 1141 2918 impressus,
1174 2840 1259 2917 cnjus
1288 2847 1336 2900 est
1359 2839 1502 2918 analogia

145 2934 306 2998 etiamnum
331 2952 398 2996 cum
422 2931 566 2993 similibus
590 2933 668 2993 coeli
690 2930 838 3011 partibus.
882 2929 954 2991 Sole
978 2946 1050 3008 ergo
1074 2926 1209 3007 geminos
1224 2927 1407 3003 ambulante,
1432 2946 1501 2989 mea

145 3025 276 3086 facultas
300 3020 438 3084 animalis
462 3039 618 3082 accessum
635 3019 717 3082 Solis
740 3017 945 3081 characteritii
970 3017 1151 3096 imaginatur
1169 3014 1208 3078 ad
1223 3023 1320 3077 ortum
1336 3016 1498 3078 characte-

144 3112 255 3176 ritinm
296 3110 454 3174 Modificas
478 3110 627 3172 actionem
651 3107 731 3172 Solis
758 3126 944 3187 repercussu.
992 3103 1136 3179 Omnino,
1168 3104 1208 3166 mi
1229 3105 1366 3179 Fabrici,
1401 3105 1499 3185 primo

144 3202 277 3282 impactu
303 3199 436 3268 calfacit.
479 3199 640 3277 Distingnc
663 3199 742 3260 inter
760 3206 860 3258 ustum
875 3204 907 3257 et
921 3203 1049 3257 aestum.
1096 3192 1289 3272 Repercussu
1312 3195 1361 3269 (et
1382 3213 1418 3255 eo
1440 3213 1498 3256 non

145 3289 290 3371 simplici,
327 3288 382 3350 sed
415 3295 562 3367 qnatenus
596 3289 692 3350 lucem
714 3286 826 3347 Terrae
859 3282 1102 3356 communicavit,
1139 3300 1215 3362 quae
1239 3283 1305 3363 jam
1329 3301 1388 3343 non
1413 3291 1445 3345 nt
1469 3285 1498 3345 in

143 3397 322 3460 repercussu
354 3377 384 3439 in
407 3395 496 3438 unum
523 3383 666 3456 punctum
693 3374 809 3449 radiat,
844 3374 898 3436 sed
921 3373 1013 3452 plane
1043 3372 1072 3433 iu
1097 3369 1217 3444 orbem)
1241 3378 1346 3433 aestus
1379 3381 1500 3434 creatur

144 3469 241 3542 aeris,
271 3468 403 3546 impactu
426 3465 520 3545 primo
549 3465 617 3528 urit.
666 3466 761 3526 Totus
794 3462 955 3524 haeresin
986 3479 1092 3522 crassa
1121 3459 1176 3521 illa
1199 3460 1388 3539 operatione,
1423 3479 1499 3538 quae
1565 3493 1577 3506 .

144 3576 251 3620 sensus
276 3555 419 3629 incurrit;
444 3572 594 3634 nunquam
618 3556 718 3633 aperis
742 3552 852 3613 mentis
875 3550 1002 3622 oculum,
1028 3567 1085 3628 quo
1109 3549 1312 3610 harmonicam
1336 3547 1500 3610 connexio·

144 3666 211 3720 nem
235 3645 408 3707 animalium
431 3644 609 3705 facultatum
633 3662 699 3704 cum
724 3641 875 3702 coelorum
889 3636 1018 3699 motibus
1033 3636 1188 3716 inspicias,
1214 3656 1289 3717 quae
1309 3637 1339 3697 in
1354 3635 1498 3697 directio-

145 3736 245 3811 nibus,
269 3734 463 3808 transitibus,
493 3732 743 3800 revolutionibus,
777 3727 952 3812 spaectibus
977 3724 1212 3803 meteorologica
1234 3744 1310 3805 pene
1334 3725 1418 3787 unice
1442 3724 1499 3786 do-

144 3824 282 3887 minatur.
1541 3883 1549 3892 ,

215 3930 391 3980 Fabricius:
419 3928 449 3976 ln
468 3923 685 3976 dimertatiuncula
704 3929 749 3972 tna
766 3920 852 3971 scribis
871 3916 956 3980 (l'bes.
976 3918 1007 3968 V.
1027 3914 1091 3984 aa).
1116 3917 1198 3968 Solem
1220 3933 1270 3969 non
1288 3920 1441 3982 potissimum
1460 3934 1500 3969 re-

60 4056 63 4060 ,
143 4001 249 4052 demone
266 4000 306 4050 rel
324 3999 454 4049 altitudine
472 4010 547 4060 supra
563 3996 724 4050 horizontem,
742 3992 788 4042 sed
806 3991 911 4056 longiori
929 3991 1009 4054 potius
1028 4004 1099 4039 mora
1116 3989 1263 4050 adelmaro,
1283 3989 1453 4040 demonstrans
1471 3991 1497 4041 id

144 4072 226 4123 oaloro
244 4071 359 4138 temporis
378 4069 539 4133 pomeridianl
558 4071 717 4132 augescente.
755 4063 781 4114 Si
799 4062 847 4113 hoc
866 4062 990 4111 interdum
1009 4062 1114 4118 accidit,
1143 4075 1193 4111 uon
1212 4067 1278 4111 certe
1298 4063 1323 4110 in
1340 4060 1521 4125 hyperboreis·

143 4144 212 4204 locis,
231 4143 273 4193 ubi
296 4143 348 4193 dies
373 4148 411 4191 est
429 4137 445 4187 6
463 4139 593 4189 mensium.
630 4135 695 4185 Nam
723 4136 756 4184 ibi
780 4135 807 4184 in
826 4139 925 4183 aestate
953 4132 1202 4212 frigidissimumest
1239 4131 1305 4197 Ergo
1324 4132 1435 4182 adducta
1452 4137 1499 4181 tua

143 4216 207 4266 ratio
226 4214 335 4265 invabda
353 4219 399 4264 eat.

231 4303 433 4384 Keplerns:
468 4298 603 4360 Tandem
630 4311 727 4355 meam
756 4290 1054 4354 dissertatiunculam
1077 4289 1219 4363 adonius,
1253 4289 1308 4351 sed
1332 4288 1499 4351 oscitanter

144 4401 176 4455 et
197 4393 309 4455 infelici
332 4390 476 4470 auspicio.
524 4385 557 4448 Si
577 4384 630 4446 Sol
659 4400 743 4443 mora
766 4382 947 4455 calfaceret,
977 4380 1074 4459 major
1096 4387 1200 4441 aestus
1224 4378 1253 4440 in
1277 4377 1409 4440 hibernis
1432 4377 1496 4439 Ba-

143 4490 281 4543 tavorum
304 4479 406 4543 esset?
452 4476 622 4540 Succenseo
646 4470 716 4544 tibi,
749 4469 799 4552 qni
822 4489 880 4532 non
905 4475 1002 4529 totam
1018 4467 1116 4530 thesin
1141 4466 1252 4547 legisti.
1299 4466 1404 4527 Mora
1425 4485 1498 4546 pars

144 4589 254 4633 causae
274 4577 336 4645 est,
360 4565 574 4630 incidentia
596 4580 667 4641 pars
692 4565 753 4628 est,
778 4559 879 4620 atris
905 4556 1101 4618 crassities
1124 4574 1196 4637 pars
1216 4564 1277 4630 est,
1302 4556 1498 4635 impactum

143 4660 176 4720 in
205 4660 317 4722 Terra
345 4656 464 4738 frigus
488 4653 580 4716 multo
604 4648 733 4711 maxime
756 4666 828 4727 pars
852 4653 910 4708 est.
952 4644 1052 4707 Pudet
1074 4665 1130 4720 me,
1158 4654 1297 4724 repetere
1322 4662 1360 4703 ex
1383 4642 1498 4704 disser-

143 4748 321 4811 tatiuncula.
367 4746 473 4826 ltaque
496 4740 666 4806 circumduc
690 4737 763 4798 mihi
777 4735 881 4799 Solem
905 4736 934 4795 in
956 4733 1018 4796 illis
1042 4734 1175 4797 hibernis
1199 4741 1261 4795 tam
1282 4732 1386 4806 altum,
1410 4750 1500 4813 quam

143 4837 223 4922 apud
245 4855 301 4898 uos
325 4841 383 4908 est,
405 4832 525 4897 videbis
547 4828 708 4892 veritatem
730 4823 932 4908 pronunciati.
