3609 5634
279 363 341 430 toa
785 355 897 423 ΠΜ
915 356 1116 423 cosmogrmator

276 521 444 604 nctanguli,
476 526 548 584 sunt
569 519 599 582 in
623 518 719 600 gradu
741 518 904 582 remotiore
927 522 960 579 et
981 516 1183 580 irrationales.
1231 510 1268 589 3)
1296 510 1412 588 Causa,
1442 511 1513 593 quia
1539 511 1639 573 trinus

210 629 212 632 ’
277 633 342 676 cnm
367 610 479 680 sextili,
505 608 683 692 quadratum
706 627 774 670 cum
797 607 946 688 quadrato
970 605 1103 668 efficiunt
1122 612 1238 668 rectum
1257 602 1408 682 angulum,
1432 601 1508 664 radii
1532 599 1641 680 reliqui

278 703 359 765 nullo
382 709 473 780 pacto
497 718 564 762 cum
588 697 650 760 ulla
680 704 802 777 recepta
827 696 917 758 linea.
964 690 1001 768 4)
1029 692 1260 776 ImperfectaB
1287 692 1387 755 mollis
1415 700 1463 753 ost
1490 690 1638 771 quodam-

277 792 366 855 modo
388 789 544 869 perfecta,
579 787 649 868 quia
680 786 775 849 utitur
803 786 908 846 eadem
938 784 1085 847 divisione
1113 803 1181 846 cum
1209 781 1352 863 perlectis
1380 788 1412 843 et
1438 787 1487 842 est
1514 778 1641 840 dimidia

279 881 393 962 quinta.
439 877 527 940 Unde
550 895 609 937 uon
634 874 754 951 mimm,
786 874 882 936 solam
905 893 943 935 ex
966 874 1151 954 imperfectis
1175 871 1355 952 respondere
1379 869 1513 950 aspectui
1538 866 1638 941 alicui,

279 990 321 1031 sc.
348 966 466 1041 sextili,
498 965 548 1047 qui
577 965 681 1027 itidem
710 972 759 1027 est
786 963 928 1025 dimidius
957 962 1064 1025 trinus.
1112 961 1242 1024 Ceterae
1270 959 1348 1021 enirn
1377 978 1432 1021 neo
1456 967 1545 1037 aptae
1570 964 1669 1018 suut.

277 1058 307 1120 in
332 1054 561 1130 duodenarium,
599 1072 655 1116 uec
683 1053 810 1134 perlecti
838 1052 965 1132 alicujus
991 1071 1064 1133 pars
1092 1059 1171 1113 sunt.
1218 1049 1254 1124 5)
1282 1047 1419 1129 Denique
1446 1066 1501 1109 sex
1530 1044 1641 1125 trigo'ni

279 1146 391 1226 anguli,
417 1152 546 1225 quatuor
568 1143 718 1224 quadrati,
742 1151 806 1203 tres
820 1141 988 1220 sexanguli,
1015 1149 1046 1202 et
1068 1142 1184 1203 duobus
1207 1137 1402 1200 semicirculis
1425 1136 1643 1216 comprehensa

278 1239 336 1298 duo
361 1234 463 1315 spatia
485 1233 612 1312 implent
635 1249 752 1294 omnem
776 1231 805 1293 in
833 1230 961 1309 planitie
986 1231 1093 1292 locnm.
1140 1230 1184 1291 At
1206 1237 1268 1289 tres
1292 1227 1395 1306 anguli
1417 1225 1447 1286 in
1470 1224 1638 1304 quinquan-

279 1325 350 1406 gulo
379 1324 511 1386 minores
539 1330 610 1382 sunt
643 1328 771 1400 quatuor
803 1319 914 1394 rectis,
949 1327 1079 1398 quatuor
1110 1325 1182 1379 sunt
1208 1316 1350 1396 majores.
1396 1314 1485 1378 Unde
1512 1321 1545 1374 et
1567 1311 1642 1374 illud

277 1421 378 1498 patet,
409 1430 502 1492 quare
524 1429 580 1471 nec
603 1409 876 1490 octaugularis,¹¹)
905 1426 960 1469 nec
984 1405 1256 1485 duodecangnlaris
1280 1401 1456 1480 radius,¹¹¹)
1486 1420 1541 1464 nec
1562 1401 1643 1462 nllus

278 1502 460 1582 reliquomm
476 1507 626 1579 operetur.
664 1499 766 1577 Atque
790 1497 839 1559 hic
863 1498 926 1558 lere
950 1515 1058 1577 separo
1082 1514 1192 1558 causas
1216 1503 1392 1574 aspectuum
1415 1513 1435 1553 a
1452 1492 1552 1553 causis
1567 1504 1662 1550 con-‘
1770 1495 1776 1502 '

280 1587 502 1663 cordiamm.¹¹)
541 1585 632 1650 Certe
657 1587 736 1649 enim
760 1605 836 1666 quae
862 1605 900 1648 ex
924 1586 1043 1665 angulis
1066 1586 1111 1658 lit,
1134 1584 1264 1665 genuina
1286 1582 1381 1645 radiis
1405 1589 1454 1642 est
1476 1579 1643 1642 ratiocina-

280 1678 398 1755 tio;¹‘¹)
422 1696 490 1741 cum
514 1686 637 1757 propter
659 1677 800 1754 angulum
823 1676 853 1736 in
878 1683 988 1755 puncto
1012 1674 1180 1756 superficiei
1208 1673 1360 1733 Terrenae
1384 1671 1506 1744 factum,
1531 1670 1561 1729 in
1586 1685 1645 1747 quo

281 1771 453 1842 miscentur,
480 1767 594 1828 existat
617 1765 764 1844 operatio,
789 1783 847 1825 non
873 1782 945 1826 vero
969 1774 1094 1844 propter
1116 1764 1242 1842 figuram
1265 1760 1294 1822 iu
1314 1759 1437 1822 zodiaco
1457 1759 1567 1820 circulo
1587 1757 1644 1817 de-

281 1859 444 1939 scriptam,
480 1875 557 1936 quae
589 1853 805 1934 imaginatione
837 1854 940 1933 potins
970 1872 1058 1933 quarn
1087 1852 1130 1913 rei
1153 1851 1283 1912 veritate
1307 1845 1482 1924 constat.¹¹)
1526 1844 1646 1909 Divisio

281 1967 353 2009 vero
377 1945 444 2007 fidis
468 1963 522 2006 nec
546 1945 575 2005 in
604 1943 715 2005 circulo
745 1942 793 2017 lit,
828 1962 882 2004 nec
911 1942 1030 2020 angulis
1059 1941 1172 2015 utitur,
1207 1940 1260 2002 sed
1290 1939 1430 2019 inplauo
1454 1941 1647 2018 porrectam

282 2038 391 2100 lineam
414 2033 576 2115 perficitur.
625 2034 756 2094 Possunt
781 2038 881 2093 tamen
908 2030 1097 2092 nihilominus
1128 2038 1161 2090 et
1190 2029 1424 2091 concordantiae
1448 2037 1479 2089 et
1503 2032 1647 2104 aspectus

282 2125 393 2187 habere
417 2141 571 2186 commune
596 2122 684 2201 quid,
710 2120 788 2201 quod
812 2121 919 2181 eadem
943 2121 1080 2200 utrinqne
1105 2127 1261 2191 causatur,
1286 2127 1434 2195 utsupra
1458 2114 1647 2184 dictum.¹¹¹)

283 2213 318 2276 Id
343 2232 413 2275 vern
443 2212 569 2274 aliorum
598 2210 764 2271 industriae
793 2210 928 2291 relinquo
952 2209 1156 2271 scrutandum.
1202 2206 1372 2268 Ptolemaei
1394 2206 1527 2279 Musica,
1570 2220 1647 2282 quae

283 2303 541 2383 Regiomontanns
561 2318 628 2361 cum
649 2298 838 2379 expositione
859 2298 1017 2380 Porphyrii
1041 2298 1176 2359 editurus
1200 2303 1275 2370 eret,
1301 2295 1356 2356 sed
1381 2295 1510 2357 nondum
1535 2309 1649 2354 excusa

284 2390 443 2455 Cardenus
467 2387 595 2461 asserit,
627 2388 657 2449 in
689 2388 746 2448 hac
774 2388 903 2449 materia
930 2386 1033 2466 procul
1063 2384 1152 2448 dnbio
1176 2387 1401 2458 versanturfl)
1447 2383 1526 2444 Vide
1549 2382 1645 2442 otiam

284 2480 355 2561 quid
378 2499 416 2542 ex
438 2477 575 2542 Euclidis
599 2476 725 2539 Musicis
749 2476 806 2538 huc
829 2476 935 2539 referri
957 2476 1120 2555 possit.⁰⁰)
1249 2481 1254 2492 '

705 2653 750 2715 ΙΝ
774 2650 915 2716 CAPUT
936 2647 1228 2716 DUODEOIMUM

811 2773 926 2825 uorsa
945 2772 1122 2825 anconam.

334 2937 341 2950 ,
366 2881 398 2955 a)
419 2887 480 2940 Hoc
493 2884 588 2938 thema
602 2901 640 2938 ex
653 2884 780 2956 professo
794 2883 914 2938 tractari
928 2884 956 2937 iu
971 2883 1042 2936 libro
1056 2884 1090 2936 de
1104 2882 1191 2936 stella
1204 2898 1283 2945 nora,
1308 2880 1390 2952 inquo
1404 2900 1536 2953 responso
1551 2885 1586 2936 ad
1600 2885 1649 2938 nb-

189 2981 213 3015 ae
281 2968 362 3038 jecta
379 2965 500 3029 Rnslini;
524 2981 623 3035 nempe
638 2973 757 3036 quatuor
771 2965 879 3035 quidem
899 2963 994 3017 circuli
1016 2962 1121 3016 zodiaci
1135 2964 1305 3033 quadrantes
1326 2964 1505 3019 monstraris
1518 2964 1650 3018 conditio·

285 3050 366 3104 nibns
381 3049 496 3101 duorum
509 3051 639 3110 motuum,
664 3045 753 3098 diurni
768 3043 879 3098 etSolis
895 3043 988 3107 annui,
1014 3060 1083 3114 quas
1108 3049 1260 3113 sequuntur
1283 3042 1369 3097 etiam
1391 3043 1500 3098 luminis
1522 3051 1553 3098 et
1575 3045 1650 3099 cale·

286 3126 414 3183 factionis
437 3132 545 3179 metae:
577 3133 608 3178 at
630 3126 813 3195 quadrautnm
836 3124 1009 3196 singulorum
1032 3123 1244 3177 subdivisionem
1267 3124 1295 3176 in
1315 3128 1398 3177 terna
1422 3124 1546 3194 praecise
1569 3124 1652 3196 sigua

287 3208 356 3263 nihil
370 3207 429 3261 tale
444 3224 494 3259 uec
508 3223 546 3258 ex
559 3210 635 3258 motu
649 3221 701 3258 nec
714 3222 752 3258 ex
765 3204 869 3257 viribus
884 3205 996 3267 habere,
1013 3203 1092 3273 cujus
1106 3205 1220 3257 effectus
1235 3203 1341 3257 censeri
1356 3204 1452 3273 possit,
1474 3204 1526 3258 nisi
1541 3211 1650 3259 tantum

287 3286 525 3360 generalissimam
549 3284 625 3338 illam
645 3284 856 3347 distinctionem,
881 3284 977 3353 quanti
998 3283 1215 3354 uniuscujusque
1238 3282 1266 3337 in
1287 3283 1459 3354 principium,
1485 3284 1601 3338 medium
1621 3293 1652 3339 et

285 3370 379 3422 finem:
405 3381 473 3436 quas
488 3372 582 3418 mmen
596 3371 692 3433 partes
706 3364 786 3417 nulla
798 3363 951 3417 necessitas
970 3362 1056 3431 jubet
1074 3365 1206 3434 aequales
1220 3381 1283 3417 esse
1307 3380 1340 3417 ao
1360 3381 1395 3417 ne
1417 3371 1513 3435 partes
1528 3366 1650 3435 quidem:

287 3446 390 3501 sufficit
404 3444 483 3508 euim,
508 3450 542 3497 ut
560 3460 612 3513 pro
626 3442 714 3497 medio
728 3449 877 3497 censeatur
890 3449 952 3498 tota
965 3445 1126 3514 quadrantis
1149 3445 1233 3507 linea,
1257 3460 1309 3514 pro
1329 3444 1463 3516 principio
1484 3451 1514 3499 et
1530 3446 1584 3499 flue
1598 3447 1652 3500 dno

288 3528 380 3581 lineae
395 3524 505 3580 termini
519 3540 570 3577 seu
583 3531 696 3593 puncta,
712 3539 783 3594 qnae
798 3539 852 3577 uon
866 3532 933 3578 sunt
945 3539 1012 3594 pars
1027 3526 1060 3577 de
1074 3524 1158 3579 linea.

368 3602 399 3671 b)
421 3604 548 3660 Ridicula
569 3603 635 3658 mihi
659 3603 798 3658 sententia
819 3604 932 3667 excidit,
957 3621 1022 3658 rere
1046 3621 1101 3658 non
1116 3604 1266 3659 sententia,
1308 3603 1378 3667 Quid
1401 3605 1472 3659 enim
1486 3611 1538 3668 est,
1563 3606 1652 3660 nihil

288 3691 431 3757 praetor
445 3684 577 3737 omnia?
618 3683 786 3747 Numeratin,
808 3683 881 3738 actio
895 3685 1003 3748 mentis,
1020 3685 1180 3754 supervenit
1193 3686 1276 3739 rebus
1291 3683 1424 3749 omnibus,
1445 3685 1542 3740 divinis
1557 3693 1587 3740 et
1600 3688 1651 3740 hu·

289 3766 394 3820 mauis:
419 3765 505 3828 nulla,
520 3781 556 3816 ue
570 3762 711 3817 levissima
724 3764 833 3834 quidem
846 3765 986 3818 distinctio
1000 3770 1053 3828 est,
1079 3782 1128 3818 seu
1142 3764 1236 3828 realis,
1260 3782 1309 3818 seu
1328 3764 1518 3820 intentionalis
1541 3766 1589 3834 (sit
1603 3767 1654 3820 illa

290 3845 395 3917 primae
409 3845 454 3898 rel
466 3845 612 3908 secundae,
627 3844 674 3897 rel
689 3844 798 3907 tertiae,
813 3845 859 3897 rel
873 3851 977 3914 quotae
994 3844 1065 3899 libet
1078 3839 1253 3914 intentionis)
1273 3861 1344 3915 quae
1359 3863 1414 3898 non
1428 3848 1566 3917 quandam
1579 3846 1654 3900 simi-

291 3925 436 3979 litudinem
456 3923 563 3977 habeat
585 3940 644 3977 cum
668 3923 800 3977 divisione
823 3932 919 3978 recta'e
938 3924 965 3978 in
989 3931 1095 3994 partes.
1136 3926 1214 3989 Vide,
1240 3940 1310 3995 quae
1334 3928 1367 3978 de
1382 3926 1499 3980 numeris
1514 3926 1655 3997 disputari

291 4006 339 4060 lib.
355 4005 402 4058 IV.
417 4003 644 4057 Harmonicorum
659 4004 726 4072 Cap.
741 4005 762 4058 1.
804 4005 865 4058 Hoc
884 4011 979 4059 autem
999 4004 1065 4058 mihi
1079 4011 1142 4059 erat
1159 4005 1188 4058 in
1203 4005 1302 4069 animo,
1327 4022 1388 4059 cnm
1402 4007 1474 4060 hanc
1487 4007 1654 4061 sententiam

291 4085 477 4154 conciperem:
499 4083 628 4154 quidquid
642 4091 803 4138 numeratur
817 4101 835 4138 a
848 4086 928 4139 nobis
944 4078 1071 4156 (praeter
1084 4085 1190 4139 divinas
1205 4101 1339 4155 personas
1360 4085 1388 4139 in
1401 4086 1449 4141 SS.
1464 4085 1611 4154 Trinitate)
1626 4087 1655 4141 id

291 4172 448 4236 respectum
463 4163 582 4234 aliquem
597 4165 702 4218 habere
717 4165 941 4234 quantitativum,
956 4167 1057 4219 saltem
1070 4165 1098 4219 in
1112 4165 1266 4220 intentione
1280 4167 1461 4222 numerantis.

372 4242 401 4312 c)
425 4245 479 4299 Per
493 4239 717 4314 imaginationem
731 4246 809 4314 plani
824 4262 875 4315 per
884 4246 1021 4300 sectiones
1036 4245 1101 4300 illas
1115 4246 1235 4301 laterum
1254 4253 1285 4300 et
1303 4263 1354 4316 per
1367 4253 1490 4301 centrum
1502 4249 1656 4318 figurarum

293 4325 412 4379 omnium
425 4325 547 4378 traducti
569 4335 600 4378 et
619 4339 707 4395 nsque
721 4326 773 4379 sub
791 4327 864 4380 fixas
887 4325 1007 4390 extensi,
1033 4325 1111 4395 osq‘us
1135 4328 1222 4381 sectio
1236 4343 1297 4380 cum
1311 4328 1433 4396 sphaera
1445 4329 1563 4382 fixamm
1576 4329 1655 4384 nobis

293 4405 405 4476 peperit
418 4404 447 4458 in
460 4406 639 4475 conceptione
654 4405 705 4458 illa
718 4405 884 4474 eclipticam.

375 4480 406 4554 d)
429 4484 459 4539 si
477 4484 603 4539 nimirum
621 4503 660 4539 ex
673 4493 768 4539 centro
783 4486 916 4540 communi
930 4486 1082 4556 figurarum
1095 4492 1189 4540 rectae
1208 4502 1260 4556 per
1273 4487 1409 4541 sectiones
1424 4487 1489 4541 dicti
1503 4487 1581 4557 plani
1594 4504 1656 4543 eum

295 4564 430 4618 lateribus
444 4565 594 4636 figurarum
608 4565 754 4634 ejiciantur
767 4582 855 4636 usqne
869 4567 921 4618 sub
934 4567 1018 4629 fixam
1035 4568 1188 4622 addendum
1202 4573 1308 4621 autem:
1328 4567 1356 4622 Si
1371 4567 1456 4622 etiam
1471 4585 1563 4622 omnes
1578 4568 1656 4639 quin·

296 4661 349 4716 qus
371 4644 479 4716 figurae
502 4645 555 4698 tali
578 4645 726 4717 irregulari
749 4645 806 4699 situ
827 4645 943 4700 invicem
965 4653 1144 4717 coaptentur,
1179 4652 1212 4701 ut
1234 4646 1405 4719 singularum
1429 4647 1542 4720 singula
1564 4649 1657 4703 latera

296 4723 464 4779 sectionibus
478 4724 535 4778 suis
550 4730 627 4779 stent
640 4726 667 4778 iu
680 4742 737 4780 una
750 4726 803 4780 tali
816 4733 895 4780 recta
908 4726 997 4782 linea:
1019 4733 1085 4782 tunc
1103 4726 1175 4781 enim
1194 4728 1321 4781 zodiacus
1340 4728 1528 4800 distinguetur
1550 4729 1578 4784 in
1590 4746 1656 4799 par·

232 4879 234 4885 Ι
298 4806 342 4856 tes
356 4803 437 4868 tales,
462 4820 531 4875 quas
549 4822 605 4858 nou
618 4804 730 4859 metitur
750 4805 803 4861 nisi
818 4813 929 4861 centnm
943 4813 973 4861 et
986 4807 1117 4862 vicesima
1135 4805 1231 4861 totius.
1274 4807 1341 4862 Gum
1360 4816 1453 4864 antem
1467 4809 1537 4863 situs
1552 4809 1605 4863 iate
1620 4809 1658 4863 sit

297 4881 711 4958 memoriaemartino
733 4903 785 4956 per
805 4888 925 4958 angulos
940 4888 1104 4942 dodecaddri
1127 4894 1158 4941 et
1179 4887 1315 4944 iconaedri
1339 4895 1453 4944 octonos
1476 4891 1605 4963 unisque
1629 4891 1658 4944 in
