3609 5634
282 331 346 418 156
792 338 1125 418 emeca-aesque

275 512 525 594 ‚occupationibus
548 512 703 576 detentum
727 532 837 595 magno
860 520 894 575 et
920 510 1035 573 difficili
1057 517 1148 592 atque
1176 511 1305 599 molesto
1328 510 1432 576 labore
1455 504 1677 575 sublevavit·

279 599 380 674 Quam
402 601 537 664 tabulam
561 601 627 683 ipso
650 604 845 682 permittente
869 608 992 663 auctore
1015 608 1131 676 tecum,
1157 601 1267 676 lector,
1291 600 1488 677 communico,
1520 599 1678 677 tibique

279 691 324 753 sic
348 710 416 755 eam
438 691 622 766 commendo,
648 700 681 753 ut
704 710 780 774 quae
803 710 862 754 nou
886 699 1003 753 tantum
1027 688 1056 751 in
1075 690 1229 770 praesenti
1245 690 1367 771 negotio
1390 688 1446 753 tibi
1469 690 1672 771 prorutum

172 848 179 855 ,
278 781 333 843 sed
357 780 449 842 etiam
472 779 730 842 intricatissimnm
753 780 863 844 nodum
886 779 926 841 ad
949 777 1067 841 oculum
1090 779 1235 854 solutura,
1260 786 1351 859 atque
1364 778 1442 841 adeo
1464 788 1495 841 te
1519 778 1554 841 in
1581 777 1676 854 ipsa

278 868 505 933 Protenicarum
538 878 628 950 atque
650 864 812 950 Cupernici
846 870 940 952 adyta
972 868 1057 949 quasi
1090 887 1180 930 manu
1218 868 1345 930 ductura
1374 869 1419 931 eit
1430 861 1469 941 1’).
1515 864 1672 930 Etenim

274 958 316 1020 'ex
338 977 376 1020 ea
394 958 559 1037 jucundum
583 965 631 1020 est
654 958 786 1034 discere,
810 959 958 1039 quomodo
982 974 1075 1037 auges
1097 957 1286 1038 planetarum
1311 956 1449 1019 diversae
1472 956 1501 1019 in
1517 957 1672 1018 diversa
1699 950 1712 961 '

276 1046 392 1109 zodiaci
416 1048 484 1108 loca
506 1047 634 1109 cadant:
659 1049 737 1130 qnod
760 1047 790 1127 in
809 1048 930 1110 Venere
952 1048 1021 1127 plus
1045 1045 1154 1126 integri
1176 1045 1294 1108 trientis
1315 1046 1523 1109 diversitatem
1545 1043 1667 1125 parit.

276 1134 357 1200 Nam
386 1136 451 1215 ejus
480 1153 647 1217 apogaeum
670 1136 771 1200 estin
795 1137 824 1213 ὅ
852 1143 884 1197 et
907 1140 955 1210 Π,
983 1134 1107 1214 ciericos
1134 1135 1162 1196 in
1185 1140 1221 1209 ἦ
1243 1143 1276 1196 et
1297 1152 1355 1197 x.
1402 1136 1515 1197 Videre
1544 1132 1665 1196 etiam

277 1233 334 1301 est,
359 1225 449 1305 longe
481 1226 558 1287 alias
587 1244 656 1287 ease
686 1226 783 1288 lineas
817 1224 1028 1287 distantiarum
1055 1245 1074 1285 a
1098 1223 1187 1298 Sole,
1219 1241 1308 1304 quam
1340 1245 1359 1286 a
1386 1234 1489 1288 centro
1512 1221 1664 1286 Terreni

277 1313 369 1377 orbis.
416 1312 504 1384 Quae
533 1314 695 1378 diversitas
723 1315 752 1377 iu
776 1310 798 1391 15
821 1315 954 1376 maxima
981 1320 1044 1384 est,
1071 1321 1233 1393 propterea
1260 1313 1337 1393 qnod
1366 1314 1485 1393 integra
1507 1311 1662 1374 Telluris

276 1398 465 1483 desumpsere
481 1403 546 1483 ejus
569 1404 735 1467 distantiae
758 1404 887 1466 accedit.
933 1404 968 1465 In
991 1402 1070 1464 Jove
1093 1411 1196 1464 autem
1217 1420 1322 1482 perum
1345 1410 1493 1475 mutatur,
1516 1401 1594 1483 quia
1625 1401 1660 1461 is

278 1510 337 1554 uon
361 1501 396 1554 ut
417 1490 567 1554 Saturnus
590 1512 607 1553 e
631 1494 753 1573 regione
776 1491 858 1556 Solis
881 1493 915 1553 tit
939 1491 1116 1565 altissimus,
1141 1491 1249 1553 sedin
1274 1500 1336 1563 α,
1363 1491 1411 1553 ubi
1436 1492 1498 1552 tere
1520 1508 1658 1570 aequa-

277 1580 349 1644 liter
371 1580 461 1643 abest
483 1582 522 1643 ab
546 1590 671 1663 utroque
694 1589 798 1644 centro
822 1580 906 1644 Solis
936 1589 967 1642 et
990 1580 1073 1643 orbis
1095 1580 1205 1660 magni.
1252 1581 1354 1660 Atque
1384 1581 1453 1642 inde
1481 1580 1575 1641 etiam
1603 1577 1653 1639 ad

174 1702 180 1714 ·
276 1669 395 1732 oculum
417 1678 505 1752 patet
528 1670 744 1733 demonstratio
768 1670 843 1750 ejus,
870 1667 1151 1753 quodssopernicns
1174 1668 1227 1730 lib.
1245 1667 1284 1731 V.
1309 1668 1417 1731 Revol.
1442 1687 1510 1749 cap.
1527 1666 1559 1732 4.
1584 1661 1652 1730 16.

277 1767 309 1821 et
332 1755 375 1822 22
398 1759 454 1821 sub
478 1759 579 1830 tinem,
610 1761 647 1820 de
671 1760 806 1843 mutabili
831 1757 1056 1822 eccentricitate
1080 1758 1191 1820 Martis
1215 1764 1248 1819 et
1269 1757 1400 1820 Veneris
1425 1759 1464 1820 ed
1487 1757 1650 1820 mutatio-

277 1866 345 1909 nem
368 1846 529 1927 Terrenae,
553 1848 739 1911 brevissimis
763 1849 863 1911 verbis
887 1846 1002 1921 innuit,
1035 1846 1183 1910 Rheticns
1211 1864 1283 1910 vero
1313 1847 1344 1910 in
1374 1866 1431 1909 sna
1451 1847 1650 1911 Narratione

276 1935 428 2016 copiosius
451 1936 650 2021 persequitur.
697 1936 790 2001 Aliud
813 1936 906 1999 etiam
931 1944 994 2010 est,
1026 1936 1110 2017 cnjus
1133 1954 1189 1999 uos
1212 1935 1331 1998 isthaec
1353 1936 1460 1998 tabula
1483 1936 1645 2010 admonet,

277 2025 356 2105 quod
380 2025 450 2107 quia
472 2027 658 2090 commodius
681 2028 742 2089 alio
766 2026 831 2088 loco
856 2026 917 2087 dici
945 2032 1062 2106 potest,
1092 2043 1169 2087 nnnc
1197 2023 1340 2087 differam.
1387 2025 1475 2088 Nunc
1498 2025 1645 2088 adrem.

276 2114 412 2178 Pandam
436 2124 537 2178 antem
561 2116 786 2198 quadruplicem
815 2114 951 2177 ordinem
979 2132 1176 2177 numerorum.
1222 2114 1257 2175 in
1289 2112 1385 2194 primo
1413 2122 1502 2177 munt
1528 2115 1643 2196 plane-

277 2213 376 2265 tarum
398 2204 559 2266 abscessus
585 2224 604 2265 a
634 2213 737 2267 centro
771 2203 871 2284 magni
901 2202 1001 2271 orbis,
1036 2203 1115 2266 sicut
1145 2202 1166 2265 ii
1199 2202 1361 2265 abscessus
1393 2211 1425 2266 et
1456 2205 1571 2267 numeri
1598 2222 1644 2266 ex

277 2289 445 2372 Coperuico
469 2293 684 2358 etPrutenicis
708 2293 887 2373 simpliciter
909 2299 942 2354 et
964 2292 1029 2354 sine
1052 2290 1219 2354 mutatione
1243 2291 1411 2354 eliciuntur.
1447 2294 1481 2355 ln
1505 2293 1642 2356 secundo

278 2388 366 2445 erunt
388 2383 550 2445 abscessus
580 2382 696 2445 orbium
723 2404 743 2444 a
770 2389 873 2449 centro
897 2378 996 2456 Solis,
1028 2382 1078 2461 qni
1104 2379 1284 2461 proveniunt
1311 2399 1349 2442 ex
1372 2379 1539 2461 Oopernico
1567 2390 1643 2462 post

279 2467 363 2533 illam
385 2470 598 2535 resolutionem
621 2490 823 2546 numerorum,
854 2471 891 2532 de
915 2490 975 2551 qua
997 2469 1086 2534 modo
1108 2468 1212 2532 vidisti
1235 2468 1370 2532 tabulam
1393 2470 1437 2542 (in
1461 2480 1563 2533 annot.
1588 2472 1636 2546 b).

277 2558 311 2620 Iu
337 2558 426 2623 tertio
449 2568 481 2623 et
504 2568 613 2642 quarto
636 2560 758 2623 venient
776 2579 891 2623 rursum
913 2560 1073 2622 abscessus
1090 2558 1313 2641 planetaruma
1329 2555 1381 2637 Θ,
1404 2566 1494 2639 prout
1516 2560 1558 2621 illi
1582 2578 1638 2640 per

277 2646 537 2728 interpositionem
568 2668 724 2732 corporum
760 2647 870 2712 mutati
902 2656 982 2710 sunt.
1037 2647 1080 2710 Et
1111 2645 1220 2710 tertius
1245 2648 1371 2728 quidem
1402 2648 1475 2710 ordo
1508 2648 1566 2711 erit
1597 2669 1638 2711 en

278 2741 430 2801 structura
451 2737 552 2802 mnudi
576 2759 627 2817 ea,
657 2758 734 2819 quae
761 2756 815 2819 pro
845 2737 1038 2799 fundamento
1062 2735 1187 2800 habebit
1213 2737 1295 2801 orbis
1317 2736 1441 2801 Terreni
1465 2737 1637 2801 crassitiem

224 2875 226 2879 .
277 2822 460 2905 simplicem,
487 2847 546 2890 non
570 2828 724 2903 accensitp
748 2833 914 2910 systemate
938 2825 1062 2889 Lunari.
1109 2822 1246 2896 Quartus
1267 2825 1395 2907 denique
1417 2828 1527 2906 prodet
1548 2847 1637 2891 cras-

277 2913 377 2977 sitiem
401 2915 483 2979 orbis
506 2917 630 2979 Terreni
653 2925 785 2990 tantam,
813 2932 890 2996 qnae
919 2933 1011 2995 supra
1034 2922 1065 2977 et
1088 2913 1167 2977 inira
1188 2913 1442 2978 semidiametrnrn
1465 2916 1547 2980 orbis
1569 2918 1637 2980 Ln-

278 3002 359 3066 uaris
381 3014 543 3086 contegere
565 3006 673 3086 possit.
695 3001 739 3080 ⁸¹)

378 3352 1579 3507 qmmuoomnmmmnem

473 3470 1567 3541 mmmoemmemsomm

373 3610 1569 3738 Qnmasrrrosreaasssosurr

410 3699 1567 3787 smmmmtmurmermae

475 3846 587 3912 Attiss.
623 3845 636 3910 1
687 3844 729 3913 39

374 3903 730 4019 &emim

376 4127 402 4202 ὃ
475 4079 586 4182 Altius.
624 4078 636 4142 1

475 4169 588 4232 Humrl.
623 4166 637 4230 1

377 4355 402 4426 9
475 4311 585 4374 Altiss.
619 4309 641 4376 0

474 4400 588 4463 Humil.
619 4398 640 4463 0

380 4588 402 4661 ξ
475 4541 585 4607 Altiss.
619 4540 640 4605 0
686 4538 729 4606 29

475 4628 642 4695 Humilo
691 4625 731 4694 18

371 4810 412 4890 Θ
477 4770 641 4877 Altius00
708 4770 730 4836 2
775 4772 819 4838 30

448 4857 643 4933 illumild
713 4860 726 4926 l
776 4858 819 4927 56
