3609 5634
728 341 911 414 ,m
1160 442 1164 463 Ι
1441 357 1506 474 ‘m

122 516 239 580 curii:
271 516 419 599 siquidem
442 537 567 592 acosma
589 525 640 581 est
669 517 792 582 minima
814 520 995 584 mareoten.
1042 519 1208 584 Meministi
1239 521 1271 583 iu
1294 520 1393 585 tribus
1415 539 1508 601 sope-

123 604 274 669 rioribus
305 626 353 671 me
383 607 517 673 dividere
545 609 612 683 illa,
641 626 717 689 qnae
746 609 775 670 iu
799 617 909 672 natura
932 630 952 671 a
974 629 1007 672 se
1032 618 1135 673 mutuo
1162 610 1313 693 psndcm,
1347 618 1510 690 propterea

125 697 223 776 quod
249 697 365 760 animae
389 705 498 760 natura
520 697 706 760 inimitabilis
730 707 788 761 est.
835 698 992 778 Digressio
1007 699 1149 781 planetas
1174 697 1279 761 aSole
1300 697 1394 761 efficit
1417 698 1509 762 etiam

125 784 355 850 lentitudinem
379 795 488 849 motas.
534 789 580 850 At
602 806 658 866 ego
681 786 891 851 lentitudinem
915 788 963 850 vel
992 788 1241 869 inaequalitatem
1263 797 1362 850 motus
1385 798 1508 867 praesto

126 893 198 954 per
222 876 411 956 inaequalem
435 875 654 940 denticulorum
677 876 913 955 magnitudinem
937 885 969 940 et
987 877 1164 941 distantiam
1186 878 1217 939 iu
1241 877 1317 940 rotis
1340 877 1431 940 trium
1454 897 1508 941 su-

127 964 307 1044 periorum.
356 964 471 1027 Deinde
494 964 664 1045 digressum
694 965 836 1045 planetae
859 973 984 1045 praesto
1007 985 1060 1048 per
1084 966 1172 1028 orbes
1196 974 1229 1028 et
1251 965 1413 1028 curvatilia
1435 967 1508 1029 bra-

129 1053 235 1126 cbia,
260 1054 367 1134 quibos
391 1054 515 1135 planeta
537 1055 798 1133 circumgestatur.
846 1056 880 1118 lu
897 1055 1017 1118 Venere
1041 1066 1074 1119 et
1096 1060 1117 1132 b
1141 1054 1251 1136 duplex
1265 1063 1315 1118 est
1337 1054 1509 1134 hujusmodi
1580 1111 1584 1118 .

131 1142 350 1223 inaequalitas
382 1151 416 1206 et
438 1152 537 1207 motus
568 1152 600 1206 et
623 1143 802 1220 distantiae,
837 1163 897 1207 una
919 1145 1031 1224 pendet
1054 1166 1074 1207 a
1097 1144 1207 1220 Terra,
1240 1145 1339 1207 altera
1368 1144 1408 1205 ab
1431 1144 1508 1225 ipsis

134 1232 281 1295 orbibus.
328 1232 487 1308 Dubinvt,
512 1232 660 1314 quomodo
684 1242 811 1313 utraque
837 1233 878 1295 sit
901 1234 1100 1315 praestanda·
1140 1233 1232 1309 Dico,
1259 1251 1314 1313 pro
1339 1232 1508 1314 inaequali-

136 1329 214 1383 tate
232 1330 331 1383 motus
356 1322 509 1402 utriusque
533 1331 691 1402 utmmqne
716 1323 809 1385 etiam
833 1322 976 1386 circulum
1000 1333 1033 1385 et
1055 1321 1178 1385 actricis
1202 1331 1234 1384 et
1251 1330 1337 1384 rotae
1361 1322 1507 1403 inaequa-

140 1410 220 1473 liter
243 1410 443 1473 dividendum.
491 1411 536 1475 Ut
558 1429 629 1473 vero
654 1409 746 1473 etiam
771 1430 863 1491 snpra
886 1412 916 1474 in
941 1412 1043 1493 operis
1065 1411 1144 1474 facie
1167 1411 1288 1492 gemina
1312 1410 1508 1491 digressionis

140 1500 350 1580 inaequalitas
373 1501 565 1582 respondeat,
590 1500 620 1561 id
644 1499 796 1562 difficilius
819 1509 877 1562 est.
916 1500 1113 1564 Tutissimum
1136 1508 1248 1575 tamen,
1273 1508 1306 1562 ut
1325 1500 1509 1563 cohaereant
1620 1539 1627 1548 ·

141 1590 249 1651 omnia
271 1608 398 1670 corpora
421 1597 453 1651 et
476 1589 578 1661 orbes,
602 1607 657 1651 uec
681 1589 1006 1654 Terracircumv'ehat
1020 1589 1197 1663 interiores,
1220 1597 1254 1652 ut
1276 1589 1410 1669 proxime
1433 1608 1506 1651 ceu·

144 1697 278 1741 sueram.
324 1680 358 1741 Iu
382 1678 533 1742 Mercurio
564 1686 665 1740 autem
689 1678 777 1742 alteri
807 1678 987 1758 digressioui
1018 1679 1125 1741 molius
1148 1677 1279 1741 succurri
1311 1687 1431 1758 potest,
1464 1696 1508 1741 sc.

143 1786 202 1847 per
226 1767 451 1851 ampliationem
474 1777 508 1831 et
525 1768 763 1832 contractionem
788 1768 879 1830 orbis.
926 1768 1101 1832 Potuissem
1123 1767 1198 1829 haec
1217 1768 1281 1848 jam
1301 1767 1452 1843 omittere,
1477 1775 1511 1829 ut

145 1857 246 1920 adbuc
269 1857 446 1938 imperfecta
474 1868 506 1921 et
533 1858 629 1920 miuus
653 1857 683 1919 iu
707 1875 799 1938 opere
824 1857 890 1936 ipso
914 1858 1103 1921 necessaria:
1132 1856 1329 1937 sed‘scripsi,
1360 1865 1395 1919 ut
1418 1854 1509 1919 testi-

146 1947 278 2009 mouium
302 1955 405 2009 aeaut
427 1965 512 2009 meae
536 1965 636 2013 curae.

219 2085 253 2149 (E
272 2088 349 2140 literis
368 2088 393 2140 d.
411 2088 435 2140 d.
456 2086 499 2138 21.
519 2091 583 2155 Aug.
605 2082 695 2150 1598.)
715 2115 747 2127 -
767 2085 842 2148 Dein,
864 2087 887 2138 d.
909 2086 938 2138 t:
954 2087 1018 2141 Dec.
1040 2085 1118 2148 tots,
1136 2088 1202 2141 haec
1220 2089 1354 2140 subsecuta
1371 2095 1445 2139 suut:

239 2301 413 2364 Mercurius
430 2311 500 2364 tuus
524 2301 647 2366 aberrat
665 2309 860 2365 constanter:
883 2301 1070 2382 quarevide,
1095 2319 1153 2381 quo
1173 2309 1265 2380 pacto
1288 2309 1388 2364 motus
1411 2301 1510 2379 lougi-

148 2388 265 2452 tudinis
288 2389 465 2470 corrigatur.
512 2389 592 2452 Ecce
617 2391 695 2451 euim
718 2390 756 2452 ad
780 2391 885 2453 literas
910 2408 986 2470 quas
1008 2386 1038 2452 4.
1058 2390 1131 2453 Julii
1154 2391 1314 2469 scripsisti,
1339 2408 1406 2453 oum
1429 2397 1513 2452 esset

116 2483 119 2488 ’
149 2479 292 2557 Augusto
326 2498 427 2540 meuse
460 2479 717 2560 respondendum,
750 2497 855 2541 menso
877 2478 1038 2541 Decembri
1066 2479 1253 2558 respondeo;
1286 2498 1361 2558 quas
1385 2477 1510 2542 Octobri

149 2587 253 2629 mense
276 2569 379 2648 procul
403 2567 493 2629 dubio
517 2567 676 2649 scripsisti,
701 2568 741 2630 ad
763 2586 839 2647 quaa
857 2567 951 2630 etiam
969 2567 1025 2629 hoo
1040 2567 1198 2630 Decembri
1213 2585 1390 2647 responsum
1407 2568 1510 2647 procul

149 2657 241 2719 dubio
265 2664 428 2737 expectas,
463 2657 622 2719 dummodo
645 2656 829 2731 reddantur,
861 2656 1093 2737 respondebitur
1120 2657 1251 2718 fortasse
1282 2655 1324 2730 (si
1346 2655 1413 2717 Deo
1440 2655 1510 2735 pla·

148 2747 246 2808 cuerit
268 2766 315 2809 me
339 2745 488 2832 tantisper
510 2747 637 2822 virere),
661 2765 765 2810 mense
779 2746 905 2810 Martio.
941 2745 1056 2809 Misisti
1079 2741 1111 2809 4.
1126 2742 1200 2808 Julii
1223 2746 1354 2825 scriptas
1377 2743 1509 2808 Ulmum.

148 2833 213 2896 Eas
238 2835 362 2914 pertulit
384 2836 518 2898 Jacobus
542 2845 646 2898 noster
668 2837 801 2916 ignarus,
826 2844 913 2898 eraut
937 2836 1015 2899 euim
1039 2835 1212 2916 implicatae
1236 2834 1355 2908 alteris,
1382 2851 1457 2914 quas
1481 2833 1511 2895 iu

149 2923 339 2986 carinthiam
354 2926 545 3005 spectabant.
579 2925 623 2988 Ut
644 2924 771 2987 venitin
787 2923 989 2994 carinthiam,
1008 2925 1075 3005 jam
1097 2942 1201 2987 rursus
1223 2923 1295 2986 illac
1318 2939 1509 2996 ascensurus,

148 3013 366 3077 animadvertit
388 3033 530 3088 errorem,
555 3022 661 3094 aperto
685 3014 737 3076 illo
761 3013 914 3076 involucro
937 3031 992 3094 per
1014 3033 1091 3088 euru,
1116 3013 1163 3075 oui
1181 3011 1370 3075 mittebatur.
1403 3011 1511 3089 Itaque

149 3103 258 3166 literas
281 3111 349 3165 tuas
374 3102 491 3172 remisit
518 3103 547 3165 in
571 3101 726 3186 Styriam,
758 3103 822 3183 ipse
850 3103 986 3182 perrexit
1012 3102 1042 3165 iu
1067 3101 1230 3165 Sueviam:
1264 3100 1370 3181 opinor
1399 3107 1511 3171 tamen,

150 3190 211 3253 etsi
235 3192 401 3271 legitimum
427 3210 602 3272 responsum
625 3212 683 3255 uon
707 3192 874 3273 pertulerit,
898 3190 1060 3272 pertulisse
1078 3199 1180 3254 tamen
1200 3191 1318 3254 abunde
1341 3188 1510 3252 verborum.

150 3278 186 3342 Si
211 3281 281 3362 quid
305 3280 431 3343 Octobri
455 3299 566 3343 mense·
581 3282 629 3343 vel
652 3281 816 3344 Novembri
840 3280 1007 3363 scripsisti,
1036 3279 1067 3342 id
1091 3281 1172 3343 scias
1195 3280 1267 3343 mihi
1290 3278 1421 3342 noudum
1444 3296 1512 3339 esse

152 3369 313 3432 redditum.
361 3371 440 3433 Nam
463 3369 658 3450 perlatorem,
684 3388 769 3450 quem
792 3369 927 3433 Jacobus
950 3370 1007 3433 tibi
1030 3369 1257 3451 designaverat,
1281 3387 1379 3431 rerum
1402 3386 1510 3430 couse-

151 3468 223 3522 cuta
246 3460 439 3522 commutatio
463 3458 629 3521 absterruit
653 3458 711 3532 (uti
735 3460 854 3522 omniuo
877 3461 967 3539 puto)
990 3479 1028 3522 ne
1052 3458 1187 3543 Styriam
1210 3458 1426 3538 ingrederetur.
1531 3465 1541 3493 ¹

239 3547 273 3609 lu
296 3549 443 3629 principio
468 3545 718 3610 Germanicarum
742 3548 895 3611 literarum
919 3567 1049 3611 errorem
1073 3566 1206 3628 munseo
1231 3547 1397 3624 verborum.
1431 3541 1512 3606 Sen-

151 3655 203 3699 sus
227 3637 346 3699 omuiuo
369 3637 470 3700 verbis
493 3636 553 3699 illis
577 3651 597 3698 a
618 3654 666 3698 me
690 3636 843 3718 usurpatis
866 3636 947 3699 inest
969 3637 1063 3708 talis:
1084 3637 1176 3699 Velle
1189 3656 1237 3698 me
1256 3635 1417 3697 defendere
1440 3651 1512 3714 pro·

150 3726 281 3806 positum
310 3745 407 3788 meum
440 3744 542 3788 coram
575 3731 616 3788 te.
663 3724 758 3805 Atqui
786 3725 885 3788 hercle
914 3744 972 3787 non
1003 3725 1032 3787 id
1066 3724 1139 3789 mihi
1171 3726 1229 3788 ruit
1260 3724 1369 3800 animi,
1403 3721 1512 3785 abortii

152 3815 293 3895 quicquid
315 3816 345 3876 id
370 3823 419 3878 eat
440 3813 609 3877 verborum.
657 3813 785 3877 Sensum
808 3813 890 3879 euim
911 3833 978 3876 esso
1002 3815 1101 3891 volui,
1131 3814 1325 3897 suppeditare
1350 3831 1397 3873 me
1419 3829 1512 3892 prae·
1537 3821 1540 3836 ·

151 3904 264 3983 cepturi
287 3904 426 3983 exempla
448 3911 554 3966 vetera
577 3904 651 3977 (non
675 3903 795 3982 quidem
817 3902 906 3984 quasi
929 3921 1078 3978 censeam,
1105 3903 1157 3966 illa
1175 3903 1314 3983 ignorare
1337 3909 1378 3976 te,
1402 3900 1457 3962 sed
1481 3907 1514 3961 ut

151 4000 182 4052 tc
206 3992 323 4054 illorum
347 3993 650 4067 commonefacerem
674 3990 866 4067 Erinuereu.)
891 3991 998 4075 quibus
1018 3992 1163 4073 exemplis
1181 4010 1278 4076 meam
1293 3991 1405 4053 lamam
1418 3987 1512 4051 Stuc-

151 4081 274 4144 cardine
296 4091 402 4146 contra
424 4082 662 4156 obtrectatores,
686 4080 713 4143 si
738 4082 786 4163 qui
810 4082 887 4144 forte
912 4081 1058 4156 existant,
1090 4081 1244 4144 denudat.
1291 4080 1397 4159 Itaque
1420 4075 1514 4137 verba

150 4189 187 4232 su
210 4170 328 4233 mehrer
350 4170 515 4233 Defensiob
540 4169 635 4233 meins
658 4170 835 4233 Ftirhabens
858 4170 903 4233 sic
927 4169 1131 4251 accipiantur,
1154 4171 1210 4232 das
1234 4170 1288 4231 der
1309 4169 1349 4230 H.
1372 4167 1408 4229 P.
1433 4163 1512 4230 mein

152 4258 299 4322 ffirbabeu
333 4259 420 4321 desto
452 4260 558 4322 besam
586 4258 742 4322 defeudiru
776 4259 905 4322 lhbnde.
952 4257 1014 4322 Sed
1046 4259 1123 4323 beuo
1156 4258 1276 4331 fecisti,
1311 4257 1362 4338 qui
1392 4255 1513 4318 lituram

152 4345 292 4411 iuducere
315 4348 512 4413 incommodis
535 4348 604 4411 istis
626 4347 727 4412 verbis
750 4347 898 4412 statuisti.
947 4347 1070 4411 Utinam
1094 4367 1167 4411 sane
1195 4345 1322 4409 feceris!
1370 4341 1514 4408 Ceterum

152 4437 207 4499 hoc
230 4455 288 4498 uuo
313 4440 464 4514 σφαλματι
488 4444 629 4517 excepto,
654 4436 741 4500 rides
764 4438 838 4517 ipse,
863 4437 1030 4500 consultius
1053 4435 1158 4509 inisse,
1181 4444 1215 4497 ut
1236 4443 1267 4497 te
1292 4434 1461 4514 alloquerer
1483 4430 1512 4492 in

144 4521 206 4587 ‘itta
227 4526 367 4607 epistula,
392 4545 479 4608 quem
502 4526 595 4589 etiam
616 4525 757 4607 princeps
772 4525 1001 4606 alloquebatur:
1026 4533 1069 4599 ut,
1093 4524 1233 4605 quoniam
1256 4541 1313 4604 ego
1337 4542 1356 4584 a
1378 4518 1513 4603 principe

151 4633 205 4694 per
219 4623 251 4677 ts
266 4615 483 4680 internuncium
503 4615 723 4696 interrogabar,
747 4614 887 4695 princeps
911 4613 1002 4678 etiam
1024 4635 1044 4676 a
1063 4633 1111 4677 ms
1125 4629 1300 4694 responsum
1313 4628 1368 4691 per
1387 4607 1514 4671 eundem

153 4712 182 4765 te
206 4704 343 4767 baberet.
390 4702 499 4767 Sciunt
521 4723 644 4777 omnes,
672 4722 731 4766 uon
755 4720 823 4765 esse
847 4701 980 4764 literatis
1004 4701 1033 4764 in
1057 4720 1139 4764 more
1166 4698 1317 4782 positum,
1350 4698 1516 4764 venacus

153 4791 237 4854 'mera
258 4791 323 4855 uti:
356 4811 412 4855 uec
434 4792 561 4856 obscure
584 4790 766 4872 conjiciunt,
799 4790 928 4873 principi
951 4808 997 4852 me
1022 4789 1104 4852 diota
1127 4789 1225 4865 velle,
1259 4808 1335 4871 quas
1359 4788 1416 4852 tibi
1439 4787 1511 4850 dixi.

153 4879 242 4954 Quod
264 4881 423 4949 immamus
446 4898 599 4950 numerum
621 4880 835 4948 clericulorum
858 4879 971 4946 attinet
994 4879 1023 4942 iu
1046 4878 1277 4958 ratiarnam,
1301 4877 1511 4942 existimante
