3609 5634
302 396 368 468 292
896 392 1061 446 Μ’*

303 558 480 633 schematis,
510 555 624 620 additis
637 553 781 636 madibus
804 552 974 633 eclipticas,
997 550 1048 632 qui
1070 548 1111 612 ad
1128 549 1235 612 domus
1257 546 1430 628 portinent·
1443 554 1476 609 et
1497 545 1567 610 loca
1589 544 1662 627 pla-

303 658 440 714 netarum
458 646 498 709 ad
512 646 541 708 d.
564 641 616 708 14.
630 643 717 724 Sept.
738 639 835 708 1583.

393 736 541 798 Themate
564 734 609 795 sic
630 739 814 813 praeparato
838 729 1042 792 inscribuntur
1064 726 1134 788 loca
1146 724 1338 803 planetamm
1358 731 1389 786 et
1403 722 1486 787 Sulis
1501 742 1539 784 ex
1553 722 1662 803 Ephe-

303 824 466 890 meridibus
489 823 629 884 desuma
650 820 820 900 triangulis,
844 819 952 880 iisdem
971 815 1078 895 signis,
1104 812 1211 892 quibus
1234 812 1309 874 haec
1329 812 1397 875 loca
1410 811 1568 893 ecliptioae
1593 812 1662 891 sig-

304 923 428 986 nantur,
453 910 578 985 notatis,
604 928 658 971 nec
682 928 739 972 nou
766 908 832 970 loca
854 907 998 968 nodorum
1013 902 1129 967 itineris
1144 901 1248 962 Lunae
1272 911 1304 962 et
1318 902 1496 982 insigniores
1511 901 1662 983 quaedam

303 1002 413 1066 stellas
436 1002 530 1073 lixam
553 998 714 1080 praecipue
738 997 824 1066 illae.
848 1014 925 1075 quae
949 993 978 1055 in
1001 993 1076 1055 locis
1099 991 1235 1052 exbtnnt
1258 989 1471 1064 cardinalibus,
1496 991 1544 1052 vel
1569 1008 1661 1071 quum

303 1091 446 1172 planetas
468 1087 530 1150 illis
553 1087 782 1166 conjunguntur.
827 1083 986 1146 Distentis
1017 1081 1145 1159 denique
1169 1075 1251 1141 Solis
1279 1088 1312 1140 et
1339 1079 1458 1149 Lunae,
1491 1079 1598 1142 addita
1620 1078 1661 1139 ad

305 1178 417 1260 gradus
444 1174 693 1251 „ucendentis‚“
725 1173 834 1236 dicitnr
864 1190 960 1252 „pars
978 1170 1136 1232 fortunae“
1161 1167 1408 1247 convenientique
1434 1168 1586 1252 triangulo
1610 1166 1662 1229 iu·

305 1266 457 1332 scribitur.
1186 1293 1188 1298 ,

394 1354 480 1416 Voss
504 1349 723 1430 „aspeotus“
747 1349 935 1429 significatur
956 1344 1105 1408 distantia
1119 1344 1309 1424 planetarum
1324 1345 1402 1406 inter
1417 1364 1484 1407 sese
1500 1343 1662 1406 intervallo

306 1440 361 1519 0⁰,
386 1437 462 1511 ³0⁰.
486 1435 556 1505 ³0⁰
578 1441 632 1502 dnn.
657 1434 743 1519 (vide
766 1457 859 1517 supra
873 1433 954 1508 292)
977 1433 1008 1496 in
1027 1433 1176 1512 ecliptica.
1223 1434 1354 1495 Nomina
1367 1434 1471 1495 borum
1486 1441 1664 1511 aspectuum

305 1533 476 1605 baccanum
513 1528 546 1600 l)
571 1526 749 1607 ConJunctio
774 1523 850 1605 (ό),
887 1523 925 1598 2)
949 1523 1148 1599 Semisextus,
1189 1519 1224 1594 3)
1250 1520 1480 1601 Semiquintilis,
1519 1517 1555 1595 4)
1579 1519 1662 1583 Sex-

306 1620 371 1694 tilis
395 1620 470 1693 (it),
494 1615 531 1688 5)
554 1614 700 1687 Quintilis
724 1617 802 1688 (ac),
826 1612 1002 1686 Quadratus
1027 1610 1109 1683 (Ul,
1140 1610 1175 1686 7)
1200 1609 1461 1691 sesquiquintilis,
1491 1607 1528 1682 8)
1553 1609 1663 1672 Trinus

306 1728 362 1774 asu
371 1705 565 1786 triangularis
576 1707 658 1778 (Δ),
673 1701 709 1777 9)
721 1703 998 1783 sesquiquadratus
1010 1702 1061 1774 (U
1072 1702 1138 1776 U),
1166 1696 1220 1771 10)
1232 1698 1404 1779 Biquintilis
1416 1701 1431 1773 (
1443 1697 1466 1763 tt
1476 1703 1506 1772 ),
1526 1697 1582 1770 11)
1594 1695 1663 1778 Op-

307 1796 420 1877 positiu
435 1796 506 1868 (8).
552 1792 702 1872 Keplems
726 1811 764 1853 ex
787 1791 835 1853 his
858 1791 996 1853 undecim
1020 1790 1194 1870 aspectibus
1213 1787 1320 1867 rejecit
1333 1789 1464 1862 tertium,
1489 1788 1662 1867 septimum,

309 1902 428 1957 mnum,
453 1881 541 1964 quasi
563 1881 662 1944 minus
680 1879 877 1957 „efficaces,“
901 1897 1079 1959 quamquam
1095 1879 1224 1940 chordae
1239 1876 1374 1938 sectione
1388 1876 1564 1939 harmonica
1578 1894 1663 1937 com-

308 1970 477 2044 mendatos,
496 1969 679 2050 retinuitque
702 1978 821 2031 tantum
844 1966 865 2029 8
888 1968 1031 2048 reliquos.

398 2059 490 2124 Lucis
520 2059 727 2139 planetarum,
761 2058 890 2120 themati
920 2057 1003 2119 dicta
1032 2057 1148 2119 ratione
1171 2053 1340 2133 inscriptis,
1374 2051 1451 2114 inter
1473 2073 1507 2116 se
1535 2054 1665 2117 invicem

308 2147 493 2228 comparatis
516 2148 664 2226 prodeunt
686 2147 717 2208 hi
731 2154 874 2225 aspectus
897 2154 982 2207 etex
1000 2146 1047 2209 his
1066 2145 1195 2207 efficitur
1209 2141 1478 2222 „prognosticum“
1501 2143 1666 2205 secundum

310 2237 432 2317 regulas
455 2235 676 2315 astrologorum
699 2235 881 2315 multiplices
905 2242 938 2296 et
950 2245 1088 2297 naturam
1103 2233 1302 2313 planetamm,
1327 2250 1415 2311 qnam
1430 2232 1559 2311 singulis
1575 2232 1666 2294 aliam

309 2326 492 2392 tribuebant.
549 2324 632 2386 Inter
664 2324 720 2385 has
754 2324 886 2403 regulas,
915 2323 1109 2404 praecipuam
1145 2321 1206 2383 vim
1238 2319 1393 2382 habebant
1425 2321 1666 2395 ,‚directiones,“

180 2429 185 2438 ’
311 2411 567 2496 ‚.prolaccionas,“
591 2412 792 2487 „transitus‚¹‘
815 2412 1002 2492 „aphetas,“
1027 2429 1132 2474 omnes
1156 2409 1267 2472 similia
1290 2408 1505 2488 significantes.

399 2501 572 2579 „Directim
596 2500 693 2582 inquit
715 2498 885 2579 Origanus,
909 2508 959 2562 est
981 2501 1029 2563 vel
1053 2499 1112 2562 loci
1134 2498 1260 2565 zodiaci,
1283 2497 1332 2559 sel
1355 2497 1498 2575 planetae
1521 2498 1665 2561 thematis

309 2590 442 2656 natalitii
466 2591 505 2652 ad
528 2589 686 2652 obviantes
710 2589 740 2651 in
763 2608 852 2652 cursu
874 2590 1015 2668 planetas
1038 2589 1089 2650 vel
1112 2587 1224 2656 radios,
1249 2605 1302 2666 per
1325 2594 1429 2666 partes
1454 2588 1664 2668 aequinoctia-

311 2680 349 2746 lis
378 2678 482 2743 circuli
513 2678 542 2742 in
576 2678 650 2740 data
681 2677 830 2758 sphaerae
858 2677 1034 2740 habitudine
1065 2675 1229 2738 artificiosa
1256 2675 1406 2737 deductio.
1454 2675 1525 2737 Seu
1546 2685 1595 2738 est
1617 2678 1665 2737 in-

310 2769 413 2832 ventio
436 2786 524 2830 arom
549 2766 789 2848 aequinoctialis,
815 2766 864 2848 qui
887 2767 1008 2829 circulis
1032 2765 1214 2850 positionum
1237 2764 1353 2826 duobus
1376 2764 1573 2844 intercipitur,
1598 2774 1665 2828 tra·

308 2857 400 2940 jectis
423 2875 478 2937 per
501 2857 560 2918 duo
584 2855 651 2918 loca
673 2855 800 2927 zodiaci,
823 2874 948 2936 quorum
968 2875 1058 2917 unum
1076 2853 1337 2933 significator,
1362 2853 1491 2915 altemm
1508 2855 1666 2934 promis-

313 2965 375 3010 sor
397 2953 526 3026 occupat
549 2953 582 3006 et
604 2944 665 3006 unai
686 2963 754 3006 cum
777 2962 848 3007 arcu
871 2944 1031 3024 eclipticas
1053 2943 1102 3004 vel
1118 2942 1256 3004 ascendit
1272 2943 1322 3020 vel
1336 2943 1528 3005 descendit.“
1552 2944 1666 3005 -Voces

312 3033 545 3114 „significator“
560 3040 592 3094 et
605 3032 813 3112 „promissor“
837 3033 978 3096 dixerunt
997 3031 1143 3110 astrologi
1159 3029 1270 3105 Solem,
1295 3031 1422 3105 Lunam,
1445 3032 1586 3111 planetas
1601 3033 1667 3103 ac..

233 3155 237 3162 ·
313 3123 364 3186 alii
379 3122 461 3184 alind
476 3128 591 3183 astrum
607 3120 819 3201 intelligentes,
836 3122 914 3201 quod
926 3123 964 3184 ad
974 3123 1100 3184 alterins
1110 3122 1209 3183 locum
1223 3119 1415 3199 „dirigatur“
1430 3119 1521 3182 certis
1531 3139 1667 3183 momen-

314 3211 354 3272 tis
369 3210 451 3271 vitae
466 3226 577 3283 eorum,
594 3210 633 3269 ad
647 3227 722 3288 quos
735 3209 790 3272 illa
804 3209 872 3271 loca
887 3211 1105 3272 referebantur.
1138 3209 1279 3289 Aphetae
1294 3207 1436 3285 (siccana,
1451 3210 1530 3289 apud
1545 3210 1667 3271 Arabes

314 3297 427 3369 bilecb)
451 3295 549 3358 simile
573 3296 643 3377 qnid
667 3296 840 3377 significant
862 3298 941 3378 iique
965 3306 1035 3360 sunt
1057 3299 1202 3378 quinque:
1227 3298 1357 3360 medium
1376 3298 1461 3371 coeli,
1487 3299 1667 3371 ascendens,

315 3386 420 3448 domus
443 3384 604 3460 V11,1X,
628 3385 684 3449 Xl.
731 3386 767 3447 In
790 3386 847 3461 his,
872 3385 970 3465 inquit
988 3384 1157 3459 Cardenus,
1182 3389 1207 3449 si
1231 3387 1401 3449 inveniatur
1422 3406 1497 3448 unns
1517 3408 1555 3449 ex
1569 3387 1665 3467 signi-

315 3473 488 3537 ficatoribus
512 3472 597 3547 (Sol,
625 3475 744 3549 Luna),
773 3474 831 3537 erit
852 3474 991 3555 Apheta,
1025 3475 1055 3536 h.
1079 3496 1105 3538 e.
1131 3475 1265 3538 decernit
1295 3493 1389 3537 annos
1412 3475 1494 3537 vitae
1524 3483 1556 3537 et
1579 3478 1668 3538 robur

238 3619 243 3629 .
315 3565 390 3645 ejus.
438 3560 580 3625 Getarum
601 3564 704 3641 plures
728 3581 796 3624 esse
818 3571 947 3644 possunt
965 3564 1095 3644 aphetae
1117 3565 1216 3626 simul.
1262 3565 1455 3627 Ptolemaeus
1474 3565 1536 3639 (De
1551 3566 1666 3627 Astro-

315 3670 380 3715 rum
399 3650 524 3733 judiciis
547 3651 595 3713 vel
619 3650 895 3732 Quadripertitum)
920 3652 1024 3714 definit
1047 3652 1210 3731 „apbctica
1234 3653 1337 3727 loca,‘⁴
1360 3653 1389 3713 in
1414 3654 1520 3733 quibus
1543 3652 1667 3733 reperiri

248 3807 252 3812 .
316 3758 440 3802 necesse
464 3746 513 3802 est
535 3759 611 3815 eum,
636 3742 687 3821 qui
709 3741 785 3802 velit
807 3741 889 3803 vitae
913 3742 1125 3822 gubernandae
1140 3741 1352 3821 jurisdictione
1375 3743 1476 3821 potin'.

403 3829 513 3890 Modus
535 3829 746 3908 „dirigendi,“
768 3830 798 3892 h.
824 3849 850 3892 e.
875 3830 1024 3892 referendi
1048 3830 1108 3892 vim
1130 3832 1321 3911 planetarum
1344 3831 1417 3893 dato
1440 3840 1574 3909 tempore
1599 3849 1668 3892 cer·

221 3941 224 3946 ·
314 3916 355 3979 tis
378 3916 453 3977 locis
476 3918 708 3980 constituturum
737 3919 776 3980 ad
812 3920 879 3981 loca
913 3918 1074 3982 eorundem
1101 3921 1130 3982 in
1155 3920 1276 3999 genesi,
1305 3920 1382 3981 alius
1411 3929 1461 3982 est
1488 3919 1568 3999 apud
1591 3919 1669 3980 alios

317 4004 498 4082 astrologos.
544 4004 737 4068 Ptolemaeus
760 4025 887 4088 eumque
914 4016 1036 4069 secutus
1051 4006 1210 4071 Cardenus
1234 4018 1364 4089 quatuor
1377 4016 1549 4089 proponunt
1571 4008 1669 4070 ratio·

317 4112 381 4156 nes.
428 4089 581 4171 Origanus
608 4094 664 4156 hos
691 4096 832 4175 proponit
859 4096 955 4156 duos:
993 4096 1025 4170 l)
1050 4095 1243 4177 significator
1274 4116 1327 4177 per
1357 4107 1462 4185 partes
1494 4096 1669 4177 aequatnris

268 4201 273 4212 ·
316 4182 480 4244 secundum
504 4181 655 4262 signorum
675 4184 901 4250 ‚successionem
924 4184 1095 4261 deducitur,
1127 4188 1221 4248 donec
1250 4186 1376 4248 similem
1406 4189 1435 4249 in
1459 4188 1555 4266 ligura
1578 4186 1670 4247 situm

317 4290 382 4333 cum
406 4271 588 4350 promissore
612 4271 766 4346 obtineat;
799 4271 835 4346 2)
860 4272 1053 4351 significator
1080 4275 1199 4338 inverso
1229 4275 1349 4349 ordine,
1383 4286 1490 4340 contra
1518 4277 1670 4356 signorum

317 4359 540 4422 successionem
562 4359 592 4421 in
616 4360 714 4423 locum
736 4362 930 4441 promissoris
958 4363 1124 4425 deducitur.
1172 4366 1229 4426 Illa
1256 4363 1381 4428 directio
1410 4366 1551 4427 tribuitur
1577 4364 1670 4426 horn-

318 4466 427 4527 scnpn,
455 4447 553 4510 medio
576 4449 667 4524 coeli,
700 4451 829 4529 aphetae
847 4451 877 4511 in
902 4469 1077 4532 quocunque
1102 4453 1167 4514 loco
1191 4453 1355 4515 constituto
1384 4461 1417 4520 et
1438 4455 1576 4517 omnibus
1598 4453 1669 4532 pla·

278 4615 283 4621 Ι
318 4537 398 4597 netis
422 4535 536 4599 directo
560 4545 642 4599 motu
665 4538 888 4614 incedentibus,
912 4539 988 4602 haec
1010 4541 1090 4621 parti
1114 4541 1251 4603 fortunae
1275 4549 1306 4602 et
1324 4543 1456 4621 planetis
1475 4541 1670 4620 retrogradis.

318 4623 466 4702 Dirigitur
493 4641 523 4685 v.
548 4643 575 4687 c.
597 4625 726 4689 medium
753 4627 830 4689 coeli
862 4627 902 4688 ad
930 4647 1015 4690 suum
1043 4629 1256 4708 promissorem
1288 4629 1465 4711 inquirendo
1494 4630 1670 4692 distantiam

318 4710 473 4792 utriusque
496 4711 526 4773 in
551 4721 714 4794 aequatura
737 4716 800 4787 (vel
825 4714 855 4776 in
879 4716 1047 4797 ecliptica).
1095 4715 1231 4789 Quilibet
1253 4719 1366 4797 gradus
1384 4720 1551 4784 distantiae
1574 4717 1671 4797 sigui-

319 4798 388 4860 hcat
412 4817 521 4862 annum
544 4802 673 4876 aetatis;
703 4803 831 4884 quinque
854 4803 970 4866 minuta
992 4824 1139 4881 mensem,
1163 4807 1254 4870 horas
1281 4805 1330 4870 10.
1356 4804 1428 4881 30⁴3
1461 4826 1550 4872 unum
1572 4807 1670 4868 miuu-

317 4895 381 4949 tum
403 4883 424 4949 6
446 4888 511 4950 dies
534 4884 556 4949 2
578 4887 641 4952 hor.
668 4886 715 4965 6‘3
739 4891 843 4953 decem
865 4891 998 4964 secunda
1020 4894 1099 4956 diem
1122 4914 1222 4957 unum.
1250 4895 1400 4977 Keplerus
1424 4895 1482 4960 sibi
1505 4897 1570 4981 ipse
1593 4896 1671 4958 bunc
