3609 5634
765 274 940 340 murm·
1005 361 1010 367 ‚
1066 339 1067 342 γ
1164 248 1167 255 ’
1470 276 1533 347 ree

109 426 173 507 qui
201 431 365 510 penitus
393 435 473 498 idem
502 443 683 498 statuerunt.
731 438 848 518 Nempe
870 436 1116 499 PtolemaeasD
1145 443 1281 500 centrnm
1310 440 1468 520 sequentis
1500 450 1534 502 et

111 515 148 616 ¹³.
173 528 357 585 centrum
382 524 450 585 viae
473 525 666 605 planetarine
692 525 773 588 fecit.
821 525 1007 606 Copemicus
1031 544 1101 587 vero
1131 526 1211 589 circa
1234 524 1437 604 C'centrum,
1468 542 1535 591 me-

100 602 218 668 ·drum
251 609 406 674 interD
434 622 466 675 et
489 613 534 688 B,
568 616 903 676 ecceutmm-ecceutri
936 616 982 676 vel
1015 616 1302 698 eccentrepicyclum
1331 617 1532 680 circumducit.

113 692 162 795 Fsi
195 717 299 777 ergo
329 702 665 782 neutrarumque
691 704 731 765 sit
746 725 835 786 quam
850 705 985 784 proxime
1000 703 1124 778 EFGH,
1151 706 1204 765 sed
1229 714 1328 767 motus
1352 706 1532 787 aequalitas,

115 795 223 847 sicut
255 788 369 867 ipsius
393 790 474 853 orbis
501 791 670 855 intermedii
701 793 779 855 iuter
800 791 916 855 EFGH
946 802 977 854 et
1000 793 1108 855 IKLM
1138 794 1218 855 circa
1242 793 1286 870 C,
1319 794 1365 857 ita
1391 796 1533 876 planetae

118 871 230 937 circa
261 878 319 954 D,
345 880 507 957 reguletnr.
527 876 571 954 ⁸⁷)
782 950 789 960 ί

244 964 396 1033 Causam
418 969 523 1045 habes,
548 990 600 1032 cur
614 971 773 1052 sequentis
792 979 928 1031 centrum
951 977 1038 1049 parte
1063 971 1155 1033 tertia
1179 972 1415 1034 ecceutricitatis
1440 974 1532 1039 totila

124 1073 147 1112 a
178 1064 321 1118 centro
346 1058 504 1120 eccentrici
529 1060 631 1125 distet,
649 1058 675 1133 ¹¹)
712 1059 828 1139 Nempe
853 1059 979 1121 muudus
1003 1066 1085 1120 totus
1109 1059 1208 1122 animi
1227 1061 1333 1141 plenus
1353 1070 1431 1136 esto,
1454 1081 1532 1143 quae

124 1143 284 1221 rapiat,
314 1147 451 1228 quiequid
475 1148 652 1227 adipiscitur
676 1148 833 1209 stellarum
857 1148 922 1209 sive
947 1157 1143 1222 cometarum,
1169 1150 1257 1228 idque
1281 1171 1319 1211 ea
1342 1150 1530 1228 pernicitate,

125 1248 250 1311 quarn
284 1235 412 1315 requirit
435 1236 491 1297 loci
516 1257 535 1297 a
557 1235 628 1299 Sole
654 1238 801 1298 distantia
825 1245 856 1298 et
880 1237 920 1298 ibi
944 1235 1089 1298 fortitudo
1114 1239 1244 1299 virtutis.
1261 1242 1288 1310 ο)
1324 1239 1442 1301 Deinde
1466 1248 1532 1301 esto

129 1320 168 1380 in
201 1324 362 1403 quolibet
384 1325 508 1404 planeta
530 1326 691 1406 peculiaris
719 1326 837 1400 anima,
869 1326 953 1405 cujus
980 1327 1107 1405 remigio
1136 1328 1227 1388 stella
1254 1329 1401 1389 ascendat
1424 1327 1453 1389 iu
1478 1347 1531 1391 suo

131 1411 308 1475 ambitu:
334 1422 364 1475 et
388 1413 508 1475 orbibus
532 1416 657 1477 remotis
681 1416 785 1476 eadem
809 1422 980 1495 sequentur.

252 1502 364 1583 Atque
388 1502 463 1563 haec
487 1503 524 1562 de
548 1512 714 1582 aequante,
746 1504 798 1573 ubi
826 1503 957 1582 legerint
986 1504 1096 1583 aliqui,
1125 1503 1187 1565 scio
1216 1504 1356 1583 gestient.
1403 1504 1483 1565 Nam
1506 1504 1532 1565 si

135 1587 319 1653 mirantur
334 1592 497 1652 astronomi
512 1592 719 1653 Ptolemaeum
735 1593 1006 1655 indemonstratum
1028 1591 1172 1654 sumsisse
1196 1590 1272 1653 hauc
1296 1593 1422 1654 eandem
1445 1613 1532 1655 men-

139 1697 274 1741 suram
297 1680 392 1741 centri
416 1680 584 1761 aequantia,
609 1683 701 1743 multo
725 1683 822 1761 magis
842 1683 907 1760 jam
931 1680 1116 1742 mirabuntur
1136 1681 1264 1762 quidam,
1289 1682 1384 1743 fuisse
1408 1700 1535 1755 causam

139 1766 259 1847 huius
285 1768 345 1842 rei,
380 1778 601 1849 neque-tamen
625 1771 661 1831 de
686 1790 723 1831 ea
746 1770 922 1832 Ptolemaeo
952 1769 1139 1845 suboluisse,
1171 1791 1238 1832 cum
1265 1771 1363 1851 ipsam
1392 1790 1454 1832 rem
1477 1760 1538 1844 ita,

143 1857 201 1919 uti
229 1857 351 1931 habet,
385 1866 535 1932 sumeret,
568 1867 599 1921 et
632 1859 717 1940 quasi
747 1859 846 1921 divino
876 1866 949 1921 nutu
977 1879 1086 1921 caecus
1115 1860 1153 1919 ad
1182 1859 1279 1922 locum
1304 1860 1437 1921 debitum
1460 1879 1531 1940 per-

146 1946 298 2008 veniret.

262 2033 324 2103 Sed
355 2043 454 2096 tamen
484 2056 536 2097 eos
567 2035 737 2097 admonitos
771 2036 878 2111 velim,
914 2035 986 2097 nihil
1020 2055 1088 2097 esse
1120 2055 1157 2097 ex
1186 2036 1265 2097 omni
1289 2045 1375 2117 parte
1399 2036 1530 2099 beatum.

113 2189 119 2198 ,
151 2124 250 2188 Nam
273 2125 303 2185 in
328 2124 449 2184 Venere
473 2133 504 2185 et
526 2125 676 2186 Mercurio
704 2124 765 2187 ista
796 2125 927 2187 tarditas
958 2133 990 2185 ct
1018 2124 1164 2187 velocitas
1192 2145 1249 2186 nou
1279 2127 1317 2187 ad
1348 2124 1489 2204 planetae
1514 2147 1533 2185 a

155 2212 242 2274 Sole
273 2212 507 2289 digressionem,
542 2214 596 2273 sed
629 2214 681 2274 ad
700 2215 795 2274 solnm
819 2213 931 2276 Terrae
962 2221 1074 2275 motum
1103 2211 1395 2287 accommodaturf)
1441 2214 1531 2275 Etsi

158 2302 237 2383 quis
266 2301 335 2362 huic
362 2301 404 2365 rei
437 2310 599 2381 praetexat
632 2301 782 2364 diversam
814 2311 914 2365 motus
945 2302 1146 2364 conditionem
1179 2322 1198 2364 a
1224 2311 1305 2364 motu
1335 2302 1529 2381 superiorum,

159 2410 261 2473 quam
286 2378 412 2471 denique
438 2391 465 2451 in
491 2390 601 2453 Terrae
626 2410 723 2452 annuo
747 2400 829 2453 motu
853 2410 976 2453 causam
1000 2391 1129 2453 afferet?
1177 2391 1205 2452 [s
1230 2390 1307 2451 enirn
1332 2411 1426 2471 neque
1451 2391 1529 2471 apud
1598 2384 1603 2391 ’

161 2480 379 2543 Ptolemaeum
404 2500 496 2558 neque
529 2481 607 2559 apud
632 2478 831 2559 'Copemicum
862 2488 1010 2560 aequante
1039 2479 1218 2560 redigeret)
1266 2477 1366 2548 Quare
1396 2488 1428 2539 et
1455 2479 1530 2540 haec

162 2569 289 2632 incerta
313 2570 349 2631 lis
373 2569 428 2630 sub
453 2579 624 2630 astronomo
644 2567 746 2648 judice
769 2568 912 2648 pendeat.

488 2798 531 2859 IN
556 2796 695 2861 CAPUT
719 2792 960 2860 VIOESIMUM
983 2792 1214 2861 SECUNDUM

697 2919 812 2973 nuans
831 2916 1008 2972 sucroms.

252 3025 285 3098 a)
308 3028 337 3084 Si
359 3046 430 3099 quae
452 3046 538 3084 causa
558 3031 650 3093 efficit,
676 3039 707 3084 ut
729 3030 865 3086 Saturnus
889 3031 964 3083 altus
989 3030 1026 3083 sit
1049 3030 1152 3084 tardior
1174 3031 1243 3083 Jove
1258 3028 1396 3084 humiliori
1419 3036 1450 3083 et
1472 3028 1528 3084 Soli

170 3110 303 3173 viciniori,
326 3112 421 3163 eadem
435 3109 547 3174 efficiat,
570 3118 601 3164 ut
615 3111 749 3164 Saturnus
764 3112 837 3165 altus
853 3116 882 3163 et
896 3125 1041 3181 apogaeus
1061 3110 1099 3164 sit
1112 3109 1217 3164 tardior
1232 3127 1261 3163 se
1276 3108 1336 3179 ipso
1351 3110 1485 3181 perigaeo
1500 3116 1530 3163 ct

170 3190 277 3245 humili.
317 3191 409 3244 Causa
423 3191 565 3261 utriusque
580 3191 619 3244 rei
635 3198 679 3244 est
692 3192 834 3262 elongatio
850 3192 982 3260 planetae
997 3207 1016 3245 a
1030 3190 1094 3244 Sole
1107 3190 1253 3244 rectilinea
1271 3190 1359 3259 major
1373 3191 1418 3242 vel
1433 3190 1528 3251 minor,

172 3272 237 3342 quia
251 3273 335 3342 longe
350 3270 456 3324 distans
471 3256 566 3325 a‘Sole
581 3278 709 3324 versatur
723 3272 750 3323 in
765 3273 868 3325 virtute
884 3270 972 3325 Solari
987 3271 1113 3325 tenuiore
1128 3278 1157 3324 et
1170 3269 1358 3324 imbecilliore.

251 3348 282 3416 b)
308 3352 395 3413 Quam
410 3352 653 3421 aequipollentiam
668 3352 863 3422 hypothesium
878 3351 956 3404 docui
970 3350 999 3405 ln
1014 3352 1161 3405 Commeut.
1177 3350 1275 3404 Martis
1291 3358 1364 3418 part.
1380 3350 1402 3402 I.

252 3430 278 3498 c)
302 3433 362 3485 Hoc
385 3431 491 3485 veroin
508 3431 731 3505 annotationibus
746 3432 957 3485 emendavimus.
992 3433 1054 3485 Nou
1068 3431 1153 3499 dupla
1173 3438 1236 3483 erat
1250 3430 1423 3499 periodorum
1445 3434 1476 3482 et
1489 3428 1529 3482 sio

171 3512 335 3566 tarditatum
357 3511 499 3580 proportio
515 3514 549 3564 ad
565 3512 767 3581 proportionem
789 3511 902 3571 orbium,
927 3513 975 3563 sed
990 3510 1177 3582 sesquialtera
1190 3511 1298 3564 saltem.
1335 3512 1375 3562 At
1389 3508 1417 3562 in
1430 3509 1527 3578 plane·

170 3600 219 3646 tae
240 3592 320 3647 unius
335 3591 452 3645 motibus
475 3610 511 3645 ex
526 3591 590 3645 Sole
615 3592 824 3661 apparentibus,
849 3590 962 3660 aphelio
984 3596 1013 3643 ct
1037 3589 1179 3660 perihelio,
1205 3596 1308 3662 regnat
1332 3588 1474 3658 proportio
1489 3588 1527 3641 di·

171 3673 335 3727 stantiarum
356 3671 480 3739 praecise
499 3673 585 3741 dupla
606 3672 631 3725 iu
647 3672 764 3725 motibus
786 3670 851 3740 ipsis
866 3671 978 3732 diurnis,
1003 3678 1035 3723 ut
1048 3675 1112 3723 suut
1135 3686 1214 3723 arcus
1229 3669 1450 3733 ecccntricorum
1465 3684 1528 3738 pru·

173 3753 262 3822 portio
285 3751 422 3823 ipsissima
445 3752 636 3805 distantiarum
651 3751 758 3821 simpla,
783 3752 843 3804 vide
858 3751 1007 3804 Comment
1022 3749 1120 3805 Martis
1135 3756 1207 3818 part.
1224 3750 1262 3803 ΠΙ
1283 3756 1312 3803 et
1330 3748 1375 3801 IV.
1409 3750 1529 3804 Causam

170 3832 340 3887 diversitatis
354 3831 585 3885 evidentissimam
599 3833 686 3885 habet
698 3833 746 3885 lib.
762 3832 808 3886 IV.
823 3830 899 3900 Epit.
914 3833 1027 3884 Astron.

251 3909 282 3981 d)
301 3915 362 3966 Hoc
375 3913 408 3963 de
424 3912 574 3978 Copemico
589 3928 683 3965 verum
696 3920 747 3973 eat.
763 3909 805 3964 cui
821 3911 974 3965 Ccentrum
989 3916 1033 3965 est
1047 3908 1202 3979 aequantis,
1219 3927 1268 3963 seu
1283 3908 1374 3979 potius
1389 3908 1524 3963 canestri-

160 3992 326 4055 ecceutrici,
348 3992 371 4044 B
386 3998 508 4045 centrum
530 3992 592 4045 viae
607 3992 748 4061 planetae,
771 3998 801 4049 et
822 3991 909 4060 ipsius
924 3992 971 4045 Ac
989 4007 1057 4061 >pars
1073 3991 1159 4044 tertia
1172 3989 1226 4044 Bo.
1264 3995 1304 4045 At
1326 3989 1354 4043 in
1367 3989 1528 4043 Ptolemaeo

173 4073 245 4127 ratio
267 4080 310 4126 est
334 4071 400 4125 alia.
443 4071 485 4124 Illi
508 4072 579 4125 enim
595 4073 621 4125 D
644 4079 689 4124 est
711 4078 832 4126 centrum
856 4071 1011 4142 aequantia,
1033 4073 1056 4125 B
1081 4070 1235 4134 eccentrici‚
1258 4086 1343 4141 quare
1366 4068 1452 4137 ipsius
1475 4067 1528 4120 AD

173 4153 293 4207 semissis
313 4160 357 4205 est
380 4150 441 4205 BD.

251 4228 281 4299 e)
301 4233 420 4285 Rursum
434 4247 484 4299 pro
499 4230 591 4283 anima
604 4230 733 4303 intellige
748 4230 819 4284 Solis
834 4231 954 4299 speciem
969 4229 1190 4293 immateriatam
1212 4238 1359 4285 extensam
1380 4233 1412 4280 ut
1425 4228 1526 4290 lumen,

173 4319 203 4367 et
225 4313 341 4367 habebis
364 4311 409 4363 bic
428 4309 557 4364 brevibus
572 4310 663 4364 verbis
686 4327 817 4364 summam
841 4327 919 4364 meae
941 4309 1075 4379 physicae
1089 4310 1227 4374 coelestis,
1251 4307 1382 4364 traditam
1406 4306 1436 4361 iu
1449 4306 1526 4360 Com·

173 4398 255 4447 ment.
270 4393 368 4448 Martis
385 4398 458 4460 part.
475 4391 521 4444 lll.
537 4396 567 4443 et
579 4391 626 4445 IV.
643 4398 672 4444 et
685 4389 834 4459 repetitam
848 4389 895 4443 lib.
913 4391 960 4443 lv.
976 4390 1051 4459 Epit.
1068 4394 1179 4444 Astron.
1500 4448 1501 4452 Ἰ

252 4470 280 4540 l')
301 4472 378 4527 Nihil
398 4488 467 4540 opus
486 4470 664 4539 exceptione:
686 4486 751 4522 vern
771 4470 861 4523 verius
883 4477 928 4523 est
948 4469 1032 4523 etiarn
1047 4471 1080 4522 de
1095 4470 1204 4524 Venere
1226 4476 1255 4541 et
1269 4468 1414 4523 Mercurio.
1456 4468 1527 4521 Nam

173 4554 244 4623 quod
265 4552 431 4621 Capernicua
455 4550 563 4621 aliquas
584 4551 680 4604 horum
704 4550 878 4619 planetarum
904 4549 1120 4619 inaequalitates
1145 4550 1248 4621 alligat
1269 4551 1303 4603 ad
1327 4555 1429 4603 motum
1453 4548 1526 4602 orbis

74 4662 83 4675 «
175 4633 265 4695 annui,
289 4633 316 4687 id
339 4634 372 4686 de
390 4648 484 4685 errore
508 4638 559 4685 est.

242 4706 286 4783 gl
310 4714 394 4782 Apud
407 4711 596 4764 Ptolemaeum
610 4707 717 4779 quidem
731 4713 760 4761 et
774 4707 962 4777 Cupernicum.
1000 4711 1040 4762 At
1054 4725 1108 4780 ego
1122 4709 1150 4763 in
1165 4709 1315 4763 comment.
1330 4707 1431 4762 Martis
1444 4722 1525 4777 prae·

175 4792 314 4861 cipnururu
328 4790 391 4847 libri
405 4792 584 4845 membrorum
608 4790 660 4843 hoc
677 4804 760 4841 uuum
781 4787 835 4841 feci
858 4794 888 4841 et
901 4789 980 4842 velut
994 4790 1159 4862 angularem
1173 4789 1293 4859 lapidem
1307 4789 1335 4843 iu
1350 4787 1526 4843 fundamento
