3609 5634
565 322 808 376 tacueramus
826 335 919 372 mem
934 318 1075 376 morou.
1436 312 1500 384 cit
1564 330 1568 338 ·

149 490 262 554 nalium
297 486 453 567 eclipsinm
486 503 546 547 uon
574 502 642 547 esse
665 482 886 558 diminuendos,
919 483 974 546 sed
1002 481 1156 564 augendas
1182 477 1287 560 potins
1308 477 1503 559 aequationes

149 579 241 644 Solis.
288 578 395 656 Itaque
424 575 450 639 si
477 580 602 655 propter
625 579 739 634 certum
762 591 916 638 numerum
939 571 1054 634 dierum
1085 571 1123 632 ab
1147 567 1337 650 aequinoctio
1360 567 1441 630 veris
1464 567 1504 629 ad

148 666 320 744 autumnale
349 671 485 727 centrum
516 669 616 725 motus
638 660 757 723 omuino
781 661 859 724 idem
883 680 1006 724 manere
1030 660 1122 722 debet
1145 657 1225 734 Soli,
1259 664 1291 718 et
1313 657 1503 719 nihilomiuus

148 759 211 837 ejus
237 751 449 817 ecceutricitas
473 759 598 832 propter
620 750 748 830 eclipses
772 752 910 830 augenda
933 757 1000 814 est:
1024 749 1085 824 liet,
1111 757 1143 811 ut
1166 748 1246 811 iuter
1265 754 1372 809 centra
1394 765 1503 808 eccen-

152 846 220 909 trici
244 851 278 906 et
300 843 412 905 Terrae
436 849 572 903 centrum
595 839 753 920 aequantia
776 839 874 901 medio
898 840 964 902 loco
989 838 1117 902 incidat:
1144 837 1225 910 sicut
1247 837 1277 899 in
1301 835 1504 917 superioribus

149 944 181 997 et
205 935 231 1009 Q
257 933 352 1012 (apud
375 931 598 1003 Ptolemaeum)
622 939 672 991 est
694 948 786 1009 snpra
808 936 944 994 centrum
966 927 1136 999 eccentrici,
1162 927 1191 990 iu
1209 927 1296 989 Luem
1319 925 1397 988 iufra
1420 925 1451 987 id
1475 924 1503 986 in

148 1027 216 1105 ipso
240 1030 345 1084 centro
369 1019 496 1093 Terrae,
528 1017 558 1080 in
582 1017 689 1098 §jam
711 1037 817 1098 snpra,
845 1019 911 1100 jam
933 1018 1025 1093 infra,
1055 1015 1153 1079 medio
1177 1015 1243 1077 loco
1266 1017 1345 1077 inter
1367 1022 1503 1077 centrum

148 1115 262 1175 Terrae
285 1118 317 1172 et
337 1106 506 1182 eccentrici,
525 1107 591 1188 jam
615 1106 758 1168 adlatus
782 1109 971 1170 altemtrum.
1016 1107 1110 1172 Porro
1134 1105 1209 1167 haec
1232 1103 1343 1187 positio
1367 1122 1504 1183 aequan-

148 1202 189 1265 tis
223 1203 253 1263 iu
287 1199 417 1280 sphaera
450 1193 490 1274 Θ
519 1196 609 1277 plane
648 1205 753 1259 contra
784 1215 920 1259 normam
951 1196 1136 1276 superiorum
1168 1201 1332 1275 contraque
1370 1192 1505 1258 rationes

149 1290 292 1375 physicas
317 1285 425 1349 terruit
448 1305 506 1359 mc,
531 1304 568 1345 ue
591 1285 723 1348 fortasse
748 1286 863 1348 ruinam
887 1286 1142 1366 aequinoctiorum
1166 1304 1268 1347 secum
1291 1283 1403 1360 mahat,
1428 1302 1506 1364 quae

154 1379 279 1462 pulchre
307 1382 435 1457 possunt
465 1374 630 1437 observari·
676 1377 783 1456 Itaque
813 1373 946 1437 abstinui
978 1394 1084 1437 manus
1116 1396 1135 1437 a
1164 1374 1294 1453 sphaera
1327 1372 1418 1437 Solis.
1465 1373 1508 1433 Et

149 1480 251 1532 tamen
285 1485 378 1528 causa
407 1464 518 1526 erroris
551 1462 581 1525 in
610 1463 771 1543 eclipsibus
802 1483 868 1526 cnm
896 1482 974 1525 anno
998 1462 1197 1539 convertitur,
1231 1472 1265 1527 ut
1291 1463 1422 1527 vidimus
1450 1463 1507 1524 hoc

150 1576 239 1621 anno.
286 1553 469 1618 Necessario
492 1553 595 1632 itaque
618 1553 656 1613 ad
680 1553 773 1615 talem
798 1572 922 1615 causam
945 1554 1080 1633 confugi,
1103 1553 1201 1635 qualis
1225 1562 1275 1616 est
1295 1554 1328 1616 iu
1351 1553 1409 1616 mei
1431 1571 1505 1633 pro·

149 1644 281 1728 gnostici
304 1642 479 1724 appendice.
529 1641 561 1703 ld
577 1661 741 1703 consonum
757 1641 934 1717 rationibus,
960 1642 1018 1704 nisi
1033 1643 1111 1723 quod
1124 1643 1189 1724 jam
1207 1642 1325 1724 pridem
1338 1643 1408 1705 illas
1422 1661 1508 1705 meas

150 1735 238 1798 nimis
263 1732 393 1795 audaces
417 1731 550 1792 rationes
575 1731 690 1794 taxasti
713 1731 831 1794 leviter.
879 1728 1053 1794 Consounm
1080 1742 1129 1794 est
1152 1732 1243 1812 igitur
1270 1732 1379 1796 sinon
1409 1732 1507 1796 ratio·

149 1826 247 1899 nibus,
272 1827 354 1884 certe
379 1819 597 1901 suspicionibus
620 1822 780 1883 rationum.
829 1820 976 1883 Videmus
1000 1821 1117 1883 Lunam
1139 1832 1229 1904 prout
1251 1823 1396 1904 ipseper
1420 1840 1453 1884 se
1477 1828 1509 1882 et

150 1933 205 1976 suo
230 1919 312 1974 motu
336 1909 417 1971 circa
436 1909 560 1970 Terram
583 1909 622 1971 ad
646 1908 749 1972 Solem
772 1911 821 1973 vel
844 1931 863 1972 a
882 1909 955 1974 Sole
979 1912 1054 1986 abit,
1077 1912 1207 1988 tardam,
1232 1914 1377 1989 velocem,
1403 1912 1508 1984 altam,

151 2002 292 2065 humilem
320 2020 339 2060 a
362 1998 457 2061 Terra
478 1997 552 2061 fieri.
598 1999 635 2060 Id
659 1999 716 2062 etsi
746 1998 911 2073 nescimus,
939 2002 1128 2082 suspicamur
1155 2009 1258 2065 tamen
1288 2003 1359 2064 avi
1382 2000 1509 2066 metrice

151 2092 233 2154 Solis
258 2107 336 2150 esse.
384 2085 418 2148 Si
441 2087 498 2149 hoc
522 2086 625 2149 evenit
646 2089 752 2150 Lunae
782 2098 908 2170 propter
930 2099 1045 2154 motum
1074 2110 1158 2153 snum
1176 2091 1343 2173 proprium,
1375 2111 1427 2153 cnr
1450 2109 1509 2152 nou

151 2180 272 2242 eveniat
302 2176 398 2237 eidem
427 2183 551 2258 propter
579 2185 693 2240 motum
716 2178 845 2253 Terrae,
870 2198 925 2259 per
953 2200 1041 2261 quem
1064 2182 1132 2262 ipsa
1161 2200 1228 2243 cum
1251 2189 1316 2243 toto
1347 2199 1402 2243 sno
1425 2180 1509 2242 coelo

151 2269 248 2331 hieme
273 2266 449 2328 admovetur
473 2264 548 2334 Soli,
583 2273 703 2328 aestate
728 2267 766 2328 ab
791 2286 826 2329 eo
851 2269 1041 2331 dimovetur?
1087 2268 1240 2349 Objicias,
1265 2270 1417 2333 diversam
1442 2287 1510 2330 esse

155 2358 304 2421 rationem
334 2355 482 2435 utrinque.
529 2354 610 2416 Nam
641 2357 667 2418 si
696 2354 767 2436 quid
797 2355 968 2437 hujusmodi
991 2358 1096 2421 Lunae
1119 2358 1254 2432 eveniat,
1290 2358 1368 2439 quod
1392 2375 1510 2420 errores

152 2448 233 2509 circa
256 2444 384 2524 eclipses
409 2442 610 2524 patefaciant,
645 2445 838 2525 undecunque
861 2445 891 2507 id
916 2447 972 2521 sit,
1006 2446 1037 2509 id
1066 2466 1133 2509 cum
1155 2466 1216 2508 una
1244 2448 1430 2509 revolutione
1454 2465 1508 2506 ac-

153 2554 257 2598 cessus
290 2545 321 2595 et
344 2552 482 2596 recessus
505 2533 582 2595 coeli
605 2532 736 2596 Lunaris
767 2556 787 2595 a
810 2533 882 2597 Sole
911 2536 1005 2599 semel
1032 2536 1167 2599 converti
1196 2544 1228 2599 et
1251 2534 1417 2599 terminari.
1465 2533 1510 2596 At

154 2645 245 2705 supra
276 2622 306 2684 iu
336 2642 396 2684 una
418 2621 605 2684 revolutione
639 2624 773 2704 corporis
797 2623 902 2685 Lunae
932 2644 1074 2688 accessus
1103 2633 1135 2687 et
1158 2644 1297 2688 recessus
1321 2646 1339 2686 a
1362 2622 1435 2687 Sole
1463 2620 1511 2684 bis

157 2712 373 2776 terminabatur
403 2710 456 2774 illa
483 2710 693 2791 inaequalitas.
740 2712 936 2792 Respondeo,
966 2713 1116 2776 diversam
1144 2712 1237 2777 etiam
1266 2722 1297 2777 et
1324 2714 1413 2792 plane
1443 2711 1512 2774 huic

157 2804 197 2865 rei
222 2801 351 2863 similem
373 2802 520 2863 rationem
544 2801 573 2862 iu
598 2821 632 2862 eo
658 2821 740 2877 esse,
770 2801 849 2882 quod
873 2803 968 2865 Terra
991 2812 1023 2865 et
1045 2803 1160 2866 coelum
1174 2804 1279 2866 Lnuae
1303 2803 1384 2866 circa
1407 2800 1511 2865 Solem

157 2909 275 2976 semper
297 2889 498 2970 progreditur,
523 2898 556 2952 at
578 2908 685 2971 corpus
703 2891 806 2960 Lunae
830 2889 860 2953 in
884 2891 1009 2955 dimidia
1032 2891 1218 2955 revolutione
1237 2892 1437 2974 progreditur,
1462 2890 1510 2951 di-

156 2980 248 3042 midia
271 2979 438 3058 regreditur
462 2987 602 3058 respectu
617 2978 710 3044 Solis.
756 2981 842 3042 Haec
865 2981 980 3043 habent
1001 2981 1078 3044 inter
1098 3001 1130 3044 se
1155 2982 1325 3061 analogiam
1349 2979 1510 3061 quandam.

120 3118 126 3124 .
157 3072 263 3149 ltaque
282 3068 413 3147 suspicio
437 3078 499 3143 est,
527 3087 616 3129 unum
640 3087 708 3129 esse
733 3088 854 3130 oausam
879 3071 1014 3133 alterins.
1062 3069 1125 3133 Sed
1152 3071 1285 3135 sufficiat
1316 3076 1435 3132 tantum
1457 3085 1512 3146 pro

155 3156 349 3220 excusatione
365 3155 488 3217 dixisse.
536 3154 666 3227 Quinto:
692 3176 729 3219 au
749 3176 820 3220 vero
835 3177 893 3221 non
909 3158 1015 3241 iugens
1029 3159 1158 3223 audacia
1172 3168 1229 3237 est,
1254 3160 1373 3222 unicam
1387 3157 1511 3220 diurnae

156 3244 351 3309 revolutionis
375 3244 549 3326 etquidem
573 3245 817 3326 aequalissimam
841 3266 1011 3310 mensnram
1034 3250 1228 3312 adulterare?
1272 3250 1351 3311 Nam
1374 3248 1431 3309 hoc
1454 3264 1512 3309 uno

159 3334 316 3398 conamine
339 3340 407 3395 tota
430 3334 506 3397 coeli
529 3335 670 3396 machina
694 3335 853 3398 luxabitur.
902 3336 982 3409 Quid
1001 3339 1067 3419 jam
1090 3339 1166 3400 certi
1191 3339 1227 3400 de
1242 3337 1324 3402 Solis
1347 3343 1432 3398 motu
1454 3334 1512 3396 ba-

156 3425 310 3498 bebimus,
335 3425 361 3485 si
386 3423 422 3484 de
446 3442 586 3485 mensura
609 3423 669 3485 diei
693 3425 767 3488 certi
791 3445 849 3487 non
874 3447 985 3504 sumus,
1010 3435 1065 3489 ant
1086 3447 1146 3507 qua
1168 3446 1308 3489 mensura
1332 3433 1464 3495 utemm,
1486 3422 1514 3484 si

159 3514 224 3575 dies
249 3513 336 3574 nubis
355 3512 507 3574 metienda
530 3514 596 3574 est?
641 3513 834 3593 Respondeo,
855 3515 969 3594 nullius
993 3535 1040 3578 me
1055 3516 1150 3596 pudet
1167 3515 1322 3591 andaciae,
1345 3531 1400 3594 per
1424 3531 1513 3592 qnam

158 3620 281 3683 sperare
305 3620 447 3681 possum,
476 3621 523 3662 me
542 3609 658 3665 certum
681 3603 719 3664 ab
743 3603 908 3667 artificibus
932 3623 1108 3684 responsum
1132 3604 1240 3667 elicere
1263 3622 1364 3684 posse.
1412 3598 1513 3672 Quare

160 3693 200 3753 ite
229 3691 378 3766 artifices,
412 3690 502 3752 facite
530 3691 694 3771 periculum
727 3690 788 3767 rei,
827 3693 983 3773 explorate
1016 3692 1228 3755 certitudinem
1258 3699 1359 3755 motus
1392 3707 1512 3754 arenae.

160 3781 305 3860 Magnum
328 3780 457 3861 aliquem
482 3781 630 3841 cumulum
654 3799 764 3842 arenae
788 3799 841 3860 per
865 3783 998 3843 foramen
1023 3781 1099 3843 satis
1115 3781 1246 3863 amplum
1270 3780 1432 3853 demittite,
1457 3778 1515 3840 ad-

159 3879 223 3930 este
247 3869 305 3950 ipsi
328 3868 459 3949 negotio,
486 3888 607 3949 operam
631 3869 701 3931 date
725 3889 763 3931 ne
786 3868 871 3931 initio
896 3870 1027 3933 maximo
1041 3872 1174 3953 pondere
1196 3878 1352 3951 prematur
1367 3870 1512 3943 toramen,

159 3959 215 4019 fine
240 3976 309 4019 vero
333 3957 406 4020 nihil
429 3966 548 4038 urgeat.
595 3958 717 4020 Modica
740 3977 859 4038 semper
882 3959 928 4022 vis
953 3979 1042 4023 mauu
1062 3955 1238 4022 sufficiatur.
1284 3958 1435 4021 Metimini
1458 3957 1514 4018 hoc

159 4053 248 4127 pacto
277 4047 356 4109 diem
384 4046 553 4124 hibernum,
588 4047 668 4108 diem
691 4045 764 4108 item
788 4049 951 4124 aestivum,
986 4049 1016 4111 si
1035 4048 1235 4112 differentiam
1263 4047 1404 4110 invenitis
1427 4045 1515 4108 unius

161 4145 214 4198 aut
242 4137 366 4199 dnamm
388 4136 541 4212 horamm,
576 4135 770 4217 gratulamini
793 4136 890 4198 vobis.
936 4138 1041 4219 Neque
1066 4137 1131 4200 Soli
1159 4139 1295 4202 metuite.
1341 4133 1515 4214 Numquid

160 4225 292 4288 efficiunt
316 4224 347 4289 5‘
372 4225 486 4298 (motus
509 4221 530 4288 2
552 4226 708 4298 horarum)
733 4224 762 4286 in
787 4225 1002 4303 declinatione,
1027 4245 1117 4308 quum
1141 4227 1239 4290 solam
1262 4223 1347 4288 vobis
1371 4222 1445 4286 licet
1465 4222 1515 4285 in·

160 4315 336 4376 strumentis
359 4315 489 4396 capere?
535 4313 597 4377 Sed
621 4332 703 4375 eram
727 4313 839 4377 oblitus
863 4334 955 4395 supra
978 4316 1106 4379 alteram
1129 4335 1255 4378 causam
1277 4315 1315 4377 de
1324 4313 1419 4376 Luna
1441 4313 1515 4385 (non

161 4404 197 4464 de
213 4403 301 4478 Sole)
325 4403 496 4484 suspicandi
520 4403 693 4483 adjungere.
738 4401 859 4465 Etenim
883 4405 910 4466 si
926 4403 1009 4468 Solis
1031 4405 1228 4486 aequatioues
1250 4403 1279 4465 in
1295 4421 1390 4465 causa
1413 4409 1517 4462 essent

161 4493 271 4555 erroris
295 4493 377 4555 circa
399 4491 542 4572 eclipses,
569 4492 673 4554 Lunae
697 4490 790 4572 igitur
812 4499 912 4555 motus
938 4501 1041 4556 essent
1064 4494 1154 4564 certi,
1183 4500 1215 4555 et
1242 4491 1368 4554 inveniri
1392 4489 1517 4552 deberet

162 4582 249 4643 Luna
272 4602 306 4643 eo
331 4583 408 4658 loco,
432 4583 462 4645 in
487 4601 573 4663 quem
597 4601 616 4642 a
639 4581 754 4643 calculo
774 4582 938 4661 reponitur.
984 4582 1030 4646 At
1052 4582 1102 4644 die
1125 4581 1293 4662 paschatis,
1318 4579 1361 4642 nti
1385 4596 1432 4641 me
1450 4576 1515 4657 pri-

163 4671 230 4732 dem
254 4671 413 4751 scripsisse
438 4671 609 4733 meminisse
632 4678 729 4749 potes‚
754 4669 843 4731 Luna
867 4677 953 4732 tanto
977 4672 1039 4733 lere
1064 4671 1159 4733 serius
1184 4673 1222 4734 ad
1246 4672 1343 4733 locum
1367 4666 1515 4732 acalculo

162 4760 345 4822 destinatum
370 4762 516 4839 pervenit,
542 4767 653 4838 quanto
678 4758 774 4819 serius
799 4758 921 4838 eclipsis
944 4759 1025 4836 prior
1049 4767 1240 4838 apparuerat.
1266 4759 1369 4838 .Ergo
1384 4754 1515 4837 suspicio

162 4860 221 4926 est,
245 4851 350 4913 Lunae
375 4856 487 4911 motum
512 4848 612 4930 potius
637 4867 726 4930 quam
750 4841 832 4909 Solis
855 4848 884 4908 in
909 4866 1003 4910 causa
1024 4867 1104 4911 esse.
