3609 5634
283 344 345 411 144
792 342 907 408 llysserti
924 344 1126 411 coenamque

280 525 374 564 carum
387 509 472 579 plane
486 506 733 571 fundamentalem,
754 516 787 562 et
800 523 871 579 quse
885 515 965 566 recte
978 509 1015 563 sd
1027 524 1127 564 censu
1141 507 1231 572 dsoits
1252 523 1313 564 oum
1332 517 1390 565 tm
1410 509 1448 566 sit
1460 509 1573 566 ebrium
1590 507 1664 563 cui·

279 590 365 653 libet,
388 588 414 642 id
428 587 457 642 in
471 588 575 642 chorda
589 603 750 659 quacunque
764 596 899 653 extem,
922 588 1001 658 cnjus
1022 589 1145 659 spatium
1162 588 1319 658 subjeetum
1332 589 1432 644 circino
1446 590 1529 645 dividi
1542 588 1665 663 possit,

280 667 396 740 simplici
411 667 598 739 applicatione
612 667 653 721 rei
672 668 766 731 durae,
788 675 821 722 ut
835 668 917 723 cultri
930 678 982 723 aut
995 670 1081 724 claris
1101 671 1137 724 ad
1151 670 1290 733 chordam,
1308 686 1392 724 mann
1405 687 1463 725 una
1477 680 1508 726 et
1527 686 1662 743 percus·

280 750 357 804 sione
376 749 497 819 partium
511 747 571 818 ejus
594 747 828 802 interstinctamm
848 765 909 802 cum
926 750 1034 818 plectro
1048 749 1076 803 in
1089 765 1173 805 mauu
1190 749 1295 813 altera,
1317 748 1541 821 experimentari.
1588 752 1663 806 Ita·

281 848 333 902 que
349 845 454 883 summa
468 828 521 881 fuit
534 828 590 882 ista
604 827 722 881 felicitas
742 827 770 881 ιι
793 828 927 898 principio
951 829 1150 899 speculationis
1170 829 1294 884 tendenti
1312 832 1347 885 ad
1367 847 1436 901 opus
1455 833 1663 886 harmonicum

281 911 467 965 scribendum:
489 907 612 979 quamvis
628 917 694 962 tunc
708 908 815 978 quidem
830 911 948 963 nondum
966 909 992 963 id
1007 910 1097 964 ιιιιιο
1112 910 1324 966 destinaveram.
1354 912 1448 966 Causa
1466 921 1573 976 autem,
1599 927 1663 965 our

280 999 387 1061 septem
407 989 501 1044 ordine
521 1005 602 1043 voces
625 1005 712 1058 usque
733 990 768 1041 ad
789 988 924 1059 diapason
940 1007 1001 1044 ιιιιι
1014 990 1070 1045 ima
1082 999 1213 1061 suscepta
1232 999 1394 1056 consonent,
1419 999 1464 1046 est
1484 993 1551 1057 ista,
1578 992 1663 1064 quia

281 1071 384 1125 chorda
398 1069 501 1140 septies
516 1068 673 1124 harmonice
688 1068 770 1122 dividi
783 1078 893 1138 potest,
915 1070 1033 1140 siugulis
1052 1069 1123 1125 enim
1143 1071 1175 1124 iis
1197 1072 1305 1125 actibus
1320 1071 1424 1143 singuli
1440 1073 1661 1128 constituuntur

281 1151 349 1216 soni,
370 1157 553 1204 consonantes
568 1166 626 1203 cum
642 1166 708 1203 sono
725 1148 817 1203 totins.
847 1150 916 1203 Vide
931 1151 979 1205 lib.
994 1151 1043 1205 Ill.
1058 1152 1154 1206 Ηιιιι.
1171 1167 1231 1221 cap.
1248 1151 1275 1206 2.

361 1244 385 1318 ι)
412 1249 580 1311 Verumest,
601 1246 626 1301 si
639 1247 769 1301 nabuale
784 1246 810 1301 id
824 1247 909 1310 dicas,
932 1249 1003 1318 quod
1022 1249 1112 1317 prima
1131 1249 1227 1302 statim
1245 1249 1425 1318 coaptatione
1444 1251 1596 1305 sectionum
1622 1251 1659 1304 in

281 1331 340 1400 ipso
355 1327 434 1400 quasi
447 1327 568 1400 vestigio
582 1343 727 1382 causamme
741 1344 971 1399 praegressarum
988 1328 1106 1392 elicitur,
1127 1337 1161 1382 ut
1178 1328 1368 1401 distinguatur
1388 1329 1425 1382 ab
1447 1347 1489 1393 eo,
1513 1332 1585 1401 quod
1601 1347 1656 1384 se·

282 1409 415 1465 ιιιιιιιιιι
428 1408 536 1464 ratione
549 1408 629 1462 velut
645 1407 827 1462 ιιιιιιιιιιιιιι
845 1416 876 1462 et
895 1407 1049 1463 imitatione
1063 1416 1181 1463 naturae
1196 1408 1381 1464 constituitur.
1410 1410 1487 1463 Atei
1502 1428 1554 1465 non
1572 1411 1655 1465 ordi·

280 1508 344 1544 nem
357 1495 443 1553 ortus,
459 1490 507 1543 sed
521 1487 726 1558 proportionem
739 1488 828 1557 ipsam
840 1487 983 1557 respicias,
998 1489 1141 1543 natmalia
1154 1496 1237 1543 erunt
1250 1497 1281 1543 et
1294 1489 1344 1543 ills
1357 1489 1506 1544 intervalla
1519 1491 1656 1562 dicenda,

281 1587 352 1642 quae
370 1568 563 1640 proportiones
584 1568 624 1621 sic
642 1574 709 1622 ante
733 1568 899 1622 constitutas
923 1568 1077 1623 imitatione
1100 1576 1220 1623 naturae
1241 1569 1402 1639 suscipiunt.
1432 1569 1470 1624 Ut
1487 1570 1515 1624 in
1529 1572 1655 1643 sequela

281 1668 378 1705 recum
391 1667 430 1714 re,
445 1649 490 1713 mi,
506 1649 544 1712 ia,
560 1649 610 1712 sol,
626 1649 657 1702 la
670 1649 800 1702 naturale
814 1653 858 1701 est
871 1648 1064 1714 intervallum,
1083 1649 1126 1713 is,
1142 1650 1197 1714 sol,
1213 1656 1294 1703 tonus
1309 1649 1399 1719 major
1413 1648 1517 1713 (ιιιιιις
1540 1652 1652 1722 quippe

281 1730 408 1801 primitus
423 1727 613 1791 constituitur,
638 1728 746 1799 quando
766 1727 943 1782 intervallum
961 1746 1005 1791 re,
1025 1730 1069 1794 fa,
1091 1730 1181 1783 adhuc
1195 1731 1313 1784 nondum
1327 1736 1371 1784 est
1385 1729 1516 1786 divisum:
1541 1733 1564 1785 si
1583 1731 1652 1801 jam

282 1810 367 1865 etiam
380 1810 454 1864 inter
473 1826 516 1872 re,
541 1808 570 1862 la
589 1807 752 1879 designetur
769 1825 825 1862 vox
848 1809 896 1873 mi,
922 1809 974 1863 tali
997 1810 1175 1879 proportione
1189 1810 1309 1863 chordae
1327 1809 1377 1872 mi,
1402 1812 1437 1863 ad
1458 1811 1588 1866 chordam
1600 1829 1647 1875 re,

283 1889 360 1961 quali
374 1897 418 1944 est
431 1889 473 1943 sol
488 1891 523 1942 ad
538 1886 575 1951 ia,
596 1894 663 1942 tuno
676 1895 707 1942 et
719 1889 782 1959 ipsa
795 1906 851 1942 vox
865 1889 900 1942 mi
915 1889 1051 1944 naturalis
1066 1889 1163 1946 haberi
1178 1890 1270 1943 debet.
1299 1890 1378 1981 Quod
1391 1906 1457 1944 vero
1471 1907 1585 1946 causam
1598 1891 1650 1945 hic

283 1969 386 2026 reddidi
400 1968 592 2033 distinctionis,
609 1968 687 2040 quasi
702 1969 740 2033 fa,
755 1969 797 2022 sol
812 1969 938 2023 habeant
950 1969 1121 2026 mduhrtatos
1134 1986 1275 2033 numeros,
1298 1969 1333 2024 mi
1353 1987 1418 2024 vero
1444 1987 1499 2026 nou
1512 1972 1593 2027 item:
1616 1971 1650 2025 id
1741 1959 1750 1972 ’

284 2051 490 2105 condonandum
513 2056 558 2103 est
580 2048 715 2120 tyrocinio
738 2055 803 2103 tnnc
823 2048 924 2140 posito
952 2051 1024 2105 Nam
1046 2050 1094 2104 lib
1113 2051 1153 2104 111
1174 2052 1305 2105 Hormou
1330 2066 1391 2119 cap
1415 2049 1482 2105 5et
1506 2053 1522 2105 'l
1544 2068 1647 2106 causas

285 2131 403 2201 optimas
418 2129 527 2192 tradidi,
542 2129 640 2200 quibem
655 2129 739 2183 etiarn
748 2145 815 2183 sono
825 2129 862 2182 mi
876 2135 907 2183 et
922 2129 1055 2185 similibus
1070 2147 1136 2184 suus
1150 2129 1321 2184 indubitatus
1332 2147 1460 2184 numerus
1474 2131 1645 2203 assignatur.

362 2223 397 2297 k)
412 2229 472 2282 Hoc
485 2231 646 2290 resument,
661 2226 684 2280 si
698 2226 827 2319 utrinque
841 2227 929 2281 velles
943 2228 1098 2297 perlectum
1111 2228 1240 2298 diapente
1255 2227 1433 2282 constituere.
1462 2229 1557 2299 Atqui,
1573 2231 1647 2301 quod

285 2316 352 2363 tunc
365 2308 541 2379 ignorabam,
563 2323 630 2376 pars
651 2323 706 2361 non
719 2306 830 2361 minitas
843 2313 887 2361 est
910 2307 1071 2378 disciplinae
1097 2310 1131 2362 de
1151 2308 1336 2363 consonantiis
1360 2308 1538 2374 adulterinis,
1563 2326 1646 2410 quam

285 2389 385 2443 tradidi
399 2388 447 2441 hb
464 2388 648 2441 ΠΙΗιιιιοι
664 2403 725 2457 cap.
744 2385 788 2440 12.
983 2437 990 2444 .

364 2463 389 2537 l)
412 2469 456 2522 lta
473 2467 578 2521 usitate
596 2467 792 2544 appellantem
815 2474 925 2521 veteres
950 2484 984 2522 ne
1007 2485 1058 2538 pro
1077 2467 1265 2523 consonantiis
1279 2467 1387 2539 quidem
1405 2470 1572 2523 habuerunt.
1614 2469 1647 2523 Iu

284 2566 344 2604 meo
359 2565 443 2617 opere
457 2546 645 2612 Harmonices,
667 2547 715 2602 lib.
730 2548 779 2603 111.
796 2564 856 2618 cap.
874 2548 919 2611 16,
942 2566 992 2602 ιιι
1006 2548 1094 2602 minus
1114 2554 1144 2602 et
1165 2563 1225 2618 cap.
1246 2551 1258 2602 l
1280 2554 1310 2602 et
1328 2550 1348 2603 t
1368 2548 1432 2602 libri
1446 2549 1486 2603 [Π
1498 2554 1528 2603 ιι
1541 2548 1648 2619 passim

284 2628 370 2685 etiam
383 2628 560 2698 imperfectas
582 2628 740 2697 appellavi,
765 2629 813 2681 sed
834 2645 891 2681 vox
912 2628 969 2683 ista
989 2646 1044 2683 non
1063 2645 1151 2698 aeque
1165 2629 1244 2683 valet
1258 2628 1443 2683 adulterinae.
1471 2628 1561 2682 Deest
1574 2628 1647 2683 enim

285 2708 460 2764 adulterinae
473 2708 612 2762 minimum
626 2707 742 2778 aliquid,
767 2725 820 2778 quo
839 2708 928 2761 minus
943 2709 980 2763 ιιι
993 2709 1079 2778 plena
1096 2710 1294 2772 consonantia3
1315 2709 1385 2762 nihil
1403 2710 1483 2762 deest
1501 2708 1603 2762 tertiae
1618 2715 1648 2763 et

285 2797 386 2843 sextae
400 2788 556 2859 legitimae,
579 2805 632 2859 quo
647 2788 735 2842 minus
749 2788 823 2841 iuter
836 2789 1032 2844 consonantias
1050 2790 1218 2844 referantur.
1247 2790 1345 2860 Itaque
1364 2788 1546 2844 distinctionis
1561 2805 1648 2843 causa

285 2875 413 2940 praestat
427 2868 525 2922 tertias
540 2875 570 2921 et
584 2875 681 2922 sextas
695 2869 812 2923 minores
834 2869 925 2924 dicere
944 2869 1151 2933 consonantias,
1174 2869 1254 2941 idque
1275 2887 1329 2925 non
1349 2869 1516 2940 quantitatis
1538 2875 1648 2924 tantum

286 2957 429 3019 respectu,
454 2950 502 3002 sed
525 2948 611 3003 etiam
633 2949 745 3018 speciei.
1501 2963 1525 2994 a

364 3024 404 3098 m)
426 3030 507 3083 Hunc
520 3045 575 3099 ego
589 3044 703 3083 nervum
717 3029 874 3099 argumenti
892 3035 959 3082 tunc
972 3028 1111 3082 constitui
1140 3028 1279 3082 Dividitur
1297 3029 1425 3083 zodiacus
1445 3029 1473 3083 in
1492 3036 1588 3100 partes
1611 3029 1647 3084 12

285 3115 316 3163 ιι
331 3109 403 3170 12οι
425 3108 555 3162 dividitur
568 3116 599 3162 et
612 3109 716 3162 chorda
729 3108 756 3161 in
778 3109 892 3162 totidem
911 3108 1083 3162 harmonice:
1106 3125 1174 3180 ergo
1189 3109 1294 3163 numeri
1307 3109 1337 3162 hi
1351 3115 1416 3164 sunt
1431 3112 1504 3179 apud
1519 3117 1648 3164 naturam

286 3190 314 3243 in
327 3187 425 3259 pretio.
446 3191 487 3241 st
499 3205 559 3242 curn
574 3188 679 3243 zodiaci
694 3187 789 3242 divisio
804 3189 841 3242 sit
855 3205 873 3242 a
887 3188 1006 3260 quinque
1021 3189 1180 3259 corporibus
1196 3185 1251 3257 (uti
1266 3195 1331 3243 tuno
1344 3185 1561 3258 existimabam),
1576 3191 1648 3244 reri·

287 3269 388 3332 simile,
410 3267 527 3321 indidem
541 3275 571 3321 et
585 3267 704 3322 chordae
719 3267 879 3322 divisionem
900 3285 976 3332 esse,
999 3274 1029 3322 et
1047 3270 1086 3322 sic
1104 3269 1222 3339 quinque
1241 3262 1304 3322 illas
1318 3270 1424 3341 figuras
1439 3270 1524 3323 etiam
1537 3271 1646 3325 harmo-

287 3350 394 3403 niarum
407 3349 483 3402 ideas
498 3342 574 3413 else,
597 3354 663 3403 tuno
682 3347 790 3418 quidem
809 3348 887 3420 sequi
900 3348 1056 3402 videbatur.
1084 3348 1138 3402 Sed
1153 3365 1225 3402 nuno
1238 3366 1276 3403 ex
1290 3367 1374 3419 opere
1388 3349 1546 3404 harmonico
1560 3351 1648 3404 lector

287 3445 386 3483 causas
401 3427 620 3483 harmonicorum
633 3428 771 3500 genuinas
785 3434 880 3498 petat:
901 3434 967 3483 sunt
985 3428 1057 3483 enim
1071 3446 1126 3483 ιιι
1139 3429 1192 3483 illa
1205 3429 1324 3501 quinque
1338 3446 1455 3500 corpora
1468 3431 1647 3502 geometrica,

287 3511 335 3564 ssd
358 3508 452 3579 potius
476 3509 586 3579 figurae
608 3510 712 3579 planae
735 3508 764 3561 in
786 3509 917 3563 ιιιιιιιιιιι
940 3508 1089 3579 inscriptae
1112 3507 1160 3564 dc.

366 3582 399 3656 n)
420 3590 575 3642 iucundum
589 3595 646 3651 est,
667 3588 769 3659 primos
784 3588 972 3644 inventionum
985 3598 1101 3644 conatus
1116 3590 1202 3644 etiam
1216 3596 1343 3644 errantes
1358 3590 1467 3644 intueri.
1495 3592 1569 3646 Ecce
1584 3609 1648 3647 cau·

236 3699 237 3702 ι
288 3687 335 3724 ιιι
349 3668 487 3740 genuinas
501 3675 532 3722 et
552 3669 746 3740 archetypicas
767 3669 1036 3734 concordantiamm,
1061 3686 1129 3740 ques
1150 3670 1276 3724 manibus
1298 3672 1457 3736 versabam,
1482 3674 1647 3736 coecutiens,

288 3750 367 3804 velut
381 3749 630 3812 absentes,an1ie
649 3749 780 3820 quaesivi
809 3751 931 3822 Figurae
945 3751 1049 3820 planae
1063 3756 1128 3804 sunt
1142 3766 1243 3804 ιιιιιιι
1257 3751 1513 3824 concordantiamm
1527 3771 1558 3807 se
1573 3754 1648 3823 ipsis,

287 3847 342 3884 non
356 3837 493 3900 quatenus
514 3830 584 3884 liunt
601 3830 751 3884 solidarum
763 3831 915 3902 figurarum
929 3830 1095 3900 superficies
1123 3831 1238 3884 Frustra
1257 3832 1292 3884 ad
1313 3832 1403 3885 solida
1415 3834 1528 3903 respexi
1544 3834 1572 3888 in
1586 3850 1649 3888 con·

288 3908 435 3964 stituendis
458 3909 622 3964 harmonicis
644 3915 766 3964 motuum
787 3911 1022 3981 proportionibus.

368 3983 506 4059 o)Atqui
520 3990 692 4059 causssjam
705 3989 860 4045 nominatas
880 3991 971 4054 vides,
992 3991 1098 4060 figuras
1116 3990 1232 4082 planas:
1257 3992 1335 4062 atqui
1356 4009 1410 4046 non
1429 3995 1573 4063 cognatio,
1595 4009 1649 4046 non

288 4068 531 4141 consanguinitas,
555 4072 602 4123 sed
625 4072 700 4124 nuda
720 4070 843 4125 affinitas
863 4079 915 4126 est
943 4070 1065 4141 Figurae
1086 4070 1157 4124 enim
1178 4072 1281 4140 planae
1299 4090 1337 4126 ex
1354 4089 1412 4126 una
1429 4080 1512 4142 parte
1525 4072 1650 4127 dividunt

288 4152 418 4206 circulum
436 4149 611 4218 harmonice,
631 4168 670 4205 ex
687 4150 780 4208 altera
796 4158 879 4221 parte
901 4151 1084 4223 congruunt'
1076 4169 1105 4205 ιι
1124 4152 1230 4222 figuras
1249 4153 1368 4222 quinque
1387 4152 1499 4207 solidas.
1528 4155 1605 4225 Ergo
1619 4160 1650 4206 et

288 4230 448 4286 harmonica
470 4231 565 4285 circuli
588 4231 685 4287 divisio
707 4238 737 4286 et
760 4233 878 4303 quinque
901 4233 1008 4304 figurae
1032 4231 1061 4285 in
1085 4248 1140 4286 uuo
1168 4232 1265 4296 tertio,
1290 4232 1318 4286 in
1344 4233 1442 4304 ligonis
1471 4233 1528 4288 scil
1555 4232 1648 4303 planis

290 4312 465 4367 conveniunt.

367 4386 402 4463 p)
423 4392 500 4446 Nota
512 4391 565 4445 hoo
578 4391 728 4462 diligenter
741 4396 772 4444 et
788 4365 925 4462 cognosce
938 4393 985 4446 ιιι
998 4392 1050 4446 hoo
1062 4408 1118 4444 uno
1132 4391 1301 4461 exemplo
1275 4408 1330 4446 ιιιι
1343 4392 1461 4446 aliarum
1474 4391 1650 4447 fortuitarum

229 4489 231 4494 ’
289 4473 477 4527 collusionem.
514 4470 627 4562 Septem
645 4471 901 4526 concordantiamm
924 4473 1041 4535 formas,
1065 4488 1116 4526 seu
1138 4477 1246 4541 septem
1269 4472 1404 4526 sectiones
1427 4473 1629 4527 harmonicas
1621 4489 1650 4527 ιιι

289 4553 427 4623 prioribus
441 4553 477 4606 ad
498 4550 653 4621 quinarium
670 4552 826 4623 redegimus
846 4558 1007 4622 utcumque,
1030 4559 1063 4606 ut
1084 4550 1168 4606 binae
1191 4568 1299 4621 semper
1322 4552 1501 4622 imperfectae
1523 4570 1575 4623 pro
1592 4569 1651 4608 nna

291 4638 476 4686 censerentur.
506 4631 653 4694 Quinotius
667 4631 720 4686 iste
735 4632 763 4685 iu
777 4633 829 4685 duo
844 4631 905 4686 abit
918 4635 1054 4697 membra,
1073 4638 1107 4686 ut
1119 4632 1184 4687 hinc
1197 4637 1274 4686 stent
1286 4638 1356 4696 tres,
1377 4632 1439 4686 inde
1454 4634 1536 4688 duae.
1560 4634 1650 4705 Atqui

291 4719 321 4765 et
334 4711 473 4782 quinarius
487 4727 630 4781 corporum
645 4730 683 4766 ex
696 4727 753 4766 una
765 4719 847 4783 parte
861 4712 917 4766 tria
929 4712 1025 4777 habet,
1040 4730 1077 4767 ex
1091 4713 1184 4768 altera
1196 4715 1266 4767 duo:
1279 4730 1369 4784 neque
1383 4719 1478 4767 tamen
1491 4713 1547 4768 illis
1561 4714 1650 4768 tribus

292 4799 337 4845 est
349 4791 480 4863 cognatio
494 4807 556 4847 cunr
569 4791 612 4846 his
627 4792 724 4857 tribus,
742 4809 793 4846 neo
807 4793 874 4846 illae
887 4794 959 4854 duae
973 4795 1141 4862 respondent
1153 4794 1197 4850 his
1211 4794 1326 4848 duobus.
1355 4793 1426 4848 Nam
1440 4795 1511 4849 duae
1526 4795 1649 4865 duplices

291 4871 515 4942 imperfectorum
527 4872 783 4927 concordantiarum
796 4873 900 4927 formae
915 4872 1116 4928 communicant
1128 4876 1297 4952 decaogulo,
1322 4876 1395 4946 quod
1417 4881 1463 4929 ost
1483 4875 1529 4929 hic
1546 4890 1649 4948 cogna-
1690 4881 1693 4886 '
1750 4928 1754 4936 ,
