<?xml version="1.0" encoding="UTF-8"?>
<!DOCTYPE html PUBLIC "-//W3C//DTD XHTML 1.0 Transitional//EN"
    "http://www.w3.org/TR/xhtml1/DTD/xhtml1-transitional.dtd">
<html xmlns="http://www.w3.org/1999/xhtml" xml:lang="en" lang="en">
 <head>
  <title>
</title>
<meta http-equiv="Content-Type" content="text/html;charset=utf-8" />
  <meta name='ocr-system' content='tesseract 3.04.00' />
  <meta name='ocr-capabilities' content='ocr_page ocr_carea ocr_par ocr_line ocrx_word'/>
</head>
<body>
  <div class='ocr_page' id='page_1' title='image "./joanniskepleria01unkngoog_0096.png"; bbox 0 0 3609 5634; ppageno 0'>
   <div class='ocr_carea' id='block_1_1' title="bbox 290 375 1057 444">
    <p class='ocr_par' dir='ltr' id='par_1_1' title="bbox 290 375 1057 444">
     <span class='ocr_line' id='line_1_1' title="bbox 290 375 1057 444; baseline -0.003 -16"><span class='ocrx_word' id='word_1_1' title='bbox 290 375 340 444; x_wconf 69' lang='lat' dir='ltr'><strong>ab</strong></span> <span class='ocrx_word' id='word_1_2' title='bbox 894 375 1057 426; x_wconf 64' lang='lat' dir='ltr'><strong>ememtes</strong></span> 
     </span>
    </p>
   </div>
   <div class='ocr_carea' id='block_1_2' title="bbox 293 526 1697 2390">
    <p class='ocr_par' dir='ltr' id='par_1_2' title="bbox 297 526 1696 673">
     <span class='ocr_line' id='line_1_2' title="bbox 297 526 1696 596; baseline -0.008 -9"><span class='ocrx_word' id='word_1_3' title='bbox 297 551 390 596; x_wconf 75' lang='lat' dir='ltr'><strong>amum</strong></span> <span class='ocrx_word' id='word_1_4' title='bbox 409 543 467 590; x_wconf 84' lang='lat' dir='ltr'><strong>ante</strong></span> <span class='ocrx_word' id='word_1_5' title='bbox 486 536 609 587; x_wconf 81' lang='lat' dir='ltr'><strong>Christum</strong></span> <span class='ocrx_word' id='word_1_6' title='bbox 626 541 731 592; x_wconf 78' lang='lat' dir='ltr'><strong>numm,</strong></span> <span class='ocrx_word' id='word_1_7' title='bbox 759 541 819 586; x_wconf 86' lang='lat' dir='ltr'><strong>aute</strong></span> <span class='ocrx_word' id='word_1_8' title='bbox 843 533 908 584; x_wconf 87' lang='lat' dir='ltr'><strong>haee</strong></span> <span class='ocrx_word' id='word_1_9' title='bbox 935 541 1022 584; x_wconf 73' lang='lat' dir='ltr'><strong>nosne</strong></span> <span class='ocrx_word' id='word_1_10' title='bbox 1045 533 1132 585; x_wconf 71' lang='lat' dir='ltr'><strong>seems</strong></span> <span class='ocrx_word' id='word_1_11' title='bbox 1151 529 1219 582; x_wconf 80' lang='lat' dir='ltr'><strong>leta</strong></span> <span class='ocrx_word' id='word_1_12' title='bbox 1239 533 1324 594; x_wconf 70' lang='lat' dir='ltr'><strong>uuis,</strong></span> <span class='ocrx_word' id='word_1_13' title='bbox 1344 548 1375 583; x_wconf 83' lang='lat' dir='ltr'><strong>ex</strong></span> <span class='ocrx_word' id='word_1_14' title='bbox 1391 532 1561 583; x_wconf 84' lang='lat' dir='ltr'><strong>Ptolemaeo</strong></span> <span class='ocrx_word' id='word_1_15' title='bbox 1580 527 1627 578; x_wconf 91' lang='lat' dir='ltr'><strong>lib.</strong></span> <span class='ocrx_word' id='word_1_16' title='bbox 1649 526 1696 577; x_wconf 75' lang='lat' dir='ltr'><strong>lli</strong></span> 
     </span>
     <span class='ocr_line' id='line_1_3' title="bbox 298 600 1457 673; baseline -0.005 -15"><span class='ocrx_word' id='word_1_17' title='bbox 298 606 382 673; x_wconf 79' lang='lat' dir='ltr'><strong>cap.2</strong></span> <span class='ocrx_word' id='word_1_18' title='bbox 401 609 558 658; x_wconf 83' lang='lat' dir='ltr'><strong>manifestum</strong></span> <span class='ocrx_word' id='word_1_19' title='bbox 578 606 640 657; x_wconf 84' lang='lat' dir='ltr'><strong>est.“</strong></span> <span class='ocrx_word' id='word_1_20' title='bbox 679 604 718 665; x_wconf 76' lang='lat' dir='ltr'><strong>lin</strong></span> <span class='ocrx_word' id='word_1_21' title='bbox 737 605 845 655; x_wconf 77' lang='lat' dir='ltr'>editione</span> <span class='ocrx_word' id='word_1_22' title='bbox 863 605 1003 670; x_wconf 80' lang='lat' dir='ltr'><strong>Almagesti</strong></span> <span class='ocrx_word' id='word_1_23' title='bbox 1022 604 1164 655; x_wconf 85' lang='lat' dir='ltr'><strong>Venetiana</strong></span> <span class='ocrx_word' id='word_1_24' title='bbox 1183 620 1206 654; x_wconf 75' lang='lat' dir='ltr'><strong>a</strong></span> <span class='ocrx_word' id='word_1_25' title='bbox 1229 603 1297 655; x_wconf 90' lang='grc'><strong>1515</strong></span> <span class='ocrx_word' id='word_1_26' title='bbox 1316 604 1373 654; x_wconf 92' lang='lat' dir='ltr'><strong>iolio</strong></span> <span class='ocrx_word' id='word_1_27' title='bbox 1393 600 1457 664; x_wconf 82' lang='lat'><strong>28.)</strong></span> 
     </span>
    </p>

    <p class='ocr_par' dir='ltr' id='par_1_3' title="bbox 296 666 1697 1237">
     <span class='ocr_line' id='line_1_4' title="bbox 370 666 1695 742; baseline -0.009 -14"><span class='ocrx_word' id='word_1_28' title='bbox 370 677 594 737; x_wconf 64' lang='lat' dir='ltr'><strong>,Menemastcnst</strong></span> <span class='ocrx_word' id='word_1_29' title='bbox 614 677 655 742; x_wconf 91' lang='lat' dir='ltr'><strong>qni</strong></span> <span class='ocrx_word' id='word_1_30' title='bbox 672 674 801 725; x_wconf 72' lang='lat' dir='ltr'><strong>Herusrto</strong></span> <span class='ocrx_word' id='word_1_31' title='bbox 829 677 981 725; x_wconf 88' lang='lat' dir='ltr'><strong>sententiam</strong></span> <span class='ocrx_word' id='word_1_32' title='bbox 1008 690 1079 726; x_wconf 91' lang='lat' dir='ltr'><strong>suam</strong></span> <span class='ocrx_word' id='word_1_33' title='bbox 1104 676 1133 726; x_wconf 90' lang='lat' dir='ltr'><strong>de</strong></span> <span class='ocrx_word' id='word_1_34' title='bbox 1153 675 1284 725; x_wconf 88' lang='lat' dir='ltr'><strong>Prodromo</strong></span> <span class='ocrx_word' id='word_1_35' title='bbox 1303 676 1451 739; x_wconf 72' lang='lat' dir='ltr'><strong>perscripsit</strong></span> <span class='ocrx_word' id='word_1_36' title='bbox 1473 670 1579 733; x_wconf 87' lang='lat' dir='ltr'><strong>(comp.</strong></span> <span class='ocrx_word' id='word_1_37' title='bbox 1600 666 1695 732; x_wconf 79' lang='lat' dir='ltr'><strong>pili),</strong></span> 
     </span>
     <span class='ocr_line' id='line_1_5' title="bbox 296 740 1697 811; baseline -0.009 -10"><span class='ocrx_word' id='word_1_38' title='bbox 296 749 313 801; x_wconf 82' lang='lat' dir='ltr'>J</span> <span class='ocrx_word' id='word_1_39' title='bbox 320 749 463 800; x_wconf 83' lang='lat' dir='ltr'><strong>ohannes</strong></span> <span class='ocrx_word' id='word_1_40' title='bbox 481 749 669 798; x_wconf 89' lang='lat' dir='ltr'><strong>Praetorius</strong></span> <span class='ocrx_word' id='word_1_41' title='bbox 687 746 749 801; x_wconf 82' lang='lat' dir='ltr'><strong>fuit,</strong></span> <span class='ocrx_word' id='word_1_42' title='bbox 767 747 888 809; x_wconf 72' lang='lat' dir='ltr'>professor</span> <span class='ocrx_word' id='word_1_43' title='bbox 905 743 1094 811; x_wconf 74' lang='lat' dir='ltr'><strong>tum&#39;temporis</strong></span> <span class='ocrx_word' id='word_1_44' title='bbox 1112 746 1253 796; x_wconf 86' lang='lat' dir='ltr'><strong>matheseos</strong></span> <span class='ocrx_word' id='word_1_45' title='bbox 1278 749 1304 795; x_wconf 93' lang='lat' dir='ltr'><strong>iu</strong></span> <span class='ocrx_word' id='word_1_46' title='bbox 1330 746 1470 796; x_wconf 86' lang='lat' dir='ltr'><strong>academia</strong></span> <span class='ocrx_word' id='word_1_47' title='bbox 1491 740 1651 793; x_wconf 78' lang='lat' dir='ltr'><strong>Altoriiaua</strong></span> <span class='ocrx_word' id='word_1_48' title='bbox 1671 748 1697 789; x_wconf 83' lang='lat' dir='ltr'><strong>et</strong></span> 
     </span>
     <span class='ocr_line' id='line_1_6' title="bbox 297 810 1696 882; baseline -0.008 -11"><span class='ocrx_word' id='word_1_49' title='bbox 297 827 453 872; x_wconf 69' lang='lat' dir='ltr'><strong>astronomus</strong></span> <span class='ocrx_word' id='word_1_50' title='bbox 477 821 513 869; x_wconf 91' lang='lat' dir='ltr'><strong>rsi</strong></span> <span class='ocrx_word' id='word_1_51' title='bbox 531 818 645 882; x_wconf 70' lang='lat' dir='ltr'><strong>pubicae</strong></span> <span class='ocrx_word' id='word_1_52' title='bbox 663 816 875 882; x_wconf 85' lang='lat' dir='ltr'><strong>Norimbergensis</strong></span> <span class='ocrx_word' id='word_1_53' title='bbox 900 817 945 878; x_wconf 87' lang='lat' dir='ltr'><strong>(ob</strong></span> <span class='ocrx_word' id='word_1_54' title='bbox 962 833 1050 868; x_wconf 86' lang='lat' dir='ltr'><strong>munus</strong></span> <span class='ocrx_word' id='word_1_55' title='bbox 1075 820 1122 882; x_wconf 86' lang='lat' dir='ltr'><strong>ipsi</strong></span> <span class='ocrx_word' id='word_1_56' title='bbox 1147 818 1293 867; x_wconf 86' lang='lat' dir='ltr'><strong>mandatum</strong></span> <span class='ocrx_word' id='word_1_57' title='bbox 1317 814 1500 867; x_wconf 86' lang='lat' dir='ltr'><strong>conscribendi</strong></span> <span class='ocrx_word' id='word_1_58' title='bbox 1531 810 1696 862; x_wconf 78' lang='lat' dir='ltr'><strong>calendaria</strong></span> 
     </span>
     <span class='ocr_line' id='line_1_7' title="bbox 298 887 1693 955; baseline -0.005 -14"><span class='ocrx_word' id='word_1_59' title='bbox 298 888 494 953; x_wconf 72' lang='lat' dir='ltr'><strong>anniversaria),</strong></span> <span class='ocrx_word' id='word_1_60' title='bbox 520 891 560 955; x_wconf 90' lang='lat' dir='ltr'><strong>qui</strong></span> <span class='ocrx_word' id='word_1_61' title='bbox 588 902 673 953; x_wconf 83' lang='lat' dir='ltr'><strong>pamm</strong></span> <span class='ocrx_word' id='word_1_62' title='bbox 701 888 798 952; x_wconf 84' lang='lat' dir='ltr'><strong>quidem</strong></span> <span class='ocrx_word' id='word_1_63' title='bbox 822 889 931 940; x_wconf 82' lang='lat' dir='ltr'><strong>innotuit</strong></span> <span class='ocrx_word' id='word_1_64' title='bbox 956 891 1100 953; x_wconf 68' lang='lat' dir='ltr'><strong>conscriptis</strong></span> <span class='ocrx_word' id='word_1_65' title='bbox 1125 889 1192 939; x_wconf 90' lang='lat' dir='ltr'><strong>libris</strong></span> <span class='ocrx_word' id='word_1_66' title='bbox 1215 887 1413 945; x_wconf 70' lang='lat' dir='ltr'><strong>mathematicis,</strong></span> <span class='ocrx_word' id='word_1_67' title='bbox 1443 897 1617 951; x_wconf 84' lang='lat' dir='ltr'><strong>quamquam</strong></span> <span class='ocrx_word' id='word_1_68' title='bbox 1636 897 1693 946; x_wconf 83' lang='lat' dir='ltr'><strong>per·</strong></span> 
     </span>
     <span class='ocr_line' id='line_1_8' title="bbox 297 954 1694 1026; baseline -0.008 -14"><span class='ocrx_word' id='word_1_69' title='bbox 297 963 377 1012; x_wconf 88' lang='lat' dir='ltr'><strong>muita</strong></span> <span class='ocrx_word' id='word_1_70' title='bbox 400 962 498 1026; x_wconf 84' lang='lat' dir='ltr'><strong>reliquit</strong></span> <span class='ocrx_word' id='word_1_71' title='bbox 522 960 692 1023; x_wconf 85' lang='lat' dir='ltr'><strong>manuscripta</strong></span> <span class='ocrx_word' id='word_1_72' title='bbox 715 959 748 1008; x_wconf 87' lang='lat' dir='ltr'><strong>ad</strong></span> <span class='ocrx_word' id='word_1_73' title='bbox 769 960 895 1008; x_wconf 89' lang='lat' dir='ltr'><strong>mathesin</strong></span> <span class='ocrx_word' id='word_1_74' title='bbox 917 961 1140 1025; x_wconf 89' lang='lat' dir='ltr'><strong>astronomiamqne</strong></span> <span class='ocrx_word' id='word_1_75' title='bbox 1169 960 1321 1022; x_wconf 85' lang='lat' dir='ltr'><strong>pertinentia</strong></span> <span class='ocrx_word' id='word_1_76' title='bbox 1352 955 1446 1023; x_wconf 91' lang='lat' dir='ltr'><strong>(comp.</strong></span> <span class='ocrx_word' id='word_1_77' title='bbox 1479 954 1694 1019; x_wconf 89' lang='lat' dir='ltr'><strong>Doppelmaier:</strong></span> 
     </span>
     <span class='ocr_line' id='line_1_9' title="bbox 300 1025 1695 1095; baseline -0.003 -14"><span class='ocrx_word' id='word_1_78' title='bbox 300 1032 373 1091; x_wconf 80' lang='lat' dir='ltr'><strong>,Vou</strong></span> <span class='ocrx_word' id='word_1_79' title='bbox 391 1033 439 1094; x_wconf 78' lang='lat' dir='ltr'><strong>den</strong></span> <span class='ocrx_word' id='word_1_80' title='bbox 457 1031 552 1080; x_wconf 77' lang='lat' dir='ltr'><strong>Numb.</strong></span> <span class='ocrx_word' id='word_1_81' title='bbox 570 1029 782 1086; x_wconf 79' lang='lat' dir='ltr'><strong>Mathematicis“‚</strong></span> <span class='ocrx_word' id='word_1_82' title='bbox 810 1046 834 1094; x_wconf 86' lang='lat' dir='ltr'><strong>p.</strong></span> <span class='ocrx_word' id='word_1_83' title='bbox 854 1027 917 1091; x_wconf 86' lang='grc'>86),</span> <span class='ocrx_word' id='word_1_84' title='bbox 943 1031 1023 1095; x_wconf 87' lang='lat' dir='ltr'><strong>magis</strong></span> <span class='ocrx_word' id='word_1_85' title='bbox 1051 1045 1107 1081; x_wconf 88' lang='lat' dir='ltr'><strong>rere</strong></span> <span class='ocrx_word' id='word_1_86' title='bbox 1133 1029 1253 1079; x_wconf 87' lang='lat' dir='ltr'><strong>coniectis</strong></span> <span class='ocrx_word' id='word_1_87' title='bbox 1286 1030 1461 1082; x_wconf 72' lang='lat' dir='ltr'><strong>imhumeutis</strong></span> <span class='ocrx_word' id='word_1_88' title='bbox 1489 1025 1695 1077; x_wconf 74' lang='lat' dir='ltr'><strong>mathematicis</strong></span> 
     </span>
     <span class='ocr_line' id='line_1_10' title="bbox 296 1093 1692 1165; baseline -0.005 -13"><span class='ocrx_word' id='word_1_89' title='bbox 296 1099 440 1164; x_wconf 79' lang='lat' dir='ltr'><strong>(„mensuls</strong></span> <span class='ocrx_word' id='word_1_90' title='bbox 456 1096 659 1161; x_wconf 80' lang='lat' dir='ltr'><strong>Praetoriana“).</strong></span> <span class='ocrx_word' id='word_1_91' title='bbox 696 1099 766 1149; x_wconf 90' lang='lat' dir='ltr'><strong>inest</strong></span> <span class='ocrx_word' id='word_1_92' title='bbox 780 1101 899 1162; x_wconf 77' lang='lat' dir='ltr'><strong>judicium</strong></span> <span class='ocrx_word' id='word_1_93' title='bbox 917 1100 1038 1151; x_wconf 89' lang='lat' dir='ltr'><strong>Praetorii</strong></span> <span class='ocrx_word' id='word_1_94' title='bbox 1056 1101 1152 1160; x_wconf 61' lang='lat' dir='ltr'><strong>buris,</strong></span> <span class='ocrx_word' id='word_1_95' title='bbox 1176 1101 1200 1149; x_wconf 91' lang='lat' dir='ltr'><strong>d.</strong></span> <span class='ocrx_word' id='word_1_96' title='bbox 1220 1100 1244 1150; x_wconf 82' lang='lat' dir='ltr'><strong>d</strong></span> <span class='ocrx_word' id='word_1_97' title='bbox 1264 1097 1298 1149; x_wconf 78' lang='grc'><strong>23</strong></span> <span class='ocrx_word' id='word_1_98' title='bbox 1316 1102 1375 1165; x_wconf 70' lang='lat' dir='ltr'><strong>apr.</strong></span> <span class='ocrx_word' id='word_1_99' title='bbox 1396 1106 1427 1150; x_wconf 79' lang='lat' dir='ltr'><strong>st</strong></span> <span class='ocrx_word' id='word_1_100' title='bbox 1449 1114 1476 1148; x_wconf 84' lang='lat' dir='ltr'><strong>v.</strong></span> <span class='ocrx_word' id='word_1_101' title='bbox 1500 1093 1598 1155; x_wconf 75' lang='grc'><strong>1598,</strong></span> <span class='ocrx_word' id='word_1_102' title='bbox 1627 1110 1692 1161; x_wconf 87' lang='lat' dir='ltr'><strong>quas</strong></span> 
     </span>
     <span class='ocr_line' id='line_1_11' title="bbox 299 1171 1128 1237; baseline 0 -14"><span class='ocrx_word' id='word_1_103' title='bbox 299 1173 504 1237; x_wconf 74' lang='lat' dir='ltr'><strong>deprehendimus</strong></span> <span class='ocrx_word' id='word_1_104' title='bbox 521 1174 586 1222; x_wconf 88' lang='lat' dir='ltr'><strong>iuter</strong></span> <span class='ocrx_word' id='word_1_105' title='bbox 604 1171 665 1220; x_wconf 81' lang='lat' dir='ltr'><strong>Mss.</strong></span> <span class='ocrx_word' id='word_1_106' title='bbox 684 1171 808 1221; x_wconf 75' lang='lat' dir='ltr'><strong>Honesti</strong></span> <span class='ocrx_word' id='word_1_107' title='bbox 825 1171 954 1222; x_wconf 71' lang='lat' dir='ltr'><strong>Menachii</strong></span> <span class='ocrx_word' id='word_1_108' title='bbox 973 1177 1128 1223; x_wconf 75' lang='lat' dir='ltr'><strong>waserrata</strong></span> 
     </span>
    </p>

    <p class='ocr_par' dir='ltr' id='par_1_4' title="bbox 293 1257 1691 2390">
     <span class='ocr_line' id='line_1_12' title="bbox 367 1257 1691 1324; baseline -0.005 -13"><span class='ocrx_word' id='word_1_109' title='bbox 367 1260 439 1311; x_wconf 80' lang='lat' dir='ltr'><strong>Haeo</strong></span> <span class='ocrx_word' id='word_1_110' title='bbox 464 1266 550 1310; x_wconf 86' lang='lat' dir='ltr'><strong>autem</strong></span> <span class='ocrx_word' id='word_1_111' title='bbox 575 1265 634 1309; x_wconf 89' lang='lat' dir='ltr'><strong>snut</strong></span> <span class='ocrx_word' id='word_1_112' title='bbox 657 1258 723 1308; x_wconf 89' lang='lat' dir='ltr'><strong>illius</strong></span> <span class='ocrx_word' id='word_1_113' title='bbox 740 1260 831 1309; x_wconf 85' lang='lat' dir='ltr'><strong>rerba:</strong></span> <span class='ocrx_word' id='word_1_114' title='bbox 853 1257 893 1309; x_wconf 88' lang='lat' dir='ltr'><strong>De</strong></span> <span class='ocrx_word' id='word_1_115' title='bbox 913 1259 1031 1323; x_wconf 86' lang='lat' dir='ltr'><strong>Koepleri</strong></span> <span class='ocrx_word' id='word_1_116' title='bbox 1049 1260 1157 1324; x_wconf 85' lang='lat' dir='ltr'><strong>quadam</strong></span> <span class='ocrx_word' id='word_1_117' title='bbox 1175 1260 1340 1323; x_wconf 77' lang='lat' dir='ltr'><strong>propositione</strong></span> <span class='ocrx_word' id='word_1_118' title='bbox 1364 1265 1390 1308; x_wconf 89' lang='lat' dir='ltr'><strong>et</strong></span> <span class='ocrx_word' id='word_1_119' title='bbox 1407 1257 1551 1307; x_wconf 89' lang='lat' dir='ltr'><strong>Prodromi</strong></span> <span class='ocrx_word' id='word_1_120' title='bbox 1577 1269 1691 1305; x_wconf 79' lang='lat' dir='ltr'><strong>censure</strong></span> 
     </span>
     <span class='ocr_line' id='line_1_13' title="bbox 297 1327 1689 1397; baseline -0.006 -15"><span class='ocrx_word' id='word_1_121' title='bbox 297 1334 426 1397; x_wconf 82' lang='lat' dir='ltr'><strong>expetitur.</strong></span> <span class='ocrx_word' id='word_1_122' title='bbox 463 1331 504 1381; x_wconf 92' lang='lat' dir='ltr'><strong>De</strong></span> <span class='ocrx_word' id='word_1_123' title='bbox 521 1327 570 1380; x_wconf 85' lang='lat' dir='ltr'><strong>h‘ac</strong></span> <span class='ocrx_word' id='word_1_124' title='bbox 587 1332 663 1393; x_wconf 86' lang='lat' dir='ltr'><strong>ipsius</strong></span> <span class='ocrx_word' id='word_1_125' title='bbox 681 1330 820 1380; x_wconf 86' lang='lat' dir='ltr'><strong>subtilitate</strong></span> <span class='ocrx_word' id='word_1_126' title='bbox 838 1330 904 1380; x_wconf 88' lang='lat' dir='ltr'><strong>malo</strong></span> <span class='ocrx_word' id='word_1_127' title='bbox 923 1330 984 1380; x_wconf 88' lang='lat' dir='ltr'><strong>aiios</strong></span> <span class='ocrx_word' id='word_1_128' title='bbox 1003 1332 1153 1381; x_wconf 82' lang='lat' dir='ltr'><strong>sententiam</strong></span> <span class='ocrx_word' id='word_1_129' title='bbox 1172 1332 1249 1384; x_wconf 86' lang='lat' dir='ltr'><strong>iesse,</strong></span> <span class='ocrx_word' id='word_1_130' title='bbox 1273 1332 1315 1394; x_wconf 87' lang='lat' dir='ltr'><strong>qui</strong></span> <span class='ocrx_word' id='word_1_131' title='bbox 1341 1345 1390 1378; x_wconf 92' lang='lat' dir='ltr'><strong>nou</strong></span> <span class='ocrx_word' id='word_1_132' title='bbox 1415 1327 1608 1378; x_wconf 75' lang='lat' dir='ltr'><strong>astronomicis</strong></span> <span class='ocrx_word' id='word_1_133' title='bbox 1628 1327 1689 1374; x_wconf 87' lang='lat' dir='ltr'><strong>sins·</strong></span> 
     </span>
     <span class='ocr_line' id='line_1_14' title="bbox 295 1393 1689 1468; baseline -0.004 -14"><span class='ocrx_word' id='word_1_134' title='bbox 295 1403 393 1468; x_wconf 86' lang='lat' dir='ltr'><strong>pliciter</strong></span> <span class='ocrx_word' id='word_1_135' title='bbox 414 1399 623 1468; x_wconf 77' lang='lat' dir='ltr'><strong>speculationibus</strong></span> <span class='ocrx_word' id='word_1_136' title='bbox 650 1402 759 1450; x_wconf 86' lang='lat' dir='ltr'><strong>contenti</strong></span> <span class='ocrx_word' id='word_1_137' title='bbox 787 1403 921 1451; x_wconf 85' lang='lat' dir='ltr'><strong>secretiora</strong></span> <span class='ocrx_word' id='word_1_138' title='bbox 938 1409 1044 1451; x_wconf 86' lang='lat' dir='ltr'><strong>naturae</strong></span> <span class='ocrx_word' id='word_1_139' title='bbox 1063 1402 1165 1451; x_wconf 86' lang='lat' dir='ltr'><strong>decreta</strong></span> <span class='ocrx_word' id='word_1_140' title='bbox 1188 1401 1296 1464; x_wconf 83' lang='lat' dir='ltr'><strong>physicis</strong></span> <span class='ocrx_word' id='word_1_141' title='bbox 1324 1408 1350 1450; x_wconf 95' lang='lat' dir='ltr'><strong>et</strong></span> <span class='ocrx_word' id='word_1_142' title='bbox 1372 1398 1566 1463; x_wconf 83' lang='lat' dir='ltr'><strong>metaphysicis</strong></span> <span class='ocrx_word' id='word_1_143' title='bbox 1587 1393 1633 1459; x_wconf 81' lang='lat' dir='ltr'><strong>[ui</strong></span> <span class='ocrx_word' id='word_1_144' title='bbox 1651 1398 1689 1448; x_wconf 81' lang='lat' dir='ltr'><strong>stt</strong></span> 
     </span>
     <span class='ocr_line' id='line_1_15' title="bbox 299 1469 1686 1537; baseline -0.006 -12"><span class='ocrx_word' id='word_1_145' title='bbox 299 1470 383 1534; x_wconf 87' lang='lat' dir='ltr'><strong>autor)</strong></span> <span class='ocrx_word' id='word_1_146' title='bbox 406 1474 542 1524; x_wconf 88' lang='lat' dir='ltr'><strong>rationibus</strong></span> <span class='ocrx_word' id='word_1_147' title='bbox 572 1473 656 1522; x_wconf 86' lang='lat' dir='ltr'><strong>rimari</strong></span> <span class='ocrx_word' id='word_1_148' title='bbox 681 1479 818 1528; x_wconf 71' lang='lat' dir='ltr'><strong>coneum.</strong></span> <span class='ocrx_word' id='word_1_149' title='bbox 844 1479 871 1523; x_wconf 91' lang='lat' dir='ltr'><strong>et</strong></span> <span class='ocrx_word' id='word_1_150' title='bbox 896 1472 983 1522; x_wconf 89' lang='lat' dir='ltr'><strong>iisdem</strong></span> <span class='ocrx_word' id='word_1_151' title='bbox 1007 1473 1109 1537; x_wconf 86' lang='lat' dir='ltr'><strong>argutiis</strong></span> <span class='ocrx_word' id='word_1_152' title='bbox 1133 1472 1297 1522; x_wconf 89' lang='lat' dir='ltr'><strong>delectantur.</strong></span> <span class='ocrx_word' id='word_1_153' title='bbox 1333 1470 1513 1536; x_wconf 75' lang='lat' dir='ltr'><strong>Magnetum</strong></span> <span class='ocrx_word' id='word_1_154' title='bbox 1534 1469 1686 1519; x_wconf 85' lang='lat' dir='ltr'><strong>ardore-ad</strong></span> 
     </span>
     <span class='ocr_line' id='line_1_16' title="bbox 298 1542 1687 1607; baseline -0.004 -12"><span class='ocrx_word' id='word_1_155' title='bbox 298 1543 352 1595; x_wconf 90' lang='lat' dir='ltr'><strong>libri</strong></span> <span class='ocrx_word' id='word_1_156' title='bbox 370 1543 444 1606; x_wconf 86' lang='lat' dir='ltr'><strong>hujus</strong></span> <span class='ocrx_word' id='word_1_157' title='bbox 461 1543 594 1594; x_wconf 90' lang='lat' dir='ltr'><strong>lectionem</strong></span> <span class='ocrx_word' id='word_1_158' title='bbox 612 1542 776 1598; x_wconf 78' lang='lat' dir='ltr'><strong>accedebam,</strong></span> <span class='ocrx_word' id='word_1_159' title='bbox 795 1543 855 1601; x_wconf 85' lang='lat' dir='ltr'><strong>sed,</strong></span> <span class='ocrx_word' id='word_1_160' title='bbox 873 1551 902 1592; x_wconf 89' lang='lat' dir='ltr'><strong>ut</strong></span> <span class='ocrx_word' id='word_1_161' title='bbox 921 1558 1005 1592; x_wconf 86' lang='lat' dir='ltr'><strong>rernm</strong></span> <span class='ocrx_word' id='word_1_162' title='bbox 1021 1543 1112 1604; x_wconf 81' lang='lat' dir='ltr'><strong>fatear,</strong></span> <span class='ocrx_word' id='word_1_163' title='bbox 1133 1551 1158 1592; x_wconf 86' lang='lat' dir='ltr'><strong>et</strong></span> <span class='ocrx_word' id='word_1_164' title='bbox 1176 1542 1241 1607; x_wconf 89' lang='lat' dir='ltr'><strong>qnod</strong></span> <span class='ocrx_word' id='word_1_165' title='bbox 1258 1542 1334 1592; x_wconf 91' lang='lat' dir='ltr'><strong>nolim</strong></span> <span class='ocrx_word' id='word_1_166' title='bbox 1352 1544 1378 1592; x_wconf 92' lang='lat' dir='ltr'><strong>iu</strong></span> <span class='ocrx_word' id='word_1_167' title='bbox 1396 1542 1497 1591; x_wconf 89' lang='lat' dir='ltr'><strong>autoris</strong></span> <span class='ocrx_word' id='word_1_168' title='bbox 1519 1545 1687 1590; x_wconf 83' lang='lat' dir='ltr'><strong>contemtum</strong></span> 
     </span>
     <span class='ocr_line' id='line_1_17' title="bbox 297 1612 1684 1680; baseline -0.005 -13"><span class='ocrx_word' id='word_1_169' title='bbox 297 1623 342 1668; x_wconf 85' lang='lat' dir='ltr'><strong>aut</strong></span> <span class='ocrx_word' id='word_1_170' title='bbox 367 1615 582 1680; x_wconf 81' lang='lat' dir='ltr'><strong>reprehensionem</strong></span> <span class='ocrx_word' id='word_1_171' title='bbox 607 1614 717 1667; x_wconf 85' lang='lat' dir='ltr'><strong>dictum.</strong></span> <span class='ocrx_word' id='word_1_172' title='bbox 743 1621 836 1676; x_wconf 84' lang='lat' dir='ltr'><strong>quanto</strong></span> <span class='ocrx_word' id='word_1_173' title='bbox 860 1629 916 1663; x_wconf 90' lang='lat' dir='ltr'><strong>cum</strong></span> <span class='ocrx_word' id='word_1_174' title='bbox 933 1617 1028 1676; x_wconf 87' lang='lat' dir='ltr'><strong>majore</strong></span> <span class='ocrx_word' id='word_1_175' title='bbox 1046 1621 1138 1663; x_wconf 86' lang='lat' dir='ltr'><strong>conatu</strong></span> <span class='ocrx_word' id='word_1_176' title='bbox 1156 1629 1242 1664; x_wconf 86' lang='lat' dir='ltr'><strong>uersos</strong></span> <span class='ocrx_word' id='word_1_177' title='bbox 1265 1613 1394 1663; x_wconf 87' lang='lat' dir='ltr'><strong>intendere</strong></span> <span class='ocrx_word' id='word_1_178' title='bbox 1422 1612 1568 1675; x_wconf 88' lang='lat' dir='ltr'><strong>cupiebam</strong></span> <span class='ocrx_word' id='word_1_179' title='bbox 1607 1618 1635 1661; x_wconf 89' lang='lat' dir='ltr'><strong>et</strong></span> <span class='ocrx_word' id='word_1_180' title='bbox 1658 1612 1684 1660; x_wconf 89' lang='lat' dir='ltr'><strong>in</strong></span> 
     </span>
     <span class='ocr_line' id='line_1_18' title="bbox 295 1683 1684 1752; baseline -0.004 -16"><span class='ocrx_word' id='word_1_181' title='bbox 295 1686 402 1752; x_wconf 90' lang='lat' dir='ltr'><strong>legendo</strong></span> <span class='ocrx_word' id='word_1_182' title='bbox 420 1699 531 1751; x_wconf 78' lang='lat' dir='ltr'><strong>pergere,</strong></span> <span class='ocrx_word' id='word_1_183' title='bbox 550 1691 621 1733; x_wconf 84' lang='lat' dir='ltr'><strong>tento</strong></span> <span class='ocrx_word' id='word_1_184' title='bbox 639 1683 779 1748; x_wconf 78' lang='lat' dir='ltr'><strong>languidior</strong></span> <span class='ocrx_word' id='word_1_185' title='bbox 796 1685 886 1744; x_wconf 73' lang='lat' dir='ltr'><strong>incuss,</strong></span> <span class='ocrx_word' id='word_1_186' title='bbox 906 1687 971 1734; x_wconf 91' lang='lat' dir='ltr'><strong>omni</strong></span> <span class='ocrx_word' id='word_1_187' title='bbox 990 1700 1034 1749; x_wconf 92' lang='lat' dir='ltr'><strong>spe</strong></span> <span class='ocrx_word' id='word_1_188' title='bbox 1052 1686 1185 1735; x_wconf 77' lang='lat' dir='ltr'><strong>frustretur</strong></span> <span class='ocrx_word' id='word_1_189' title='bbox 1202 1685 1245 1734; x_wconf 82' lang='lat' dir='ltr'><strong>tui.</strong></span> <span class='ocrx_word' id='word_1_190' title='bbox 1270 1684 1303 1733; x_wconf 85' lang='lat' dir='ltr'><strong>Et</strong></span> <span class='ocrx_word' id='word_1_191' title='bbox 1321 1685 1341 1733; x_wconf 92' lang='lat' dir='ltr'><strong>si</strong></span> <span class='ocrx_word' id='word_1_192' title='bbox 1354 1698 1457 1734; x_wconf 83' lang='lat' dir='ltr'><strong>causam</strong></span> <span class='ocrx_word' id='word_1_193' title='bbox 1479 1683 1541 1747; x_wconf 86' lang='lat' dir='ltr'><strong>quis</strong></span> <span class='ocrx_word' id='word_1_194' title='bbox 1563 1688 1684 1745; x_wconf 86' lang='lat' dir='ltr'><strong>quaerat,</strong></span> 
     </span>
     <span class='ocr_line' id='line_1_19' title="bbox 297 1753 1682 1822; baseline -0.005 -14"><span class='ocrx_word' id='word_1_195' title='bbox 297 1757 409 1822; x_wconf 87' lang='lat' dir='ltr'><strong>equidem</strong></span> <span class='ocrx_word' id='word_1_196' title='bbox 428 1757 501 1806; x_wconf 85' lang='lat' dir='ltr'><strong>aliter</strong></span> <span class='ocrx_word' id='word_1_197' title='bbox 517 1755 666 1818; x_wconf 87' lang='lat' dir='ltr'><strong>respondere</strong></span> <span class='ocrx_word' id='word_1_198' title='bbox 683 1769 732 1803; x_wconf 91' lang='lat' dir='ltr'><strong>uon</strong></span> <span class='ocrx_word' id='word_1_199' title='bbox 750 1757 849 1817; x_wconf 88' lang='lat' dir='ltr'><strong>possim,</strong></span> <span class='ocrx_word' id='word_1_200' title='bbox 869 1769 944 1819; x_wconf 84' lang='lat' dir='ltr'><strong>quam</strong></span> <span class='ocrx_word' id='word_1_201' title='bbox 962 1757 1026 1820; x_wconf 84' lang='lat' dir='ltr'><strong>quod</strong></span> <span class='ocrx_word' id='word_1_202' title='bbox 1044 1757 1171 1808; x_wconf 87' lang='lat' dir='ltr'><strong>minimam</strong></span> <span class='ocrx_word' id='word_1_203' title='bbox 1190 1756 1279 1805; x_wconf 88' lang='lat' dir='ltr'><strong>harum</strong></span> <span class='ocrx_word' id='word_1_204' title='bbox 1297 1769 1378 1804; x_wconf 91' lang='lat' dir='ltr'><strong>rerum</strong></span> <span class='ocrx_word' id='word_1_205' title='bbox 1396 1760 1500 1818; x_wconf 87' lang='lat' dir='ltr'><strong>partem</strong></span> <span class='ocrx_word' id='word_1_206' title='bbox 1521 1753 1682 1817; x_wconf 83' lang='lat' dir='ltr'><strong>intelligam.</strong></span> 
     </span>
     <span class='ocr_line' id='line_1_20' title="bbox 298 1824 1681 1892; baseline -0.004 -14"><span class='ocrx_word' id='word_1_207' title='bbox 298 1837 323 1878; x_wconf 90' lang='lat' dir='ltr'><strong>et</strong></span> <span class='ocrx_word' id='word_1_208' title='bbox 341 1826 406 1892; x_wconf 89' lang='lat' dir='ltr'><strong>quod</strong></span> <span class='ocrx_word' id='word_1_209' title='bbox 424 1828 570 1883; x_wconf 71' lang='lat' dir='ltr'><strong>emsamem,</strong></span> <span class='ocrx_word' id='word_1_210' title='bbox 588 1826 652 1875; x_wconf 88' lang='lat' dir='ltr'><strong>haec</strong></span> <span class='ocrx_word' id='word_1_211' title='bbox 670 1839 687 1874; x_wconf 90' lang='lat' dir='ltr'><strong>a</strong></span> <span class='ocrx_word' id='word_1_212' title='bbox 704 1839 778 1889; x_wconf 86' lang='lat' dir='ltr'><strong>scopo</strong></span> <span class='ocrx_word' id='word_1_213' title='bbox 796 1828 962 1876; x_wconf 72' lang='lat' dir='ltr'><strong>astronomiae</strong></span> <span class='ocrx_word' id='word_1_214' title='bbox 980 1827 1090 1876; x_wconf 88' lang='lat' dir='ltr'><strong>nonnihil</strong></span> <span class='ocrx_word' id='word_1_215' title='bbox 1110 1827 1241 1883; x_wconf 87' lang='lat' dir='ltr'><strong>aberrare,</strong></span> <span class='ocrx_word' id='word_1_216' title='bbox 1261 1826 1299 1875; x_wconf 82' lang='lat' dir='ltr'><strong>sel</strong></span> <span class='ocrx_word' id='word_1_217' title='bbox 1320 1828 1401 1889; x_wconf 89' lang='lat' dir='ltr'><strong>potius</strong></span> <span class='ocrx_word' id='word_1_218' title='bbox 1419 1825 1453 1874; x_wconf 84' lang='lat' dir='ltr'><strong>ad</strong></span> <span class='ocrx_word' id='word_1_219' title='bbox 1464 1824 1611 1888; x_wconf 85' lang='lat' dir='ltr'><strong>physicam</strong></span> <span class='ocrx_word' id='word_1_220' title='bbox 1624 1838 1681 1887; x_wconf 89' lang='lat' dir='ltr'><strong>per·</strong></span> 
     </span>
     <span class='ocr_line' id='line_1_21' title="bbox 296 1894 1680 1963; baseline -0.004 -14"><span class='ocrx_word' id='word_1_221' title='bbox 296 1899 384 1953; x_wconf 84' lang='lat' dir='ltr'><strong>tinere.</strong></span> <span class='ocrx_word' id='word_1_222' title='bbox 403 1912 468 1963; x_wconf 85' lang='lat' dir='ltr'><strong>quae</strong></span> <span class='ocrx_word' id='word_1_223' title='bbox 486 1905 652 1947; x_wconf 87' lang='lat' dir='ltr'><strong>astronomum</strong></span> <span class='ocrx_word' id='word_1_224' title='bbox 670 1912 719 1945; x_wconf 92' lang='lat' dir='ltr'><strong>uon</strong></span> <span class='ocrx_word' id='word_1_225' title='bbox 738 1897 789 1946; x_wconf 91' lang='lat' dir='ltr'><strong>iere</strong></span> <span class='ocrx_word' id='word_1_226' title='bbox 807 1897 858 1947; x_wconf 92' lang='lat' dir='ltr'><strong>ulla</strong></span> <span class='ocrx_word' id='word_1_227' title='bbox 876 1898 901 1946; x_wconf 91' lang='lat' dir='ltr'><strong>in</strong></span> <span class='ocrx_word' id='word_1_228' title='bbox 919 1913 946 1946; x_wconf 93' lang='lat' dir='ltr'><strong>re</strong></span> <span class='ocrx_word' id='word_1_229' title='bbox 962 1900 1049 1960; x_wconf 82' lang='lat' dir='ltr'><strong>juvare</strong></span> <span class='ocrx_word' id='word_1_230' title='bbox 1066 1906 1178 1960; x_wconf 84' lang='lat' dir='ltr'><strong>possunt.</strong></span> <span class='ocrx_word' id='word_1_231' title='bbox 1216 1897 1278 1946; x_wconf 90' lang='lat' dir='ltr'><strong>Puto</strong></span> <span class='ocrx_word' id='word_1_232' title='bbox 1302 1899 1327 1945; x_wconf 93' lang='lat' dir='ltr'><strong>in</strong></span> <span class='ocrx_word' id='word_1_233' title='bbox 1346 1897 1501 1960; x_wconf 84' lang='lat' dir='ltr'><strong>disciplinis,</strong></span> <span class='ocrx_word' id='word_1_234' title='bbox 1523 1894 1551 1944; x_wconf 90' lang='lat' dir='ltr'><strong>h.</strong></span> <span class='ocrx_word' id='word_1_235' title='bbox 1574 1910 1599 1945; x_wconf 86' lang='lat' dir='ltr'><strong>a.</strong></span> <span class='ocrx_word' id='word_1_236' title='bbox 1619 1909 1680 1959; x_wconf 89' lang='lat' dir='ltr'><strong>geo·</strong></span> 
     </span>
     <span class='ocr_line' id='line_1_22' title="bbox 296 1965 1679 2032; baseline -0.002 -13"><span class='ocrx_word' id='word_1_237' title='bbox 296 1970 405 2020; x_wconf 87' lang='lat' dir='ltr'><strong>metricis</strong></span> <span class='ocrx_word' id='word_1_238' title='bbox 423 1975 449 2018; x_wconf 91' lang='lat' dir='ltr'><strong>et</strong></span> <span class='ocrx_word' id='word_1_239' title='bbox 467 1968 640 2025; x_wconf 81' lang='lat' dir='ltr'><strong>arithmeticis,</strong></span> <span class='ocrx_word' id='word_1_240' title='bbox 663 1968 772 2030; x_wconf 90' lang='lat' dir='ltr'><strong>inprimis</strong></span> <span class='ocrx_word' id='word_1_241' title='bbox 790 1969 921 2017; x_wconf 86' lang='lat' dir='ltr'><strong>scientiam</strong></span> <span class='ocrx_word' id='word_1_242' title='bbox 938 1983 982 2031; x_wconf 89' lang='lat' dir='ltr'><strong>par</strong></span> <span class='ocrx_word' id='word_1_243' title='bbox 999 1984 1026 2017; x_wconf 91' lang='lat' dir='ltr'><strong>se</strong></span> <span class='ocrx_word' id='word_1_244' title='bbox 1045 1968 1123 2018; x_wconf 91' lang='lat' dir='ltr'><strong>solam</strong></span> <span class='ocrx_word' id='word_1_245' title='bbox 1141 1971 1248 2032; x_wconf 89' lang='lat' dir='ltr'><strong>spectari</strong></span> <span class='ocrx_word' id='word_1_246' title='bbox 1266 1967 1372 2026; x_wconf 88' lang='lat' dir='ltr'><strong>debere,</strong></span> <span class='ocrx_word' id='word_1_247' title='bbox 1400 1974 1427 2017; x_wconf 93' lang='lat' dir='ltr'><strong>et</strong></span> <span class='ocrx_word' id='word_1_248' title='bbox 1454 1965 1679 2016; x_wconf 87' lang='lat' dir='ltr'><strong>mathematicum</strong></span> 
     </span>
     <span class='ocr_line' id='line_1_23' title="bbox 297 2037 1680 2103; baseline -0.002 -13"><span class='ocrx_word' id='word_1_249' title='bbox 297 2054 329 2090; x_wconf 89' lang='lat' dir='ltr'><strong>ea</strong></span> <span class='ocrx_word' id='word_1_250' title='bbox 346 2042 401 2103; x_wconf 89' lang='lat' dir='ltr'><strong>ipsa</strong></span> <span class='ocrx_word' id='word_1_251' title='bbox 418 2041 524 2090; x_wconf 89' lang='lat' dir='ltr'><strong>scientia</strong></span> <span class='ocrx_word' id='word_1_252' title='bbox 542 2045 685 2088; x_wconf 87' lang='lat' dir='ltr'><strong>contentum</strong></span> <span class='ocrx_word' id='word_1_253' title='bbox 704 2053 758 2087; x_wconf 84' lang='lat' dir='ltr'><strong>esse</strong></span> <span class='ocrx_word' id='word_1_254' title='bbox 777 2054 864 2101; x_wconf 83' lang='lat' dir='ltr'><strong>posse;</strong></span> <span class='ocrx_word' id='word_1_255' title='bbox 891 2047 919 2088; x_wconf 90' lang='lat' dir='ltr'><strong>at</strong></span> <span class='ocrx_word' id='word_1_256' title='bbox 946 2054 1002 2088; x_wconf 88' lang='lat' dir='ltr'><strong>raro</strong></span> <span class='ocrx_word' id='word_1_257' title='bbox 1020 2041 1046 2088; x_wconf 92' lang='lat' dir='ltr'><strong>in</strong></span> <span class='ocrx_word' id='word_1_258' title='bbox 1066 2040 1159 2089; x_wconf 73' lang='lat' dir='ltr'><strong>nebus</strong></span> <span class='ocrx_word' id='word_1_259' title='bbox 1177 2054 1249 2088; x_wconf 90' lang='lat' dir='ltr'><strong>usum</strong></span> <span class='ocrx_word' id='word_1_260' title='bbox 1272 2039 1395 2103; x_wconf 85' lang='lat' dir='ltr'><strong>spectari,</strong></span> <span class='ocrx_word' id='word_1_261' title='bbox 1423 2039 1478 2087; x_wconf 90' lang='lat' dir='ltr'><strong>siue</strong></span> <span class='ocrx_word' id='word_1_262' title='bbox 1499 2052 1553 2100; x_wconf 89' lang='lat' dir='ltr'><strong>quo</strong></span> <span class='ocrx_word' id='word_1_263' title='bbox 1582 2037 1680 2087; x_wconf 78' lang='lat' dir='ltr'><strong>trustra</strong></span> 
     </span>
     <span class='ocr_line' id='line_1_24' title="bbox 297 2107 1678 2173; baseline -0.004 -12"><span class='ocrx_word' id='word_1_264' title='bbox 297 2111 387 2161; x_wconf 88' lang='lat' dir='ltr'><strong>artium</strong></span> <span class='ocrx_word' id='word_1_265' title='bbox 405 2110 532 2160; x_wconf 88' lang='lat' dir='ltr'><strong>doctrinae</strong></span> <span class='ocrx_word' id='word_1_266' title='bbox 550 2111 723 2173; x_wconf 85' lang='lat' dir='ltr'><strong>suscipiuntur.</strong></span> <span class='ocrx_word' id='word_1_267' title='bbox 761 2107 827 2168; x_wconf 84' lang='lat' dir='ltr'><strong>Quia</strong></span> <span class='ocrx_word' id='word_1_268' title='bbox 845 2117 930 2160; x_wconf 90' lang='lat' dir='ltr'><strong>autem</strong></span> <span class='ocrx_word' id='word_1_269' title='bbox 949 2111 1108 2166; x_wconf 87' lang='lat' dir='ltr'><strong>astronomia,</strong></span> <span class='ocrx_word' id='word_1_270' title='bbox 1128 2110 1260 2159; x_wconf 83' lang='lat' dir='ltr'><strong>Aristotele</strong></span> <span class='ocrx_word' id='word_1_271' title='bbox 1278 2116 1356 2166; x_wconf 88' lang='lat' dir='ltr'><strong>teste,</strong></span> <span class='ocrx_word' id='word_1_272' title='bbox 1376 2109 1409 2159; x_wconf 86' lang='lat' dir='ltr'><strong>ad</strong></span> <span class='ocrx_word' id='word_1_273' title='bbox 1426 2108 1568 2172; x_wconf 79' lang='lat' dir='ltr'><strong>physicam</strong></span> <span class='ocrx_word' id='word_1_274' title='bbox 1593 2109 1678 2172; x_wconf 86' lang='lat' dir='ltr'><strong>magis</strong></span> 
     </span>
     <span class='ocr_line' id='line_1_25' title="bbox 296 2178 1677 2244; baseline -0.002 -13"><span class='ocrx_word' id='word_1_275' title='bbox 296 2181 414 2236; x_wconf 83' lang='lat' dir='ltr'><strong>inclinat,</strong></span> <span class='ocrx_word' id='word_1_276' title='bbox 431 2195 479 2231; x_wconf 87' lang='lat' dir='ltr'><strong>nec</strong></span> <span class='ocrx_word' id='word_1_277' title='bbox 496 2182 606 2231; x_wconf 89' lang='lat' dir='ltr'><strong>scientiis</strong></span> <span class='ocrx_word' id='word_1_278' title='bbox 623 2194 667 2243; x_wconf 92' lang='lat' dir='ltr'><strong>per</strong></span> <span class='ocrx_word' id='word_1_279' title='bbox 685 2195 712 2229; x_wconf 90' lang='lat' dir='ltr'><strong>se</strong></span> <span class='ocrx_word' id='word_1_280' title='bbox 731 2182 888 2231; x_wconf 75' lang='lat' dir='ltr'><strong>munerari</strong></span> <span class='ocrx_word' id='word_1_281' title='bbox 906 2187 1005 2244; x_wconf 83' lang='lat' dir='ltr'><strong>potest.</strong></span> <span class='ocrx_word' id='word_1_282' title='bbox 1025 2188 1136 2244; x_wconf 83' lang='lat' dir='ltr'><strong>oportet,</strong></span> <span class='ocrx_word' id='word_1_283' title='bbox 1154 2189 1233 2244; x_wconf 87' lang='lat' dir='ltr'><strong>puto,</strong></span> <span class='ocrx_word' id='word_1_284' title='bbox 1256 2188 1284 2230; x_wconf 91' lang='lat' dir='ltr'><strong>ut</strong></span> <span class='ocrx_word' id='word_1_285' title='bbox 1303 2189 1457 2231; x_wconf 81' lang='lat' dir='ltr'><strong>astronomus</strong></span> <span class='ocrx_word' id='word_1_286' title='bbox 1475 2192 1530 2228; x_wconf 85' lang='lat' dir='ltr'><strong>sua</strong></span> <span class='ocrx_word' id='word_1_287' title='bbox 1550 2178 1677 2244; x_wconf 87' lang='lat' dir='ltr'><strong>dogmata</strong></span> 
     </span>
     <span class='ocr_line' id='line_1_26' title="bbox 297 2250 1674 2316; baseline -0.002 -14"><span class='ocrx_word' id='word_1_288' title='bbox 297 2252 329 2302; x_wconf 87' lang='lat' dir='ltr'><strong>ad</strong></span> <span class='ocrx_word' id='word_1_289' title='bbox 348 2267 419 2315; x_wconf 86' lang='lat' dir='ltr'><strong>usum</strong></span> <span class='ocrx_word' id='word_1_290' title='bbox 436 2252 587 2312; x_wconf 82' lang='lat' dir='ltr'><strong>transierat,</strong></span> <span class='ocrx_word' id='word_1_291' title='bbox 612 2257 641 2301; x_wconf 88' lang='lat' dir='ltr'><strong>ut</strong></span> <span class='ocrx_word' id='word_1_292' title='bbox 666 2265 701 2300; x_wconf 89' lang='lat' dir='ltr'><strong>sc.</strong></span> <span class='ocrx_word' id='word_1_293' title='bbox 720 2250 901 2314; x_wconf 86' lang='lat' dir='ltr'><strong>phaenomena,</strong></span> <span class='ocrx_word' id='word_1_294' title='bbox 927 2253 1003 2301; x_wconf 92' lang='lat' dir='ltr'><strong>oculis</strong></span> <span class='ocrx_word' id='word_1_295' title='bbox 1031 2259 1057 2301; x_wconf 91' lang='lat' dir='ltr'><strong>et</strong></span> <span class='ocrx_word' id='word_1_296' title='bbox 1075 2267 1150 2301; x_wconf 90' lang='lat' dir='ltr'><strong>sensu</strong></span> <span class='ocrx_word' id='word_1_297' title='bbox 1167 2259 1302 2316; x_wconf 83' lang='lat' dir='ltr'><strong>percepta,</strong></span> <span class='ocrx_word' id='word_1_298' title='bbox 1330 2253 1380 2300; x_wconf 91' lang='lat' dir='ltr'><strong>suis</strong></span> <span class='ocrx_word' id='word_1_299' title='bbox 1405 2251 1593 2314; x_wconf 85' lang='lat' dir='ltr'><strong>hypothesibus</strong></span> <span class='ocrx_word' id='word_1_300' title='bbox 1614 2264 1674 2299; x_wconf 82' lang='lat' dir='ltr'><strong>nou-</strong></span> 
     </span>
     <span class='ocr_line' id='line_1_27' title="bbox 293 2323 1279 2390; baseline -0.002 -18"><span class='ocrx_word' id='word_1_301' title='bbox 293 2330 395 2390; x_wconf 85' lang='lat' dir='ltr'><strong>gruant,</strong></span> <span class='ocrx_word' id='word_1_302' title='bbox 415 2337 446 2374; x_wconf 89' lang='lat' dir='ltr'><strong>ac</strong></span> <span class='ocrx_word' id='word_1_303' title='bbox 465 2324 500 2373; x_wconf 93' lang='lat' dir='ltr'><strong>sio</strong></span> <span class='ocrx_word' id='word_1_304' title='bbox 519 2337 550 2373; x_wconf 86' lang='lat' dir='ltr'><strong>ax</strong></span> <span class='ocrx_word' id='word_1_305' title='bbox 568 2329 638 2372; x_wconf 90' lang='lat' dir='ltr'><strong>certa</strong></span> <span class='ocrx_word' id='word_1_306' title='bbox 656 2336 734 2372; x_wconf 84' lang='lat' dir='ltr'><strong>causa</strong></span> <span class='ocrx_word' id='word_1_307' title='bbox 751 2323 797 2371; x_wconf 89' lang='lat' dir='ltr'><strong>tali</strong></span> <span class='ocrx_word' id='word_1_308' title='bbox 815 2329 926 2372; x_wconf 90' lang='lat' dir='ltr'><strong>motuum</strong></span> <span class='ocrx_word' id='word_1_309' title='bbox 944 2323 1086 2372; x_wconf 69' lang='lat' dir='ltr'><strong>diserimrm</strong></span> <span class='ocrx_word' id='word_1_310' title='bbox 1104 2323 1279 2386; x_wconf 86' lang='lat' dir='ltr'><strong>perducantur.</strong></span> 
     </span>
    </p>
   </div>
   <div class='ocr_carea' id='block_1_3' title="bbox 294 2407 1673 2546">
    <p class='ocr_par' dir='ltr' id='par_1_5' title="bbox 294 2407 1673 2546">
     <span class='ocr_line' id='line_1_28' title="bbox 364 2407 1673 2477; baseline -0.003 -17"><span class='ocrx_word' id='word_1_311' title='bbox 364 2410 414 2460; x_wconf 90' lang='lat' dir='ltr'><strong>Illa</strong></span> <span class='ocrx_word' id='word_1_312' title='bbox 439 2425 496 2460; x_wconf 85' lang='lat' dir='ltr'><strong>raro</strong></span> <span class='ocrx_word' id='word_1_313' title='bbox 523 2411 659 2474; x_wconf 86' lang='lat' dir='ltr'><strong>speculatio</strong></span> <span class='ocrx_word' id='word_1_314' title='bbox 685 2425 812 2474; x_wconf 89' lang='lat' dir='ltr'><strong>corporum</strong></span> <span class='ocrx_word' id='word_1_315' title='bbox 836 2412 986 2477; x_wconf 73' lang='lat' dir='ltr'><strong>regularium</strong></span> <span class='ocrx_word' id='word_1_316' title='bbox 1012 2410 1070 2475; x_wconf 89' lang='lat' dir='ltr'><strong>quid</strong></span> <span class='ocrx_word' id='word_1_317' title='bbox 1104 2425 1196 2474; x_wconf 84' lang='lat' dir='ltr'><strong>quaeso</strong></span> <span class='ocrx_word' id='word_1_318' title='bbox 1220 2411 1253 2460; x_wconf 85' lang='lat' dir='ltr'><strong>sd</strong></span> <span class='ocrx_word' id='word_1_319' title='bbox 1281 2412 1456 2461; x_wconf 59' lang='lat' dir='ltr'><strong>weunmiam</strong></span> <span class='ocrx_word' id='word_1_320' title='bbox 1475 2407 1600 2460; x_wconf 65' lang='lat' dir='ltr'><strong>consen?</strong></span> <span class='ocrx_word' id='word_1_321' title='bbox 1638 2408 1673 2457; x_wconf 79' lang='lat' dir='ltr'><strong>At</strong></span> 
     </span>
     <span class='ocr_line' id='line_1_29' title="bbox 294 2478 1672 2546; baseline 0 -16"><span class='ocrx_word' id='word_1_322' title='bbox 294 2478 398 2546; x_wconf 86' lang='lat' dir='ltr'><strong>(inquit)</strong></span> <span class='ocrx_word' id='word_1_323' title='bbox 425 2482 459 2531; x_wconf 89' lang='lat' dir='ltr'><strong>ad</strong></span> <span class='ocrx_word' id='word_1_324' title='bbox 483 2482 592 2532; x_wconf 87' lang='lat' dir='ltr'><strong>ordinem</strong></span> <span class='ocrx_word' id='word_1_325' title='bbox 618 2497 662 2532; x_wconf 88' lang='lat' dir='ltr'><strong>seu</strong></span> <span class='ocrx_word' id='word_1_326' title='bbox 684 2482 881 2546; x_wconf 73' lang='lat' dir='ltr'><strong>magnitudinem</strong></span> <span class='ocrx_word' id='word_1_327' title='bbox 905 2483 998 2532; x_wconf 87' lang='lat' dir='ltr'><strong>orbium</strong></span> <span class='ocrx_word' id='word_1_328' title='bbox 1017 2481 1159 2530; x_wconf 88' lang='lat' dir='ltr'><strong>coelestium</strong></span> <span class='ocrx_word' id='word_1_329' title='bbox 1179 2481 1346 2531; x_wconf 85' lang='lat' dir='ltr'><strong>definiendam</strong></span> <span class='ocrx_word' id='word_1_330' title='bbox 1370 2481 1487 2544; x_wconf 89' lang='lat' dir='ltr'><strong>prodesse</strong></span> <span class='ocrx_word' id='word_1_331' title='bbox 1507 2485 1617 2544; x_wconf 87' lang='lat' dir='ltr'><strong>potast;</strong></span> <span class='ocrx_word' id='word_1_332' title='bbox 1636 2502 1672 2512; x_wconf 93' lang='grc'>-</span> 
     </span>
    </p>
   </div>
   <div class='ocr_carea' id='block_1_4' title="bbox 293 2552 1786 2619">
    <p class='ocr_par' dir='ltr' id='par_1_6' title="bbox 293 2552 1786 2619">
     <span class='ocr_line' id='line_1_30' title="bbox 293 2552 1786 2619; baseline -0.003 -15"><span class='ocrx_word' id='word_1_333' title='bbox 293 2566 356 2604; x_wconf 80' lang='lat' dir='ltr'><strong>saue</strong></span> <span class='ocrx_word' id='word_1_334' title='bbox 373 2567 404 2604; x_wconf 82' lang='lat' dir='ltr'><strong>eu</strong></span> <span class='ocrx_word' id='word_1_335' title='bbox 422 2553 471 2602; x_wconf 86' lang='lat' dir='ltr'><strong>alio</strong></span> <span class='ocrx_word' id='word_1_336' title='bbox 488 2553 665 2609; x_wconf 78' lang='lat' dir='ltr'><strong>fundamento.</strong></span> <span class='ocrx_word' id='word_1_337' title='bbox 694 2568 725 2603; x_wconf 84' lang='lat' dir='ltr'><strong>eu</strong></span> <span class='ocrx_word' id='word_1_338' title='bbox 749 2553 961 2603; x_wconf 77' lang='lat' dir='ltr'><strong>obsenationibus</strong></span> <span class='ocrx_word' id='word_1_339' title='bbox 988 2553 1084 2603; x_wconf 87' lang='lat' dir='ltr'><strong>scilicet</strong></span> <span class='ocrx_word' id='word_1_340' title='bbox 1108 2559 1134 2602; x_wconf 90' lang='lat' dir='ltr'><strong>et</strong></span> <span class='ocrx_word' id='word_1_341' title='bbox 1158 2566 1175 2602; x_wconf 90' lang='lat' dir='ltr'><strong>a</strong></span> <span class='ocrx_word' id='word_1_342' title='bbox 1192 2554 1326 2617; x_wconf 74' lang='lat' dir='ltr'><strong>pertenere</strong></span> <span class='ocrx_word' id='word_1_343' title='bbox 1349 2552 1443 2601; x_wconf 91' lang='lat' dir='ltr'><strong>orbium</strong></span> <span class='ocrx_word' id='word_1_344' title='bbox 1462 2552 1610 2601; x_wconf 57' lang='lat' dir='ltr'><strong>&amp;antiae</strong></span> <span class='ocrx_word' id='word_1_345' title='bbox 1628 2565 1670 2600; x_wconf 90' lang='lat' dir='ltr'><strong>su·</strong></span> <span class='ocrx_word' id='word_1_346' title='bbox 1778 2610 1786 2619; x_wconf 46' lang='grc'><strong>,</strong></span> 
     </span>
    </p>
   </div>
   <div class='ocr_carea' id='block_1_5' title="bbox 287 2622 1750 4979">
    <p class='ocr_par' dir='ltr' id='par_1_7' title="bbox 290 2622 1670 2958">
     <span class='ocr_line' id='line_1_31' title="bbox 292 2622 1670 2689; baseline -0.004 -13"><span class='ocrx_word' id='word_1_347' title='bbox 292 2624 400 2676; x_wconf 79' lang='lat' dir='ltr'><strong>mendae</strong></span> <span class='ocrx_word' id='word_1_348' title='bbox 417 2631 493 2682; x_wconf 85' lang='lat' dir='ltr'><strong>sunt;</strong></span> <span class='ocrx_word' id='word_1_349' title='bbox 516 2624 556 2673; x_wconf 90' lang='lat' dir='ltr'><strong>his</strong></span> <span class='ocrx_word' id='word_1_350' title='bbox 572 2639 629 2674; x_wconf 82' lang='lat' dir='ltr'><strong>vero</strong></span> <span class='ocrx_word' id='word_1_351' title='bbox 647 2624 768 2678; x_wconf 81' lang='lat' dir='ltr'><strong>delinitis,</strong></span> <span class='ocrx_word' id='word_1_352' title='bbox 788 2631 928 2689; x_wconf 70' lang='lat' dir='ltr'><strong>neumam</strong></span> <span class='ocrx_word' id='word_1_353' title='bbox 948 2639 996 2675; x_wconf 88' lang='lat' dir='ltr'><strong>nec</strong></span> <span class='ocrx_word' id='word_1_354' title='bbox 1013 2639 1046 2674; x_wconf 95' lang='lat' dir='ltr'><strong>ne</strong></span> <span class='ocrx_word' id='word_1_355' title='bbox 1064 2639 1166 2687; x_wconf 84' lang='lat' dir='ltr'><strong>corpora</strong></span> <span class='ocrx_word' id='word_1_356' title='bbox 1183 2624 1321 2688; x_wconf 85' lang='lat' dir='ltr'><strong>regularia,</strong></span> <span class='ocrx_word' id='word_1_357' title='bbox 1348 2623 1407 2688; x_wconf 85' lang='lat' dir='ltr'><strong>quid</strong></span> <span class='ocrx_word' id='word_1_358' title='bbox 1423 2622 1522 2673; x_wconf 83' lang='lat' dir='ltr'><strong>reiert‘l</strong></span> <span class='ocrx_word' id='word_1_359' title='bbox 1562 2622 1593 2673; x_wconf 85' lang='lat' dir='ltr'><strong>Si</strong></span> <span class='ocrx_word' id='word_1_360' title='bbox 1611 2636 1670 2672; x_wconf 88' lang='lat' dir='ltr'><strong>raro</strong></span> 
     </span>
     <span class='ocr_line' id='line_1_32' title="bbox 292 2693 1670 2759; baseline 0.001 -15"><span class='ocrx_word' id='word_1_361' title='bbox 292 2701 367 2759; x_wconf 90' lang='lat' dir='ltr'><strong>putat</strong></span> <span class='ocrx_word' id='word_1_362' title='bbox 387 2693 435 2744; x_wconf 90' lang='lat' dir='ltr'><strong>hoc</strong></span> <span class='ocrx_word' id='word_1_363' title='bbox 456 2701 577 2759; x_wconf 66' lang='lat' dir='ltr'><strong>unquam</strong></span> <span class='ocrx_word' id='word_1_364' title='bbox 601 2696 719 2759; x_wconf 86' lang='lat' dir='ltr'><strong>principio</strong></span> <span class='ocrx_word' id='word_1_365' title='bbox 737 2696 833 2757; x_wconf 84' lang='lat' dir='ltr'><strong>posite,</strong></span> <span class='ocrx_word' id='word_1_366' title='bbox 851 2703 878 2746; x_wconf 90' lang='lat' dir='ltr'><strong>et</strong></span> <span class='ocrx_word' id='word_1_367' title='bbox 895 2697 1079 2745; x_wconf 76' lang='lat' dir='ltr'><strong>observatimes</strong></span> <span class='ocrx_word' id='word_1_368' title='bbox 1102 2703 1128 2743; x_wconf 91' lang='lat' dir='ltr'><strong>et</strong></span> <span class='ocrx_word' id='word_1_369' title='bbox 1151 2695 1274 2744; x_wconf 81' lang='lat' dir='ltr'><strong>calcidam</strong></span> <span class='ocrx_word' id='word_1_370' title='bbox 1302 2695 1335 2744; x_wconf 87' lang='lat' dir='ltr'><strong>ad</strong></span> <span class='ocrx_word' id='word_1_371' title='bbox 1361 2695 1387 2743; x_wconf 90' lang='lat' dir='ltr'><strong>id</strong></span> <span class='ocrx_word' id='word_1_372' title='bbox 1412 2693 1577 2744; x_wconf 87' lang='lat' dir='ltr'><strong>limitandum</strong></span> <span class='ocrx_word' id='word_1_373' title='bbox 1604 2705 1670 2747; x_wconf 75' lang='lat' dir='ltr'><strong>ease.</strong></span> 
     </span>
     <span class='ocr_line' id='line_1_33' title="bbox 292 2764 1666 2830; baseline -0.004 -14"><span class='ocrx_word' id='word_1_374' title='bbox 292 2766 339 2816; x_wconf 89' lang='lat' dir='ltr'><strong>hou</strong></span> <span class='ocrx_word' id='word_1_375' title='bbox 357 2766 469 2816; x_wconf 85' lang='lat' dir='ltr'><strong>existimo</strong></span> <span class='ocrx_word' id='word_1_376' title='bbox 495 2774 653 2829; x_wconf 90' lang='lat' dir='ltr'><strong>praepostero</strong></span> <span class='ocrx_word' id='word_1_377' title='bbox 678 2766 763 2816; x_wconf 90' lang='lat' dir='ltr'><strong>ordine</strong></span> <span class='ocrx_word' id='word_1_378' title='bbox 790 2766 860 2823; x_wconf 84' lang='lat' dir='ltr'><strong>lieri,</strong></span> <span class='ocrx_word' id='word_1_379' title='bbox 889 2767 936 2816; x_wconf 90' lang='lat' dir='ltr'><strong>nisi</strong></span> <span class='ocrx_word' id='word_1_380' title='bbox 956 2768 1062 2816; x_wconf 90' lang='lat' dir='ltr'><strong>certiora</strong></span> <span class='ocrx_word' id='word_1_381' title='bbox 1080 2766 1193 2824; x_wconf 83' lang='lat' dir='ltr'><strong>adierat,</strong></span> <span class='ocrx_word' id='word_1_382' title='bbox 1213 2766 1299 2830; x_wconf 87' lang='lat' dir='ltr'><strong>quibus</strong></span> <span class='ocrx_word' id='word_1_383' title='bbox 1322 2764 1387 2814; x_wconf 85' lang='lat' dir='ltr'><strong>haue</strong></span> <span class='ocrx_word' id='word_1_384' title='bbox 1412 2766 1586 2815; x_wconf 83' lang='lat' dir='ltr'><strong>astronomiae</strong></span> <span class='ocrx_word' id='word_1_385' title='bbox 1607 2764 1666 2812; x_wconf 93' lang='lat' dir='ltr'><strong>doc·</strong></span> 
     </span>
     <span class='ocr_line' id='line_1_34' title="bbox 291 2835 1667 2901; baseline -0.001 -15"><span class='ocrx_word' id='word_1_386' title='bbox 291 2837 383 2886; x_wconf 67' lang='lat' dir='ltr'><strong>ffluam</strong></span> <span class='ocrx_word' id='word_1_387' title='bbox 401 2835 546 2896; x_wconf 84' lang='lat' dir='ltr'><strong>confirmet,</strong></span> <span class='ocrx_word' id='word_1_388' title='bbox 565 2850 582 2885; x_wconf 90' lang='lat' dir='ltr'><strong>a</strong></span> <span class='ocrx_word' id='word_1_389' title='bbox 599 2839 679 2900; x_wconf 88' lang='lat' dir='ltr'><strong>priore</strong></span> <span class='ocrx_word' id='word_1_390' title='bbox 696 2837 735 2887; x_wconf 82' lang='lat' dir='ltr'><strong>rel</strong></span> <span class='ocrx_word' id='word_1_391' title='bbox 753 2851 784 2886; x_wconf 85' lang='lat' dir='ltr'><strong>ex</strong></span> <span class='ocrx_word' id='word_1_392' title='bbox 800 2839 926 2901; x_wconf 81' lang='lat' dir='ltr'><strong>principiis</strong></span> <span class='ocrx_word' id='word_1_393' title='bbox 946 2851 1002 2887; x_wconf 92' lang='lat' dir='ltr'><strong>eam</strong></span> <span class='ocrx_word' id='word_1_394' title='bbox 1022 2837 1110 2887; x_wconf 85' lang='lat' dir='ltr'><strong>deduci</strong></span> <span class='ocrx_word' id='word_1_395' title='bbox 1127 2852 1200 2900; x_wconf 91' lang='lat' dir='ltr'><strong>posse</strong></span> <span class='ocrx_word' id='word_1_396' title='bbox 1223 2844 1250 2886; x_wconf 89' lang='lat' dir='ltr'><strong>et</strong></span> <span class='ocrx_word' id='word_1_397' title='bbox 1272 2836 1394 2893; x_wconf 85' lang='lat' dir='ltr'><strong>stabiliri,</strong></span> <span class='ocrx_word' id='word_1_398' title='bbox 1421 2849 1471 2885; x_wconf 91' lang='lat' dir='ltr'><strong>non</strong></span> <span class='ocrx_word' id='word_1_399' title='bbox 1497 2835 1667 2899; x_wconf 83' lang='lat' dir='ltr'><strong>pereuntibus</strong></span> 
     </span>
     <span class='ocr_line' id='line_1_35' title="bbox 290 2908 1361 2958; baseline -0.011 0"><span class='ocrx_word' id='word_1_400' title='bbox 290 2908 512 2958; x_wconf 79' lang='lat' dir='ltr'><strong>ebserratiouibus.</strong></span> <span class='ocrx_word' id='word_1_401' title='bbox 1358 2941 1361 2946; x_wconf 91' lang='lat'>.</span> 
     </span>
    </p>

    <p class='ocr_par' dir='ltr' id='par_1_8' title="bbox 291 2993 1700 3416">
     <span class='ocr_line' id='line_1_36' title="bbox 364 2993 1669 3059; baseline -0.002 -14"><span class='ocrx_word' id='word_1_402' title='bbox 364 2997 400 3045; x_wconf 82' lang='lat' dir='ltr'><strong>At</strong></span> <span class='ocrx_word' id='word_1_403' title='bbox 422 2993 523 3059; x_wconf 87' lang='lat' dir='ltr'><strong>quidem</strong></span> <span class='ocrx_word' id='word_1_404' title='bbox 547 2996 652 3058; x_wconf 88' lang='lat' dir='ltr'><strong>ipsemet</strong></span> <span class='ocrx_word' id='word_1_405' title='bbox 670 2995 809 3057; x_wconf 84' lang='lat' dir='ltr'><strong>Koeplerus</strong></span> <span class='ocrx_word' id='word_1_406' title='bbox 833 2995 931 3045; x_wconf 86' lang='lat' dir='ltr'><strong>ridetur</strong></span> <span class='ocrx_word' id='word_1_407' title='bbox 955 3009 1027 3046; x_wconf 84' lang='lat' dir='ltr'><strong>snam</strong></span> <span class='ocrx_word' id='word_1_408' title='bbox 1044 2996 1110 3046; x_wconf 86' lang='lat' dir='ltr'><strong>hauc</strong></span> <span class='ocrx_word' id='word_1_409' title='bbox 1129 2995 1325 3058; x_wconf 79' lang='lat' dir='ltr'><strong>speculationem</strong></span> <span class='ocrx_word' id='word_1_410' title='bbox 1351 2995 1471 3045; x_wconf 86' lang='lat' dir='ltr'><strong>raiellera.</strong></span> <span class='ocrx_word' id='word_1_411' title='bbox 1510 2994 1582 3045; x_wconf 83' lang='lat' dir='ltr'><strong>Nam</strong></span> <span class='ocrx_word' id='word_1_412' title='bbox 1607 2993 1669 3043; x_wconf 86' lang='lat' dir='ltr'><strong>lieet</strong></span> 
     </span>
     <span class='ocr_line' id='line_1_37' title="bbox 291 3065 1667 3131; baseline -0.001 -15"><span class='ocrx_word' id='word_1_413' title='bbox 291 3068 429 3123; x_wconf 69' lang='lat' dir='ltr'><strong>enishmet,</strong></span> <span class='ocrx_word' id='word_1_414' title='bbox 456 3066 589 3115; x_wconf 86' lang='lat' dir='ltr'><strong>Reinholdi</strong></span> <span class='ocrx_word' id='word_1_415' title='bbox 606 3066 710 3116; x_wconf 85' lang='lat' dir='ltr'><strong>decreta</strong></span> <span class='ocrx_word' id='word_1_416' title='bbox 727 3067 781 3128; x_wconf 89' lang='lat' dir='ltr'><strong>plus</strong></span> <span class='ocrx_word' id='word_1_417' title='bbox 800 3067 845 3116; x_wconf 88' lang='lat' dir='ltr'><strong>sibi</strong></span> <span class='ocrx_word' id='word_1_418' title='bbox 864 3066 1011 3129; x_wconf 82' lang='lat' dir='ltr'><strong>adstipulari</strong></span> <span class='ocrx_word' id='word_1_419' title='bbox 1037 3080 1112 3131; x_wconf 85' lang='lat' dir='ltr'><strong>quam</strong></span> <span class='ocrx_word' id='word_1_420' title='bbox 1131 3067 1274 3130; x_wconf 84' lang='lat' dir='ltr'><strong>Coparniei,</strong></span> <span class='ocrx_word' id='word_1_421' title='bbox 1293 3074 1379 3116; x_wconf 65' lang='lat' dir='ltr'><strong>umen</strong></span> <span class='ocrx_word' id='word_1_422' title='bbox 1396 3081 1429 3116; x_wconf 92' lang='lat' dir='ltr'><strong>ue</strong></span> <span class='ocrx_word' id='word_1_423' title='bbox 1446 3066 1494 3116; x_wconf 89' lang='lat' dir='ltr'><strong>hee</strong></span> <span class='ocrx_word' id='word_1_424' title='bbox 1514 3065 1593 3116; x_wconf 90' lang='lat' dir='ltr'><strong>modo</strong></span> <span class='ocrx_word' id='word_1_425' title='bbox 1612 3078 1667 3114; x_wconf 87' lang='lat' dir='ltr'><strong>eor·</strong></span> 
     </span>
     <span class='ocr_line' id='line_1_38' title="bbox 292 3136 1667 3202; baseline -0.001 -15"><span class='ocrx_word' id='word_1_426' title='bbox 292 3138 390 3202; x_wconf 88' lang='lat' dir='ltr'><strong>poribus</strong></span> <span class='ocrx_word' id='word_1_427' title='bbox 415 3138 569 3202; x_wconf 80' lang='lat' dir='ltr'><strong>regularibus</strong></span> <span class='ocrx_word' id='word_1_428' title='bbox 595 3139 702 3200; x_wconf 90' lang='lat' dir='ltr'><strong>ipsemet</strong></span> <span class='ocrx_word' id='word_1_429' title='bbox 727 3138 820 3186; x_wconf 87' lang='lat' dir='ltr'><strong>latetur</strong></span> <span class='ocrx_word' id='word_1_430' title='bbox 844 3136 978 3186; x_wconf 81' lang='lat' dir='ltr'><strong>distana&#39;as</strong></span> <span class='ocrx_word' id='word_1_431' title='bbox 1001 3139 1140 3187; x_wconf 81' lang='lat' dir='ltr'><strong>convenire.</strong></span> <span class='ocrx_word' id='word_1_432' title='bbox 1178 3140 1211 3187; x_wconf 82' lang='lat' dir='ltr'><strong>Et</strong></span> <span class='ocrx_word' id='word_1_433' title='bbox 1227 3137 1323 3187; x_wconf 87' lang='lat' dir='ltr'><strong>ridetur</strong></span> <span class='ocrx_word' id='word_1_434' title='bbox 1341 3140 1396 3201; x_wconf 85' lang='lat' dir='ltr'><strong>ipsa</strong></span> <span class='ocrx_word' id='word_1_435' title='bbox 1414 3136 1595 3200; x_wconf 85' lang='lat' dir='ltr'><strong>phaenomena</strong></span> <span class='ocrx_word' id='word_1_436' title='bbox 1613 3149 1667 3186; x_wconf 89' lang='lat' dir='ltr'><strong>eor·</strong></span> 
     </span>
     <span class='ocr_line' id='line_1_39' title="bbox 292 3207 1667 3274; baseline -0.001 -16"><span class='ocrx_word' id='word_1_437' title='bbox 292 3211 339 3274; x_wconf 88' lang='lat' dir='ltr'><strong>rigi</strong></span> <span class='ocrx_word' id='word_1_438' title='bbox 357 3207 428 3267; x_wconf 82' lang='lat' dir='ltr'><strong>velle,</strong></span> <span class='ocrx_word' id='word_1_439' title='bbox 447 3213 477 3255; x_wconf 91' lang='lat' dir='ltr'><strong>ut</strong></span> <span class='ocrx_word' id='word_1_440' title='bbox 494 3221 621 3270; x_wconf 90' lang='lat' dir='ltr'><strong>corporum</strong></span> <span class='ocrx_word' id='word_1_441' title='bbox 639 3207 777 3270; x_wconf 90' lang='lat' dir='ltr'><strong>speculatio</strong></span> <span class='ocrx_word' id='word_1_442' title='bbox 795 3208 928 3257; x_wconf 71' lang='lat' dir='ltr'><strong>subshtme</strong></span> <span class='ocrx_word' id='word_1_443' title='bbox 945 3210 1036 3271; x_wconf 83' lang='lat' dir='ltr'><strong>possit;</strong></span> <span class='ocrx_word' id='word_1_444' title='bbox 1055 3209 1120 3272; x_wconf 85' lang='lat' dir='ltr'><strong>qnod</strong></span> <span class='ocrx_word' id='word_1_445' title='bbox 1138 3209 1210 3273; x_wconf 88' lang='lat' dir='ltr'><strong>quale</strong></span> <span class='ocrx_word' id='word_1_446' title='bbox 1228 3209 1269 3266; x_wconf 85' lang='lat' dir='ltr'><strong>sit,</strong></span> <span class='ocrx_word' id='word_1_447' title='bbox 1290 3208 1331 3258; x_wconf 85' lang='lat' dir='ltr'><strong>alii</strong></span> <span class='ocrx_word' id='word_1_448' title='bbox 1349 3209 1463 3264; x_wconf 79' lang='lat' dir='ltr'><strong>rideant;</strong></span> <span class='ocrx_word' id='word_1_449' title='bbox 1482 3223 1522 3258; x_wconf 88' lang='lat' dir='ltr'><strong>me</strong></span> <span class='ocrx_word' id='word_1_450' title='bbox 1536 3208 1603 3258; x_wconf 87' lang='lat' dir='ltr'><strong>haec</strong></span> <span class='ocrx_word' id='word_1_451' title='bbox 1616 3221 1667 3256; x_wconf 89' lang='lat' dir='ltr'><strong>nou</strong></span> 
     </span>
     <span class='ocr_line' id='line_1_40' title="bbox 291 3277 1664 3343; baseline -0.002 -13"><span class='ocrx_word' id='word_1_452' title='bbox 291 3279 431 3343; x_wconf 83' lang='lat' dir='ltr'><strong>intelligere</strong></span> <span class='ocrx_word' id='word_1_453' title='bbox 449 3278 536 3327; x_wconf 86' lang='lat' dir='ltr'><strong>iateor.</strong></span> <span class='ocrx_word' id='word_1_454' title='bbox 574 3278 624 3328; x_wconf 84' lang='lat' dir='ltr'><strong>Sed</strong></span> <span class='ocrx_word' id='word_1_455' title='bbox 650 3278 715 3327; x_wconf 84' lang='lat' dir='ltr'><strong>haee</strong></span> <span class='ocrx_word' id='word_1_456' title='bbox 742 3277 813 3327; x_wconf 83' lang='lat' dir='ltr'><strong>Tuae</strong></span> <span class='ocrx_word' id='word_1_457' title='bbox 839 3278 1001 3342; x_wconf 74' lang='lat' dir='ltr'><strong>amplitudini</strong></span> <span class='ocrx_word' id='word_1_458' title='bbox 1028 3279 1092 3328; x_wconf 89' lang='lat' dir='ltr'><strong>bono</strong></span> <span class='ocrx_word' id='word_1_459' title='bbox 1120 3281 1202 3329; x_wconf 91' lang='lat' dir='ltr'><strong>auimo</strong></span> <span class='ocrx_word' id='word_1_460' title='bbox 1228 3281 1253 3328; x_wconf 92' lang='lat' dir='ltr'><strong>in</strong></span> <span class='ocrx_word' id='word_1_461' title='bbox 1278 3279 1369 3329; x_wconf 90' lang='lat' dir='ltr'><strong>nullius</strong></span> <span class='ocrx_word' id='word_1_462' title='bbox 1387 3278 1500 3329; x_wconf 66' lang='lat' dir='ltr'><strong>mndem</strong></span> <span class='ocrx_word' id='word_1_463' title='bbox 1520 3286 1568 3329; x_wconf 89' lang='lat' dir='ltr'><strong>ant</strong></span> <span class='ocrx_word' id='word_1_464' title='bbox 1587 3278 1664 3328; x_wconf 80' lang='lat' dir='ltr'><strong>detri-</strong></span> 
     </span>
     <span class='ocr_line' id='line_1_41' title="bbox 293 3348 1700 3416; baseline -0.001 -16"><span class='ocrx_word' id='word_1_465' title='bbox 293 3357 405 3400; x_wconf 89' lang='lat' dir='ltr'><strong>mentum</strong></span> <span class='ocrx_word' id='word_1_466' title='bbox 423 3348 545 3410; x_wconf 84' lang='lat' dir='ltr'><strong>suhjicere</strong></span> <span class='ocrx_word' id='word_1_467' title='bbox 564 3349 636 3398; x_wconf 80' lang='lat' dir='ltr'><strong>volui.</strong></span> <span class='ocrx_word' id='word_1_468' title='bbox 1473 3405 1479 3416; x_wconf 35' lang='lat'>⁸</span> <span class='ocrx_word' id='word_1_469' title='bbox 1697 3359 1700 3369; x_wconf 77' lang='lat'><strong><em>‘</em></strong></span> 
     </span>
    </p>

    <p class='ocr_par' dir='ltr' id='par_1_9' title="bbox 291 3418 1663 3768">
     <span class='ocr_line' id='line_1_42' title="bbox 362 3418 1662 3485; baseline -0.001 -15"><span class='ocrx_word' id='word_1_470' title='bbox 362 3419 532 3483; x_wconf 78' lang='lat' dir='ltr'><strong>appendicem</strong></span> <span class='ocrx_word' id='word_1_471' title='bbox 549 3425 635 3470; x_wconf 82' lang='lat' dir='ltr'><strong>autem</strong></span> <span class='ocrx_word' id='word_1_472' title='bbox 653 3418 780 3468; x_wconf 85' lang='lat' dir='ltr'><strong>Maestlirri</strong></span> <span class='ocrx_word' id='word_1_473' title='bbox 799 3420 873 3482; x_wconf 85' lang='lat' dir='ltr'><strong>piane</strong></span> <span class='ocrx_word' id='word_1_474' title='bbox 890 3420 982 3483; x_wconf 58' lang='lat' dir='ltr'><strong>probm</strong></span> <span class='ocrx_word' id='word_1_475' title='bbox 1006 3427 1034 3470; x_wconf 89' lang='lat' dir='ltr'><strong>et</strong></span> <span class='ocrx_word' id='word_1_476' title='bbox 1051 3421 1072 3469; x_wconf 92' lang='lat' dir='ltr'><strong>si</strong></span> <span class='ocrx_word' id='word_1_477' title='bbox 1089 3436 1140 3470; x_wconf 85' lang='lat' dir='ltr'><strong>noa</strong></span> <span class='ocrx_word' id='word_1_478' title='bbox 1159 3421 1248 3476; x_wconf 82' lang='lat' dir='ltr'><strong>iallm,</strong></span> <span class='ocrx_word' id='word_1_479' title='bbox 1270 3421 1333 3471; x_wconf 83' lang='lat' dir='ltr'><strong>talis</strong></span> <span class='ocrx_word' id='word_1_480' title='bbox 1349 3423 1377 3470; x_wconf 93' lang='lat' dir='ltr'><strong>in</strong></span> <span class='ocrx_word' id='word_1_481' title='bbox 1394 3421 1457 3471; x_wconf 84' lang='lat' dir='ltr'><strong>meis</strong></span> <span class='ocrx_word' id='word_1_482' title='bbox 1475 3434 1575 3485; x_wconf 84' lang='lat' dir='ltr'><strong>qnoque</strong></span> <span class='ocrx_word' id='word_1_483' title='bbox 1595 3434 1662 3470; x_wconf 89' lang='lat' dir='ltr'><strong>com·</strong></span> 
     </span>
     <span class='ocr_line' id='line_1_43' title="bbox 291 3489 1663 3555; baseline -0.002 -13"><span class='ocrx_word' id='word_1_484' title='bbox 291 3490 495 3549; x_wconf 72' lang='lat' dir='ltr'><strong>mutationibus,</strong></span> <span class='ocrx_word' id='word_1_485' title='bbox 514 3492 540 3538; x_wconf 91' lang='lat' dir='ltr'><strong>iu</strong></span> <span class='ocrx_word' id='word_1_486' title='bbox 559 3491 666 3555; x_wconf 85' lang='lat' dir='ltr'><strong>gratiam</strong></span> <span class='ocrx_word' id='word_1_487' title='bbox 685 3491 716 3539; x_wconf 84' lang='lat' dir='ltr'><strong>A.</strong></span> <span class='ocrx_word' id='word_1_488' title='bbox 729 3489 799 3540; x_wconf 86' lang='lat' dir='ltr'><strong>Tuae</strong></span> <span class='ocrx_word' id='word_1_489' title='bbox 818 3493 972 3554; x_wconf 83' lang='lat' dir='ltr'><strong>conscriptis,</strong></span> <span class='ocrx_word' id='word_1_490' title='bbox 991 3494 1113 3555; x_wconf 89' lang='lat' dir='ltr'><strong>proposui.</strong></span> <span class='ocrx_word' id='word_1_491' title='bbox 1150 3491 1244 3541; x_wconf 88' lang='lat' dir='ltr'><strong>Dubito</strong></span> <span class='ocrx_word' id='word_1_492' title='bbox 1262 3498 1348 3541; x_wconf 90' lang='lat' dir='ltr'><strong>tamen</strong></span> <span class='ocrx_word' id='word_1_493' title='bbox 1367 3507 1400 3542; x_wconf 91' lang='lat' dir='ltr'><strong>au</strong></span> <span class='ocrx_word' id='word_1_494' title='bbox 1418 3507 1468 3541; x_wconf 90' lang='lat' dir='ltr'><strong>uon</strong></span> <span class='ocrx_word' id='word_1_495' title='bbox 1487 3492 1568 3541; x_wconf 89' lang='lat' dir='ltr'><strong>aliam</strong></span> <span class='ocrx_word' id='word_1_496' title='bbox 1585 3492 1663 3541; x_wconf 85' lang='lat' dir='ltr'><strong>ratio·</strong></span> 
     </span>
     <span class='ocr_line' id='line_1_44' title="bbox 294 3560 1662 3627; baseline -0.001 -15"><span class='ocrx_word' id='word_1_497' title='bbox 294 3565 391 3613; x_wconf 82' lang='lat' dir='ltr'><strong>sinatus</strong></span> <span class='ocrx_word' id='word_1_498' title='bbox 410 3563 457 3610; x_wconf 90' lang='lat' dir='ltr'><strong>sim</strong></span> <span class='ocrx_word' id='word_1_499' title='bbox 476 3561 641 3624; x_wconf 87' lang='lat' dir='ltr'><strong>epicyclorum</strong></span> <span class='ocrx_word' id='word_1_500' title='bbox 659 3560 862 3623; x_wconf 85' lang='lat' dir='ltr'><strong>amplitudinem,</strong></span> <span class='ocrx_word' id='word_1_501' title='bbox 890 3576 965 3626; x_wconf 85' lang='lat' dir='ltr'><strong>qnam</strong></span> <span class='ocrx_word' id='word_1_502' title='bbox 991 3565 1044 3627; x_wconf 88' lang='lat' dir='ltr'><strong>ipse</strong></span> <span class='ocrx_word' id='word_1_503' title='bbox 1068 3577 1099 3611; x_wconf 86' lang='lat' dir='ltr'><strong>ex</strong></span> <span class='ocrx_word' id='word_1_504' title='bbox 1117 3564 1226 3613; x_wconf 81' lang='lat' dir='ltr'><strong>maxims</strong></span> <span class='ocrx_word' id='word_1_505' title='bbox 1248 3562 1462 3627; x_wconf 86' lang='lat' dir='ltr'><strong>prosthaphaeresi</strong></span> <span class='ocrx_word' id='word_1_506' title='bbox 1482 3577 1540 3612; x_wconf 91' lang='lat' dir='ltr'><strong>cum</strong></span> <span class='ocrx_word' id='word_1_507' title='bbox 1559 3575 1662 3612; x_wconf 81' lang='lat' dir='ltr'><strong>excessu</strong></span> 
     </span>
     <span class='ocr_line' id='line_1_45' title="bbox 292 3632 1660 3699; baseline 0 -17"><span class='ocrx_word' id='word_1_508' title='bbox 292 3634 408 3689; x_wconf 87' lang='lat' dir='ltr'><strong>deducit;</strong></span> <span class='ocrx_word' id='word_1_509' title='bbox 434 3632 460 3681; x_wconf 89' lang='lat' dir='ltr'><strong>id</strong></span> <span class='ocrx_word' id='word_1_510' title='bbox 478 3632 543 3695; x_wconf 88' lang='lat' dir='ltr'><strong>quod</strong></span> <span class='ocrx_word' id='word_1_511' title='bbox 562 3646 592 3681; x_wconf 83' lang='lat' dir='ltr'><strong>ex</strong></span> <span class='ocrx_word' id='word_1_512' title='bbox 609 3646 684 3696; x_wconf 84' lang='lat' dir='ltr'><strong>perro</strong></span> <span class='ocrx_word' id='word_1_513' title='bbox 703 3632 832 3681; x_wconf 82' lang='lat' dir='ltr'><strong>intervallo</strong></span> <span class='ocrx_word' id='word_1_514' title='bbox 849 3647 895 3682; x_wconf 90' lang='lat' dir='ltr'><strong>nos</strong></span> <span class='ocrx_word' id='word_1_515' title='bbox 915 3633 1029 3697; x_wconf 90' lang='lat' dir='ltr'><strong>decipere</strong></span> <span class='ocrx_word' id='word_1_516' title='bbox 1046 3640 1136 3697; x_wconf 87' lang='lat' dir='ltr'><strong>potest.</strong></span> <span class='ocrx_word' id='word_1_517' title='bbox 1173 3633 1241 3684; x_wconf 82' lang='lat' dir='ltr'><strong>Nihil</strong></span> <span class='ocrx_word' id='word_1_518' title='bbox 1260 3634 1336 3699; x_wconf 88' lang='lat' dir='ltr'><strong>igitur</strong></span> <span class='ocrx_word' id='word_1_519' title='bbox 1351 3634 1447 3692; x_wconf 86' lang='lat' dir='ltr'><strong>habeo.</strong></span> <span class='ocrx_word' id='word_1_520' title='bbox 1473 3633 1539 3698; x_wconf 89' lang='lat' dir='ltr'><strong>quod</strong></span> <span class='ocrx_word' id='word_1_521' title='bbox 1563 3634 1590 3683; x_wconf 88' lang='lat' dir='ltr'><strong>iu</strong></span> <span class='ocrx_word' id='word_1_522' title='bbox 1609 3633 1660 3696; x_wconf 79' lang='lat' dir='ltr'><strong>Ap·</strong></span> 
     </span>
     <span class='ocr_line' id='line_1_46' title="bbox 292 3702 712 3768; baseline -0.005 -15"><span class='ocrx_word' id='word_1_523' title='bbox 292 3705 398 3768; x_wconf 91' lang='lat' dir='ltr'><strong>pendioe</strong></span> <span class='ocrx_word' id='word_1_524' title='bbox 415 3702 594 3765; x_wconf 81' lang='lat' dir='ltr'><strong>reprehendere</strong></span> <span class='ocrx_word' id='word_1_525' title='bbox 612 3704 712 3767; x_wconf 75' lang='lat' dir='ltr'><strong>possins</strong></span> 
     </span>
    </p>

    <p class='ocr_par' dir='ltr' id='par_1_10' title="bbox 287 3773 1750 4979">
     <span class='ocr_line' id='line_1_47' title="bbox 363 3773 1658 3840; baseline 0.002 -18"><span class='ocrx_word' id='word_1_526' title='bbox 363 3773 435 3823; x_wconf 85' lang='lat' dir='ltr'><strong>Haec</strong></span> <span class='ocrx_word' id='word_1_527' title='bbox 454 3773 603 3823; x_wconf 82' lang='lat' dir='ltr'><strong>Praetorius.</strong></span> <span class='ocrx_word' id='word_1_528' title='bbox 629 3774 773 3823; x_wconf 75' lang='lat' dir='ltr'><strong>iiervartns</strong></span> <span class='ocrx_word' id='word_1_529' title='bbox 799 3774 835 3823; x_wconf 89' lang='lat' dir='ltr'><strong>ilii</strong></span> <span class='ocrx_word' id='word_1_530' title='bbox 862 3775 975 3826; x_wconf 84' lang='lat' dir='ltr'><strong>retulisse</strong></span> <span class='ocrx_word' id='word_1_531' title='bbox 1002 3775 1098 3826; x_wconf 78' lang='lat' dir='ltr'><strong>ridetur</strong></span> <span class='ocrx_word' id='word_1_532' title='bbox 1129 3781 1246 3826; x_wconf 73' lang='lat' dir='ltr'><strong>mustum</strong></span> <span class='ocrx_word' id='word_1_533' title='bbox 1275 3775 1395 3840; x_wconf 88' lang='lat' dir='ltr'><strong>Kepleri,</strong></span> <span class='ocrx_word' id='word_1_534' title='bbox 1421 3777 1544 3826; x_wconf 88' lang='lat' dir='ltr'><strong>rationem</strong></span> <span class='ocrx_word' id='word_1_535' title='bbox 1570 3775 1658 3838; x_wconf 83' lang='lat' dir='ltr'><strong>depre-</strong></span> 
     </span>
     <span class='ocr_line' id='line_1_48' title="bbox 293 3844 1658 3910; baseline 0.004 -16"><span class='ocrx_word' id='word_1_536' title='bbox 293 3845 417 3894; x_wconf 88' lang='lat' dir='ltr'><strong>hendendi</strong></span> <span class='ocrx_word' id='word_1_537' title='bbox 436 3844 550 3893; x_wconf 88' lang='lat' dir='ltr'><strong>diametri</strong></span> <span class='ocrx_word' id='word_1_538' title='bbox 569 3846 632 3894; x_wconf 90' lang='lat' dir='ltr'><strong>orbis</strong></span> <span class='ocrx_word' id='word_1_539' title='bbox 651 3847 728 3894; x_wconf 78' lang='lat' dir='ltr'><strong>anum</strong></span> <span class='ocrx_word' id='word_1_540' title='bbox 741 3845 833 3895; x_wconf 80' lang='lat' dir='ltr'><strong>Tenue</strong></span> <span class='ocrx_word' id='word_1_541' title='bbox 852 3846 885 3895; x_wconf 89' lang='lat' dir='ltr'><strong>ad</strong></span> <span class='ocrx_word' id='word_1_542' title='bbox 897 3846 1005 3895; x_wconf 88' lang='lat' dir='ltr'><strong>eandem</strong></span> <span class='ocrx_word' id='word_1_543' title='bbox 1024 3847 1127 3896; x_wconf 78' lang='lat' dir='ltr'><strong>fixarum</strong></span> <span class='ocrx_word' id='word_1_544' title='bbox 1147 3847 1278 3910; x_wconf 86' lang='lat' dir='ltr'><strong>sphaerae.</strong></span> <span class='ocrx_word' id='word_1_545' title='bbox 1307 3847 1336 3896; x_wconf 91' lang='lat' dir='ltr'><strong>lu</strong></span> <span class='ocrx_word' id='word_1_546' title='bbox 1352 3847 1431 3897; x_wconf 86' lang='lat' dir='ltr'><strong>literis</strong></span> <span class='ocrx_word' id='word_1_547' title='bbox 1449 3848 1515 3896; x_wconf 91' lang='lat' dir='ltr'><strong>enim</strong></span> <span class='ocrx_word' id='word_1_548' title='bbox 1527 3845 1658 3900; x_wconf 67' lang='lat' dir='ltr'><strong>Praetorii,</strong></span> 
     </span>
     <span class='ocr_line' id='line_1_49' title="bbox 292 3912 1658 3982; baseline 0 -18"><span class='ocrx_word' id='word_1_549' title='bbox 292 3916 315 3964; x_wconf 93' lang='lat' dir='ltr'><strong>d.</strong></span> <span class='ocrx_word' id='word_1_550' title='bbox 337 3915 361 3961; x_wconf 85' lang='grc'><strong>7.</strong></span> <span class='ocrx_word' id='word_1_551' title='bbox 383 3913 423 3962; x_wconf 82' lang='grc'><strong>17,</strong></span> <span class='ocrx_word' id='word_1_552' title='bbox 444 3914 505 3976; x_wconf 84' lang='lat' dir='ltr'><strong>Maji</strong></span> <span class='ocrx_word' id='word_1_553' title='bbox 526 3912 595 3963; x_wconf 81' lang='grc'><strong>1598</strong></span> <span class='ocrx_word' id='word_1_554' title='bbox 613 3915 646 3965; x_wconf 87' lang='lat' dir='ltr'><strong>ad</strong></span> <span class='ocrx_word' id='word_1_555' title='bbox 664 3915 821 3966; x_wconf 77' lang='lat' dir='ltr'><strong>Herwartum</strong></span> <span class='ocrx_word' id='word_1_556' title='bbox 841 3917 915 3973; x_wconf 86' lang='lat' dir='ltr'><strong>datis,</strong></span> <span class='ocrx_word' id='word_1_557' title='bbox 933 3916 998 3966; x_wconf 87' lang='lat' dir='ltr'><strong>haec</strong></span> <span class='ocrx_word' id='word_1_558' title='bbox 1016 3917 1138 3982; x_wconf 91' lang='lat' dir='ltr'><strong>legimus:</strong></span> <span class='ocrx_word' id='word_1_559' title='bbox 1164 3917 1287 3981; x_wconf 88' lang='lat' dir='ltr'><strong>Keplerus</strong></span> <span class='ocrx_word' id='word_1_560' title='bbox 1305 3925 1425 3974; x_wconf 77' lang='lat' dir='ltr'><strong>mustus,</strong></span> <span class='ocrx_word' id='word_1_561' title='bbox 1449 3919 1572 3968; x_wconf 91' lang='lat' dir='ltr'><strong>rationem</strong></span> <span class='ocrx_word' id='word_1_562' title='bbox 1595 3916 1658 3965; x_wconf 90' lang='lat' dir='ltr'><strong>orbis</strong></span> 
     </span>
     <span class='ocr_line' id='line_1_50' title="bbox 290 3986 1657 4052; baseline 0.002 -17"><span class='ocrx_word' id='word_1_563' title='bbox 290 3986 395 4035; x_wconf 67' lang='lat' dir='ltr'><strong>fixarum</strong></span> <span class='ocrx_word' id='word_1_564' title='bbox 414 3986 447 4035; x_wconf 87' lang='lat' dir='ltr'><strong>ad</strong></span> <span class='ocrx_word' id='word_1_565' title='bbox 467 3987 550 4035; x_wconf 88' lang='lat' dir='ltr'><strong>orbem</strong></span> <span class='ocrx_word' id='word_1_566' title='bbox 568 4000 687 4051; x_wconf 88' lang='lat' dir='ltr'><strong>maguum</strong></span> <span class='ocrx_word' id='word_1_567' title='bbox 707 3986 836 4050; x_wconf 82' lang='lat' dir='ltr'><strong>Gopemici</strong></span> <span class='ocrx_word' id='word_1_568' title='bbox 856 3989 1014 4052; x_wconf 80' lang='lat' dir='ltr'><strong>investigare.</strong></span> <span class='ocrx_word' id='word_1_569' title='bbox 1052 3987 1092 4036; x_wconf 90' lang='lat' dir='ltr'><strong>De</strong></span> <span class='ocrx_word' id='word_1_570' title='bbox 1118 3988 1166 4038; x_wconf 92' lang='lat' dir='ltr'><strong>hoc</strong></span> <span class='ocrx_word' id='word_1_571' title='bbox 1193 3989 1269 4052; x_wconf 91' lang='lat' dir='ltr'><strong>ipsius</strong></span> <span class='ocrx_word' id='word_1_572' title='bbox 1286 3990 1399 4038; x_wconf 89' lang='lat' dir='ltr'><strong>instituto</strong></span> <span class='ocrx_word' id='word_1_573' title='bbox 1417 3987 1476 4051; x_wconf 89' lang='lat' dir='ltr'><strong>quid</strong></span> <span class='ocrx_word' id='word_1_574' title='bbox 1500 3986 1657 4038; x_wconf 85' lang='lat' dir='ltr'><strong>sentiendum</strong></span> 
     </span>
     <span class='ocr_line' id='line_1_51' title="bbox 290 4056 1656 4124; baseline 0.004 -18"><span class='ocrx_word' id='word_1_575' title='bbox 290 4059 331 4110; x_wconf 85' lang='lat' dir='ltr'><strong>sit.</strong></span> <span class='ocrx_word' id='word_1_576' title='bbox 351 4072 401 4106; x_wconf 91' lang='lat' dir='ltr'><strong>non</strong></span> <span class='ocrx_word' id='word_1_577' title='bbox 419 4059 457 4106; x_wconf 88' lang='lat' dir='ltr'><strong>ita</strong></span> <span class='ocrx_word' id='word_1_578' title='bbox 475 4056 574 4106; x_wconf 85' lang='lat' dir='ltr'><strong>difficile</strong></span> <span class='ocrx_word' id='word_1_579' title='bbox 593 4065 652 4120; x_wconf 88' lang='lat' dir='ltr'><strong>puto</strong></span> <span class='ocrx_word' id='word_1_580' title='bbox 670 4059 812 4122; x_wconf 85' lang='lat' dir='ltr'><strong>responderi</strong></span> <span class='ocrx_word' id='word_1_581' title='bbox 829 4072 910 4121; x_wconf 86' lang='lat' dir='ltr'><strong>posse.</strong></span> <span class='ocrx_word' id='word_1_582' title='bbox 948 4059 1037 4108; x_wconf 82' lang='lat' dir='ltr'><strong>Modus</strong></span> <span class='ocrx_word' id='word_1_583' title='bbox 1062 4061 1139 4122; x_wconf 89' lang='lat' dir='ltr'><strong>ipsius</strong></span> <span class='ocrx_word' id='word_1_584' title='bbox 1166 4060 1363 4124; x_wconf 68' lang='grc' dir='ltr'>ἰιιιιιιιςιιιίοιιίι</span> <span class='ocrx_word' id='word_1_585' title='bbox 1385 4074 1435 4108; x_wconf 90' lang='lat' dir='ltr'><strong>nou</strong></span> <span class='ocrx_word' id='word_1_586' title='bbox 1453 4057 1656 4122; x_wconf 70' lang='lat' dir='ltr'><strong>mpmhmmsurs</strong></span> 
     </span>
     <span class='ocr_line' id='line_1_52' title="bbox 291 4128 1655 4193; baseline 0.001 -16"><span class='ocrx_word' id='word_1_587' title='bbox 291 4143 377 4177; x_wconf 78' lang='lat' dir='ltr'><strong>rerem</strong></span> <span class='ocrx_word' id='word_1_588' title='bbox 404 4135 504 4188; x_wconf 64' lang='lat' dir='ltr'><strong>aumas,</strong></span> <span class='ocrx_word' id='word_1_589' title='bbox 523 4142 558 4177; x_wconf 88' lang='lat' dir='ltr'><strong>ae</strong></span> <span class='ocrx_word' id='word_1_590' title='bbox 574 4129 665 4178; x_wconf 73' lang='lat' dir='ltr'><strong>iruna</strong></span> <span class='ocrx_word' id='word_1_591' title='bbox 682 4129 793 4185; x_wconf 85' lang='lat' dir='ltr'><strong>laboret,</strong></span> <span class='ocrx_word' id='word_1_592' title='bbox 811 4128 942 4179; x_wconf 75' lang='lat' dir='ltr'><strong>dammodo</strong></span> <span class='ocrx_word' id='word_1_593' title='bbox 962 4129 1091 4193; x_wconf 81' lang='lat' dir='ltr'><strong>copemici</strong></span> <span class='ocrx_word' id='word_1_594' title='bbox 1114 4131 1209 4193; x_wconf 58' lang='lat' dir='ltr'><strong>manta</strong></span> <span class='ocrx_word' id='word_1_595' title='bbox 1231 4139 1301 4180; x_wconf 81' lang='lat' dir='ltr'><strong>sarta</strong></span> <span class='ocrx_word' id='word_1_596' title='bbox 1318 4137 1388 4180; x_wconf 78' lang='lat' dir='ltr'><strong>aeota</strong></span> <span class='ocrx_word' id='word_1_597' title='bbox 1405 4144 1460 4180; x_wconf 87' lang='lat' dir='ltr'><strong>esse</strong></span> <span class='ocrx_word' id='word_1_598' title='bbox 1478 4130 1555 4193; x_wconf 78' lang='lat' dir='ltr'><strong>capit</strong></span> <span class='ocrx_word' id='word_1_599' title='bbox 1591 4128 1655 4179; x_wconf 87' lang='lat' dir='ltr'><strong>Nam</strong></span> 
     </span>
     <span class='ocr_line' id='line_1_53' title="bbox 290 4197 1655 4265; baseline 0.001 -17"><span class='ocrx_word' id='word_1_600' title='bbox 290 4197 455 4262; x_wconf 78' lang='lat' dir='ltr'><strong>(iopernicus,</strong></span> <span class='ocrx_word' id='word_1_601' title='bbox 485 4199 680 4263; x_wconf 72' lang='lat' dir='ltr'><strong>philosophum</strong></span> <span class='ocrx_word' id='word_1_602' title='bbox 707 4207 734 4250; x_wconf 93' lang='lat' dir='ltr'><strong>et</strong></span> <span class='ocrx_word' id='word_1_603' title='bbox 760 4207 955 4250; x_wconf 88' lang='lat' dir='ltr'><strong>astronomorum</strong></span> <span class='ocrx_word' id='word_1_604' title='bbox 982 4202 1088 4251; x_wconf 86' lang='lat' dir='ltr'><strong>decretis</strong></span> <span class='ocrx_word' id='word_1_605' title='bbox 1108 4201 1228 4257; x_wconf 83' lang='lat' dir='ltr'><strong>edoctus,</strong></span> <span class='ocrx_word' id='word_1_606' title='bbox 1246 4202 1360 4265; x_wconf 86' lang='lat' dir='ltr'><strong>principii</strong></span> <span class='ocrx_word' id='word_1_607' title='bbox 1383 4201 1437 4251; x_wconf 94' lang='lat' dir='ltr'><strong>loco</strong></span> <span class='ocrx_word' id='word_1_608' title='bbox 1455 4202 1526 4265; x_wconf 88' lang='lat' dir='ltr'><strong>pouit</strong></span> <span class='ocrx_word' id='word_1_609' title='bbox 1542 4202 1655 4251; x_wconf 85' lang='lat' dir='ltr'><strong>ultimum</strong></span> 
     </span>
     <span class='ocr_line' id='line_1_54' title="bbox 291 4270 1656 4337; baseline 0 -17"><span class='ocrx_word' id='word_1_610' title='bbox 291 4270 386 4320; x_wconf 90' lang='lat' dir='ltr'><strong>coelum</strong></span> <span class='ocrx_word' id='word_1_611' title='bbox 404 4271 500 4319; x_wconf 86' lang='lat' dir='ltr'><strong>finitum</strong></span> <span class='ocrx_word' id='word_1_612' title='bbox 519 4270 635 4333; x_wconf 90' lang='lat' dir='ltr'><strong>quidem,</strong></span> <span class='ocrx_word' id='word_1_613' title='bbox 664 4270 708 4321; x_wconf 87' lang='lat' dir='ltr'><strong>sed</strong></span> <span class='ocrx_word' id='word_1_614' title='bbox 736 4271 832 4319; x_wconf 88' lang='lat' dir='ltr'><strong>infinito</strong></span> <span class='ocrx_word' id='word_1_615' title='bbox 855 4272 952 4330; x_wconf 88' lang='lat' dir='ltr'><strong>simile;</strong></span> <span class='ocrx_word' id='word_1_616' title='bbox 979 4271 1046 4321; x_wconf 91' lang='lat' dir='ltr'><strong>nude</strong></span> <span class='ocrx_word' id='word_1_617' title='bbox 1074 4272 1183 4337; x_wconf 86' lang='lat' dir='ltr'><strong>colligit:</strong></span> <span class='ocrx_word' id='word_1_618' title='bbox 1209 4288 1265 4322; x_wconf 92' lang='lat' dir='ltr'><strong>cum</strong></span> <span class='ocrx_word' id='word_1_619' title='bbox 1290 4272 1369 4322; x_wconf 87' lang='lat' dir='ltr'><strong>Terra</strong></span> <span class='ocrx_word' id='word_1_620' title='bbox 1390 4272 1526 4332; x_wconf 75' lang='lat' dir='ltr'><strong>adotbem</strong></span> <span class='ocrx_word' id='word_1_621' title='bbox 1544 4270 1656 4326; x_wconf 81' lang='lat' dir='ltr'><strong>Solarem</strong></span> 
     </span>
     <span class='ocr_line' id='line_1_55' title="bbox 290 4340 1652 4408; baseline 0 -17"><span class='ocrx_word' id='word_1_622' title='bbox 290 4340 429 4391; x_wconf 69' lang='lat' dir='ltr'><strong>addentem</strong></span> <span class='ocrx_word' id='word_1_623' title='bbox 446 4342 540 4390; x_wconf 88' lang='lat' dir='ltr'><strong>habeat</strong></span> <span class='ocrx_word' id='word_1_624' title='bbox 557 4342 687 4392; x_wconf 85' lang='lat' dir='ltr'><strong>rationem.</strong></span> <span class='ocrx_word' id='word_1_625' title='bbox 708 4342 828 4390; x_wconf 89' lang='lat' dir='ltr'><strong>distantia</strong></span> <span class='ocrx_word' id='word_1_626' title='bbox 845 4342 967 4392; x_wconf 89' lang='lat' dir='ltr'><strong>immensa</strong></span> <span class='ocrx_word' id='word_1_627' title='bbox 985 4344 1062 4392; x_wconf 88' lang='lat' dir='ltr'><strong>etiam</strong></span> <span class='ocrx_word' id='word_1_628' title='bbox 1080 4343 1113 4391; x_wconf 90' lang='lat' dir='ltr'><strong>ad</strong></span> <span class='ocrx_word' id='word_1_629' title='bbox 1131 4343 1213 4393; x_wconf 88' lang='lat' dir='ltr'><strong>orbem</strong></span> <span class='ocrx_word' id='word_1_630' title='bbox 1231 4357 1351 4408; x_wconf 78' lang='lat' dir='ltr'><strong>magnum</strong></span> <span class='ocrx_word' id='word_1_631' title='bbox 1366 4357 1418 4393; x_wconf 92' lang='lat' dir='ltr'><strong>non</strong></span> <span class='ocrx_word' id='word_1_632' title='bbox 1430 4343 1565 4393; x_wconf 84' lang='lat' dir='ltr'><strong>notabilem</strong></span> <span class='ocrx_word' id='word_1_633' title='bbox 1578 4342 1652 4391; x_wconf 88' lang='lat' dir='ltr'><strong>babe-</strong></span> 
     </span>
     <span class='ocr_line' id='line_1_56' title="bbox 291 4412 1654 4478; baseline -0.001 -17"><span class='ocrx_word' id='word_1_634' title='bbox 291 4412 328 4461; x_wconf 86' lang='lat' dir='ltr'><strong>bit</strong></span> <span class='ocrx_word' id='word_1_635' title='bbox 346 4414 484 4469; x_wconf 82' lang='lat' dir='ltr'><strong>rationem,</strong></span> <span class='ocrx_word' id='word_1_636' title='bbox 503 4413 568 4476; x_wconf 81' lang='lat' dir='ltr'><strong>quod</strong></span> <span class='ocrx_word' id='word_1_637' title='bbox 585 4412 711 4461; x_wconf 87' lang='lat' dir='ltr'><strong>concludit</strong></span> <span class='ocrx_word' id='word_1_638' title='bbox 728 4414 754 4461; x_wconf 93' lang='lat' dir='ltr'><strong>in</strong></span> <span class='ocrx_word' id='word_1_639' title='bbox 772 4426 819 4461; x_wconf 85' lang='lat' dir='ltr'><strong>sna</strong></span> <span class='ocrx_word' id='word_1_640' title='bbox 835 4412 879 4461; x_wconf 83' lang='lat' dir='ltr'><strong>illa</strong></span> <span class='ocrx_word' id='word_1_641' title='bbox 896 4413 1107 4463; x_wconf 72' lang='lat' dir='ltr'><strong>demomtratiwe</strong></span> <span class='ocrx_word' id='word_1_642' title='bbox 1125 4428 1156 4463; x_wconf 83' lang='lat' dir='ltr'><strong>ex</strong></span> <span class='ocrx_word' id='word_1_643' title='bbox 1173 4429 1203 4464; x_wconf 92' lang='lat' dir='ltr'><strong>eo</strong></span> <span class='ocrx_word' id='word_1_644' title='bbox 1220 4415 1274 4478; x_wconf 91' lang='lat' dir='ltr'><strong>ipso</strong></span> <span class='ocrx_word' id='word_1_645' title='bbox 1291 4415 1425 4478; x_wconf 83' lang='lat' dir='ltr'><strong>principio,</strong></span> <span class='ocrx_word' id='word_1_646' title='bbox 1452 4414 1518 4478; x_wconf 85' lang='lat' dir='ltr'><strong>quod</strong></span> <span class='ocrx_word' id='word_1_647' title='bbox 1534 4416 1654 4462; x_wconf 84' lang='lat' dir='ltr'><strong>immensa</strong></span> 
     </span>
     <span class='ocr_line' id='line_1_57' title="bbox 289 4482 1652 4549; baseline 0.002 -18"><span class='ocrx_word' id='word_1_648' title='bbox 289 4484 322 4531; x_wconf 81' lang='lat' dir='ltr'><strong>sit</strong></span> <span class='ocrx_word' id='word_1_649' title='bbox 339 4484 404 4533; x_wconf 91' lang='lat' dir='ltr'><strong>orbis</strong></span> <span class='ocrx_word' id='word_1_650' title='bbox 422 4483 550 4532; x_wconf 76' lang='lat' dir='ltr'><strong>stellam</strong></span> <span class='ocrx_word' id='word_1_651' title='bbox 568 4496 586 4532; x_wconf 86' lang='lat' dir='ltr'><strong>a</strong></span> <span class='ocrx_word' id='word_1_652' title='bbox 603 4482 681 4533; x_wconf 78' lang='lat' dir='ltr'><strong>Terra</strong></span> <span class='ocrx_word' id='word_1_653' title='bbox 698 4484 826 4532; x_wconf 64' lang='lat' dir='ltr'><strong>distenta</strong></span> <span class='ocrx_word' id='word_1_654' title='bbox 864 4484 897 4533; x_wconf 85' lang='lat' dir='ltr'><strong>Et</strong></span> <span class='ocrx_word' id='word_1_655' title='bbox 920 4486 967 4533; x_wconf 87' lang='lat' dir='ltr'><strong>nisi</strong></span> <span class='ocrx_word' id='word_1_656' title='bbox 993 4485 1040 4534; x_wconf 81' lang='lat' dir='ltr'><strong>hoc</strong></span> <span class='ocrx_word' id='word_1_657' title='bbox 1065 4486 1211 4549; x_wconf 89' lang='lat' dir='ltr'><strong>principium</strong></span> <span class='ocrx_word' id='word_1_658' title='bbox 1237 4485 1334 4534; x_wconf 68' lang='lat' dir='ltr'><strong>firmum</strong></span> <span class='ocrx_word' id='word_1_659' title='bbox 1356 4488 1404 4542; x_wconf 83' lang='lat' dir='ltr'><strong>sit,</strong></span> <span class='ocrx_word' id='word_1_660' title='bbox 1429 4483 1558 4549; x_wconf 78' lang='lat' dir='ltr'><strong>(loperuici</strong></span> <span class='ocrx_word' id='word_1_661' title='bbox 1577 4489 1652 4534; x_wconf 83' lang='lat' dir='ltr'><strong>astro·</strong></span> 
     </span>
     <span class='ocr_line' id='line_1_58' title="bbox 289 4553 1651 4619; baseline 0.001 -17"><span class='ocrx_word' id='word_1_662' title='bbox 289 4555 374 4602; x_wconf 88' lang='lat' dir='ltr'><strong>nomia</strong></span> <span class='ocrx_word' id='word_1_663' title='bbox 400 4555 533 4603; x_wconf 86' lang='lat' dir='ltr'><strong>subsistere</strong></span> <span class='ocrx_word' id='word_1_664' title='bbox 561 4569 611 4603; x_wconf 90' lang='lat' dir='ltr'><strong>non</strong></span> <span class='ocrx_word' id='word_1_665' title='bbox 636 4556 740 4618; x_wconf 86' lang='lat' dir='ltr'><strong>poterit,</strong></span> <span class='ocrx_word' id='word_1_666' title='bbox 768 4561 813 4603; x_wconf 88' lang='lat' dir='ltr'><strong>ant</strong></span> <span class='ocrx_word' id='word_1_667' title='bbox 834 4555 925 4604; x_wconf 90' lang='lat' dir='ltr'><strong>saltem</strong></span> <span class='ocrx_word' id='word_1_668' title='bbox 944 4556 1051 4619; x_wconf 70' lang='lat' dir='ltr'><strong>magnis</strong></span> <span class='ocrx_word' id='word_1_669' title='bbox 1078 4557 1289 4606; x_wconf 76' lang='lat' dir='ltr'><strong>observationibus</strong></span> <span class='ocrx_word' id='word_1_670' title='bbox 1316 4557 1464 4606; x_wconf 84' lang='lat' dir='ltr'><strong>consentire.</strong></span> <span class='ocrx_word' id='word_1_671' title='bbox 1501 4553 1578 4607; x_wconf 81' lang='lat' dir='ltr'><strong>Nulla</strong></span> <span class='ocrx_word' id='word_1_672' title='bbox 1594 4557 1651 4603; x_wconf 88' lang='lat' dir='ltr'><strong>item</strong></span> 
     </span>
     <span class='ocr_line' id='line_1_59' title="bbox 290 4623 1651 4691; baseline 0.001 -18"><span class='ocrx_word' id='word_1_673' title='bbox 290 4623 431 4673; x_wconf 88' lang='lat' dir='ltr'><strong>conciliatio</strong></span> <span class='ocrx_word' id='word_1_674' title='bbox 449 4624 502 4674; x_wconf 85' lang='lat' dir='ltr'><strong>fleri</strong></span> <span class='ocrx_word' id='word_1_675' title='bbox 519 4628 610 4688; x_wconf 85' lang='lat' dir='ltr'><strong>poterit</strong></span> <span class='ocrx_word' id='word_1_676' title='bbox 628 4626 793 4675; x_wconf 87' lang='lat' dir='ltr'><strong>astronomiae</strong></span> <span class='ocrx_word' id='word_1_677' title='bbox 812 4626 950 4676; x_wconf 88' lang='lat' dir='ltr'><strong>Ptolemaei</strong></span> <span class='ocrx_word' id='word_1_678' title='bbox 969 4634 995 4677; x_wconf 92' lang='lat' dir='ltr'><strong>et</strong></span> <span class='ocrx_word' id='word_1_679' title='bbox 1009 4626 1145 4691; x_wconf 83' lang='lat' dir='ltr'><strong>Goperuici,</strong></span> <span class='ocrx_word' id='word_1_680' title='bbox 1166 4641 1221 4676; x_wconf 87' lang='lat' dir='ltr'><strong>oum</strong></span> <span class='ocrx_word' id='word_1_681' title='bbox 1240 4632 1323 4677; x_wconf 69' lang='lat' dir='ltr'><strong>minen</strong></span> <span class='ocrx_word' id='word_1_682' title='bbox 1342 4628 1383 4676; x_wconf 87' lang='lat' dir='ltr'><strong>hic</strong></span> <span class='ocrx_word' id='word_1_683' title='bbox 1395 4628 1498 4677; x_wconf 85' lang='lat' dir='ltr'><strong>firmiter</strong></span> <span class='ocrx_word' id='word_1_684' title='bbox 1511 4625 1651 4681; x_wconf 86' lang='lat' dir='ltr'><strong>contendat,</strong></span> 
     </span>
     <span class='ocr_line' id='line_1_60' title="bbox 289 4694 1652 4762; baseline -0.001 -18"><span class='ocrx_word' id='word_1_685' title='bbox 289 4694 377 4744; x_wconf 87' lang='lat' dir='ltr'><strong>eadem</strong></span> <span class='ocrx_word' id='word_1_686' title='bbox 395 4695 571 4758; x_wconf 81' lang='lat' dir='ltr'><strong>phaenomena</strong></span> <span class='ocrx_word' id='word_1_687' title='bbox 587 4698 715 4761; x_wconf 81' lang='lat' dir='ltr'><strong>utrobique</strong></span> <span class='ocrx_word' id='word_1_688' title='bbox 735 4710 854 4760; x_wconf 86' lang='lat' dir='ltr'><strong>apparere</strong></span> <span class='ocrx_word' id='word_1_689' title='bbox 872 4712 945 4761; x_wconf 87' lang='lat' dir='ltr'><strong>posse</strong></span> <span class='ocrx_word' id='word_1_690' title='bbox 963 4705 990 4748; x_wconf 92' lang='lat' dir='ltr'><strong>et</strong></span> <span class='ocrx_word' id='word_1_691' title='bbox 1008 4712 1039 4747; x_wconf 85' lang='lat' dir='ltr'><strong>ex</strong></span> <span class='ocrx_word' id='word_1_692' title='bbox 1056 4699 1183 4762; x_wconf 85' lang='lat' dir='ltr'><strong>utriusque</strong></span> <span class='ocrx_word' id='word_1_693' title='bbox 1201 4697 1287 4760; x_wconf 85' lang='lat' dir='ltr'><strong>positis</strong></span> <span class='ocrx_word' id='word_1_694' title='bbox 1304 4699 1438 4762; x_wconf 87' lang='lat' dir='ltr'><strong>principiis.</strong></span> <span class='ocrx_word' id='word_1_695' title='bbox 1461 4696 1568 4749; x_wconf 78' lang='lat' dir='ltr'><strong>Videtur</strong></span> <span class='ocrx_word' id='word_1_696' title='bbox 1580 4699 1652 4762; x_wconf 79' lang='lat' dir='ltr'><strong>igitur</strong></span> 
     </span>
     <span class='ocr_line' id='line_1_61' title="bbox 288 4765 1649 4834; baseline 0 -19"><span class='ocrx_word' id='word_1_697' title='bbox 288 4765 419 4829; x_wconf 80' lang='lat' dir='ltr'><strong>Keplerus,</strong></span> <span class='ocrx_word' id='word_1_698' title='bbox 439 4769 572 4830; x_wconf 79' lang='lat' dir='ltr'><strong>expositis</strong></span> <span class='ocrx_word' id='word_1_699' title='bbox 590 4781 607 4816; x_wconf 92' lang='lat' dir='ltr'><strong>a</strong></span> <span class='ocrx_word' id='word_1_700' title='bbox 626 4767 761 4831; x_wconf 80' lang='lat' dir='ltr'><strong>(lopemico</strong></span> <span class='ocrx_word' id='word_1_701' title='bbox 780 4769 905 4831; x_wconf 89' lang='lat' dir='ltr'><strong>principiis</strong></span> <span class='ocrx_word' id='word_1_702' title='bbox 923 4775 950 4818; x_wconf 81' lang='lat' dir='ltr'><strong>et</strong></span> <span class='ocrx_word' id='word_1_703' title='bbox 967 4770 1076 4824; x_wconf 67' lang='lat' dir='ltr'><strong>emuna,</strong></span> <span class='ocrx_word' id='word_1_704' title='bbox 1103 4768 1254 4833; x_wconf 70' lang='lat' dir='ltr'><strong>investigare</strong></span> <span class='ocrx_word' id='word_1_705' title='bbox 1272 4782 1320 4830; x_wconf 88' lang='lat' dir='ltr'><strong>ea,</strong></span> <span class='ocrx_word' id='word_1_706' title='bbox 1347 4783 1414 4834; x_wconf 79' lang='lat' dir='ltr'><strong>guae</strong></span> <span class='ocrx_word' id='word_1_707' title='bbox 1437 4770 1514 4833; x_wconf 67' lang='lat' dir='ltr'><strong>maius</strong></span> <span class='ocrx_word' id='word_1_708' title='bbox 1532 4768 1649 4834; x_wconf 76' lang='lat' dir='ltr'><strong>principia</strong></span> 
     </span>
     <span class='ocr_line' id='line_1_62' title="bbox 288 4835 1750 4904; baseline 0.001 -16"><span class='ocrx_word' id='word_1_709' title='bbox 288 4845 404 4888; x_wconf 74' lang='lat' dir='ltr'><strong>evertam</strong></span> <span class='ocrx_word' id='word_1_710' title='bbox 431 4835 503 4898; x_wconf 85' lang='lat' dir='ltr'><strong>(uam</strong></span> <span class='ocrx_word' id='word_1_711' title='bbox 521 4853 551 4888; x_wconf 86' lang='lat' dir='ltr'><strong>ex</strong></span> <span class='ocrx_word' id='word_1_712' title='bbox 568 4838 726 4887; x_wconf 86' lang='lat' dir='ltr'><strong>Ptolemaicis</strong></span> <span class='ocrx_word' id='word_1_713' title='bbox 744 4839 858 4904; x_wconf 84' lang='lat' dir='ltr'><strong>progredi</strong></span> <span class='ocrx_word' id='word_1_714' title='bbox 870 4839 905 4888; x_wconf 89' lang='lat' dir='ltr'><strong>ad</strong></span> <span class='ocrx_word' id='word_1_715' title='bbox 921 4855 994 4890; x_wconf 70' lang='lat' dir='ltr'><strong>suu</strong></span> <span class='ocrx_word' id='word_1_716' title='bbox 1010 4842 1160 4896; x_wconf 80' lang='lat' dir='ltr'><strong>iustitutmu,</strong></span> <span class='ocrx_word' id='word_1_717' title='bbox 1178 4846 1207 4888; x_wconf 89' lang='lat' dir='ltr'><strong>nt</strong></span> <span class='ocrx_word' id='word_1_718' title='bbox 1225 4841 1317 4904; x_wconf 81' lang='lat' dir='ltr'><strong>spinos,</strong></span> <span class='ocrx_word' id='word_1_719' title='bbox 1341 4855 1392 4890; x_wconf 81' lang='lat' dir='ltr'><strong>noa</strong></span> <span class='ocrx_word' id='word_1_720' title='bbox 1409 4838 1520 4904; x_wconf 83' lang='lat' dir='ltr'><strong>poterit).</strong></span> <span class='ocrx_word' id='word_1_721' title='bbox 1557 4840 1647 4890; x_wconf 78' lang='lat' dir='ltr'><strong>Videat</strong></span> <span class='ocrx_word' id='word_1_722' title='bbox 1745 4889 1750 4898; x_wconf 83' lang='grc'>,</span> 
     </span>
     <span class='ocr_line' id='line_1_63' title="bbox 287 4907 1645 4979; baseline 0.003 -23"><span class='ocrx_word' id='word_1_723' title='bbox 287 4907 375 4976; x_wconf 75' lang='lat' dir='ltr'><strong>igibus,</strong></span> <span class='ocrx_word' id='word_1_724' title='bbox 395 4922 427 4960; x_wconf 85' lang='lat' dir='ltr'><strong>ue</strong></span> <span class='ocrx_word' id='word_1_725' title='bbox 445 4909 518 4959; x_wconf 87' lang='lat' dir='ltr'><strong>ulmis</strong></span> <span class='ocrx_word' id='word_1_726' title='bbox 534 4910 630 4959; x_wconf 86' lang='lat' dir='ltr'><strong>subtilis</strong></span> <span class='ocrx_word' id='word_1_727' title='bbox 647 4910 681 4959; x_wconf 83' lang='lat' dir='ltr'><strong>sit</strong></span> <span class='ocrx_word' id='word_1_728' title='bbox 697 4911 723 4959; x_wconf 92' lang='lat' dir='ltr'><strong>iu</strong></span> <span class='ocrx_word' id='word_1_729' title='bbox 741 4912 788 4967; x_wconf 84' lang='lat' dir='ltr'><strong>iis,</strong></span> <span class='ocrx_word' id='word_1_730' title='bbox 806 4924 873 4976; x_wconf 81' lang='lat' dir='ltr'><strong>qnae</strong></span> <span class='ocrx_word' id='word_1_731' title='bbox 890 4912 1003 4961; x_wconf 71' lang='lat' dir='ltr'><strong>sesnibus</strong></span> <span class='ocrx_word' id='word_1_732' title='bbox 1019 4911 1135 4974; x_wconf 82' lang='lat' dir='ltr'><strong>subjecta</strong></span> <span class='ocrx_word' id='word_1_733' title='bbox 1149 4916 1218 4961; x_wconf 77' lang='lat' dir='ltr'><strong>suat.</strong></span> <span class='ocrx_word' id='word_1_734' title='bbox 1253 4910 1315 4963; x_wconf 73' lang='lat' dir='ltr'><strong>hita</strong></span> <span class='ocrx_word' id='word_1_735' title='bbox 1332 4913 1447 4979; x_wconf 64' lang='lat' dir='ltr'><strong>opiinus</strong></span> <span class='ocrx_word' id='word_1_736' title='bbox 1470 4913 1540 4964; x_wconf 85' lang='lat' dir='ltr'><strong>nulla</strong></span> <span class='ocrx_word' id='word_1_737' title='bbox 1557 4915 1645 4964; x_wconf 85' lang='lat' dir='ltr'><strong>instru-</strong></span> 
     </span>
    </p>
   </div>
   <div class='ocr_carea' id='block_1_6' title="bbox 0 0 1810 5634">
    <p class='ocr_par' dir='ltr' id='par_1_11' title="bbox 0 0 1810 5634">
     <span class='ocr_line' id='line_1_64' title="bbox 0 0 1810 5634; baseline 0 3"><span class='ocrx_word' id='word_1_738' title='bbox 0 0 1810 5634; x_wconf 95' lang='lat' dir='ltr'><strong> </strong></span> 
     </span>
    </p>
   </div>
  </div>
 </body>
</html>
