3609 5634
267 363 330 433 roe
573 381 576 399 ·
804 301 1090 419 masaa.

265 530 396 596 demam
418 523 487 585 irinc
509 518 730 601 provinciarum
752 511 1028 591 afrcunjmentian
1049 514 1218 589 respectus.
1256 506 1344 570 illinc
1360 523 1488 585 namque
1510 504 1638 570 raama

265 633 283 679 a
305 612 466 676 nobilitata
479 607 628 680 videbam,
644 605 693 684 qni
712 622 759 665 me
781 602 831 663 vel
854 600 997 661 audivere
1020 600 1185 671 ducentem
1210 598 1259 659 vel
1280 595 1429 658 communi
1448 613 1552 655 mensa
1570 600 1638 653 aut

266 699 460 766 coumberuio
483 716 549 759 meo
572 696 618 757 usi
641 712 688 758 me
711 691 833 772 propius
855 696 1076 768 cognoverunt,
1106 705 1201 767 exque
1225 705 1262 746 eo
1280 695 1415 763 ternpore
1438 682 1632 744 benevolen-

265 793 342 856 tiam
373 809 393 850 a
423 785 559 870 patribus
591 784 622 846 iu
654 800 688 842 se
720 779 890 841 derivatam
921 793 995 855 erga
1020 795 1068 838 me
1097 781 1297 846 conservant,
1321 772 1484 852 quibusque
1508 770 1636 849 pollent

267 877 372 960 copiis,
395 876 611 946 demonstrant,
637 869 794 949 dignitatis
817 875 850 928 et
864 865 982 946 gratiae
997 863 1167 926 Caesareae
1184 864 1312 946 irpcturn
1326 880 1380 941 per
1398 860 1634 922 beneficentiam

267 968 440 1046 exigentes:
474 981 530 1024 nec
561 962 671 1021 desunt
703 977 742 1018 ex
773 954 1046 1018 ecclesiasticorum
1079 971 1213 1026 numero,
1240 952 1289 1031 qui
1313 969 1370 1011 non
1395 950 1506 1021 minus,
1534 965 1631 1027 quam

197 1096 199 1100 ,
267 1063 477 1118 antecessores
501 1049 563 1124 sui,
588 1056 620 1109 et
642 1056 725 1108 artes
748 1043 980 1120 mathematicas
1004 1049 1105 1103 elme
1128 1042 1273 1102 cultorem
1296 1043 1418 1111 amant’,
1452 1055 1556 1117 meque
1584 1037 1631 1097 ad

267 1159 309 1206 sa2
324 1139 509 1212 invisendos,
534 1136 560 1198 si
582 1136 690 1198 turbae
714 1132 970 1213 conquievisseat,
994 1132 1032 1192 de
1054 1131 1220 1209 propinquo
1240 1149 1276 1190 se
1299 1135 1478 1190 evocaturos
1501 1127 1628 1188 nuntia-

267 1238 346 1294 runt.
392 1227 525 1305 Dignum
556 1224 649 1304 igitur
678 1229 747 1285 erat
773 1240 842 1282 mea
863 1221 894 1282 in
918 1228 1061 1299 utrumne
1083 1218 1285 1298 gratitudine,
1317 1215 1481 1295 atquibus
1504 1228 1628 1296 possem

268 1316 380 1382 mutuis
402 1314 509 1377 officiis
532 1321 636 1374 tantos
660 1311 794 1374 lautores
817 1310 1011 1388 percoleram,
1034 1307 1221 1388 ampliusque
1244 1305 1390 1368 demereri
1412 1304 1574 1367 studerem.

276 1437 281 1442 ·
343 1404 435 1466 'Hinc
457 1421 530 1464 vero
553 1420 592 1462 ex
612 1408 699 1479 parte
712 1399 858 1462 Austriae
877 1397 1018 1478 pavidam
1037 1397 1246 1475 imbellemque
1262 1395 1476 1457 astronomiam
1493 1394 1626 1456 circum-

269 1493 386 1557 stantia
408 1490 557 1571 pericula,
583 1495 730 1561 terrores,
755 1487 956 1557 calamitates,
983 1503 1145 1546 aerumnae
1169 1483 1294 1544 subinde
1318 1484 1480 1546 admonent
1502 1482 1540 1542 de
1563 1482 1626 1543 cir-

269 1579 500 1661 cumspiciendis
524 1576 654 1639 auxiliis.
702 1576 857 1637 'l'ransivit
888 1575 943 1634 illa
964 1594 993 1633 a.
1016 1569 1102 1636 1600
1134 1593 1150 1634 e
1179 1572 1285 1654 Styria
1312 1572 1342 1634 in
1366 1571 1560 1646 Bohemiam,
1594 1578 1632 1631 nt

270 1687 348 1751 quae
372 1669 427 1731 sub
450 1666 633 1729 Austriacae
657 1665 763 1725 domus
795 1663 1038 1743 umbra.primas
1061 1661 1179 1723 radices
1201 1671 1325 1739 egerat,
1357 1661 1464 1721 eadem
1493 1660 1548 1721 snb
1576 1659 1632 1720 illa

271 1769 305 1821 et
326 1764 554 1819 maturesceret.
603 1753 648 1813 lbi
681 1753 764 1814 varie
792 1755 914 1832 jactata
936 1773 956 1813 a
979 1750 1212 1831 tempestatibus
1235 1751 1394 1822 bellorum,
1420 1759 1481 1812 tam
1505 1750 1631 1812 intesti-

270 1864 375 1909 norum
399 1864 489 1925 quam
516 1852 725 1915 externorum,
756 1842 878 1903 tandem
906 1851 978 1921 post
1008 1839 1179 1903 excessum*
1195 1840 1347 1920 Rudolphi
1377 1838 1567 1919 imperatoris
1600 1859 1630 1898 a.
1722 1901 1730 1912 ,

273 1932 359 1999 1612
382 1933 534 1995 constanti
558 1933 663 1992 domus
686 1933 869 1994 Austriacae
897 1931 997 1992 studio
1026 1930 1153 1994 recurrit
1185 1932 1214 1992 in
1238 1929 1416 1991 Austriam:
1441 1929 1490 1990 ubi
1515 1928 1632 1990 umnam

272 2041 361 2104 quam
385 2023 512 2101 benigne
535 2030 664 2099 excepta
687 2031 719 2082 et
743 2021 821 2093 lota,
847 2029 911 2082 tam
934 2021 1070 2100 impensa
1092 2035 1304 2099 generosarum
1332 2018 1474 2080 mentium
1497 2036 1630 2095 occupa-

271 2113 354 2175 tione
378 2114 451 2182 (non
474 2110 572 2171 minus
596 2117 686 2187 atquc
710 2129 730 2169 a
752 2128 799 2170 me
823 2111 886 2188 ejus
909 2109 1128 2181 instauratore)
1156 2107 1268 2189 percoli
1295 2107 1454 2186 potuisset.
1507 2107 1631 2177 Verum,
1689 2167 1697 2174 .
1803 2180 1804 2203 ,

272 2201 365 2273 eheu,
400 2199 521 2279 quantis
545 2217 613 2259 sese
637 2206 740 2259 mutuo
764 2198 849 2259 bonis
873 2207 986 2259 exuunt
1009 2198 1153 2260 mortales
1177 2197 1277 2266 miseri
1309 2215 1364 2276 per
1392 2195 1525 2257 scabiem
1555 2213 1631 2255 oon-

271 2289 439 2351 tentionem
461 2286 692 2365 turpissimam?
751 2285 850 2356 Quam
875 2287 1043 2365 profunda,
1073 2289 1117 2348 sic
1150 2286 1292 2359 meritos,
1325 2284 1426 2347 obruit
1460 2284 1633 2360 ignorantia

273 2376 353 2437 fati?
399 2373 499 2444 Quam
521 2371 708 2436 lamentabili
740 2375 866 2436 consilio
896 2376 1017 2454 „iguem
1049 2375 1119 2438 dum
1147 2373 1296 2453 fugimus,
1319 2373 1435 2435 medios
1453 2372 1632 2434 incurrimus

272 2463 398 2546 ignes?“
423 2463 548 2525 Utinam
570 2482 641 2525 vero
665 2464 847 2534 etiamnunc,
870 2472 944 2543 post
964 2472 1155 2526 consecutam
1184 2482 1282 2524 rerum
1304 2461 1533 2524 Austriacarum
1556 2480 1631 2524 cou-

271 2553 450 2626 versionem,
474 2552 557 2612 locus
582 2552 714 2632 supersit
735 2552 780 2613 illi
796 2552 932 2613 Platonis
955 2552 1087 2626 oraculo,
1112 2551 1172 2632 qui,
1196 2569 1263 2613 curn
1287 2549 1400 2623 Gracia
1424 2552 1512 2629 longo
1535 2558 1566 2611 et
1584 2548 1632 2610 ci-

272 2640 326 2702 vili
349 2640 429 2701 bello
446 2640 575 2715 ,arderet
597 2640 744 2720 undique,
769 2641 917 2720 malisque
940 2650 1101 2703 vexaretur
1124 2640 1279 2714 omnibus,
1309 2659 1385 2719 qnae
1408 2639 1497 2701 civile
1521 2640 1632 2700 bellum

274 2727 412 2790 comitari
436 2728 548 2796 solent,
573 2731 729 2791 consultus
754 2748 844 2809 super
865 2731 1053 2808 problemate
1083 2729 1223 2798 Deliaco,
1247 2729 1385 2807 quaesito
1408 2736 1567 2809 praetextu
1592 2728 1634 2789 nd

273 2816 463 2896 suggerenda
485 2816 603 2895 populis
626 2818 753 2880 consilia
774 2818 940 2893 salutaria,
974 2819 1019 2880 ita
1050 2819 1167 2879 demum
1194 2817 1388 2896 tranquillam
1418 2836 1456 2877 ex
1478 2816 1630 2895 Apollinis

272 2903 426 2966 sententia
448 2902 611 2966 Graeciam
635 2907 765 2968 futuram
789 2907 954 2987 respondit,
979 2907 1005 2968 si
1028 2927 1062 2968 se
1090 2909 1129 2967 ad
1153 2906 1350 2986 geometriam
1378 2913 1538 2984 ceteraque
1561 2906 1631 2984 phi-

272 2992 429 3071 losophica
451 2993 552 3054 studia
577 2991 688 3055 Graeci
711 2996 952 3057 convertissent:
977 2995 1047 3074 qnia
1070 2995 1144 3056 hauc
1164 2995 1265 3057 studia
1280 2993 1396 3055 animos
1414 2995 1453 3056 ab
1467 2994 1631 3055 ambitione

273 3087 306 3140 et
326 3079 450 3159 reliquis
473 3081 702 3161 cupiditatibus,
732 3102 770 3143 ex
793 3082 900 3162 quibus
923 3083 1005 3145 bella
1027 3091 1061 3144 et
1082 3091 1186 3145 cetera
1208 3084 1289 3145 mala
1312 3083 1459 3158 existunt,
1481 3083 1518 3144 ad
1543 3102 1630 3144 amo-

237 3177 240 3182 ”
273 3186 337 3231 rem
358 3166 443 3247 pacis
466 3175 499 3229 ct
521 3170 757 3232 moderationem
775 3171 805 3232 in
830 3172 966 3233 omuibus
989 3171 1079 3233 rebus
1103 3171 1297 3234 adducerent.

363 3256 488 3317 Utinam
512 3257 638 3336 deniqne
658 3259 724 3336 jam
748 3260 918 3338 suppressis
951 3261 1042 3321 armis
1070 3269 1189 3323 tautum
1212 3262 1300 3323 detur
1322 3261 1507 3322 induciarum
1531 3280 1550 3319 a
1571 3258 1632 3319 mi-

276 3343 384 3418 seriis,
417 3351 451 3405 ut
483 3345 558 3406 viris
589 3346 676 3407 bonis
707 3355 814 3420 vacet,
849 3348 946 3409 simile
970 3348 1122 3429 quippiam
1147 3347 1385 3412 ciceroniani
1412 3349 1492 3411 illius
1516 3347 1633 3410 consilii

275 3431 479 3506 comminisci,
504 3433 573 3512 qui,
596 3451 704 3495 eversa
721 3435 876 3515 republica
894 3436 1048 3511 Romana,
1073 3457 1140 3499 curn
1163 3445 1247 3500 esset
1261 3439 1313 3499 vix
1331 3437 1522 3500 consolabilis
1537 3437 1633 3509 dolor,

275 3519 306 3582 in
334 3527 424 3581 tanta
455 3521 585 3582 omnium
616 3539 715 3584 rerum
742 3524 904 3586 amissione
933 3535 962 3588 et
996 3526 1206 3606 desperatione
1233 3526 1448 3606 recuperandi,
1474 3534 1634 3605 postquam

274 3607 320 3669 illi
344 3607 413 3675 arti,
437 3609 484 3669 cui
508 3609 676 3684 studuerat,
699 3611 774 3673 nihil
798 3631 866 3673 esse
890 3614 959 3688 loci,
985 3634 1081 3696 neque
1104 3615 1241 3677 in-curia
1264 3634 1360 3694 neque
1383 3615 1412 3676 in
1437 3616 1512 3689 iero,
1535 3614 1633 3675 vidit:

277 3713 395 3756 omnem
417 3714 503 3756 suam
526 3716 627 3758 curam
650 3707 740 3779 atque
764 3719 886 3780 operam
919 3703 958 3764 ad
986 3703 1206 3784 philosophiam
1233 3705 1379 3777 contulit,
1413 3723 1537 3765 monens
1561 3701 1635 3764 Sul-

275 3782 383 3862 pitium
406 3802 500 3858 suum,
525 3785 554 3847 in
578 3786 686 3854 iisdem
708 3789 823 3851 versari
847 3792 947 3865 rebus,
972 3811 1063 3872 quae,
1088 3792 1207 3853 etiamsi
1231 3793 1328 3855 miuus
1352 3793 1542 3873 prodessent,
1565 3791 1634 3853 aui-

275 3889 355 3932 mum
378 3879 479 3933 tamen
503 3894 523 3934 a
545 3875 746 3938 sollicitudine
770 3877 957 3942 abducerent
979 3900 1056 3960 aque
1078 3881 1227 3942 molestiis
1250 3881 1397 3942 levarent.

365 3958 481 4029 Quibus
504 3963 584 4024 votis
607 3963 634 4025 si
657 3964 740 4027 Deus
764 3969 888 4039 annuat,
912 3987 969 4029 non
993 3967 1131 4048 equidem
1155 3968 1293 4048 indiguas
1317 3970 1436 4032 homine
1461 3967 1635 4031 Christiano

275 4047 460 4127 voluptates,
485 4070 691 4114 aerumnamm
715 4054 836 4126 solatia,
855 4055 1073 4119 mathematice
1096 4077 1164 4119 mea
1187 4058 1235 4120 vel
1259 4079 1297 4119 ex
1320 4056 1530 4121 astronomicis
1544 4075 1634 4118 exor-

275 4135 367 4210 eitiis,
391 4136 440 4198 vel
459 4156 498 4199 ex
511 4142 763 4220 contemplatione
778 4143 944 4206 divinornm
959 4163 1091 4224 operum,
1108 4165 1203 4226 exque
1217 4147 1397 4210 Harmonice
1412 4146 1517 4208 Mundi
1532 4145 1635 4219 (fatali

275 4224 331 4286 illa
353 4225 564 4305 occupatione,
591 4227 621 4289 in
645 4231 823 4304 durissimis,
837 4233 937 4295 exacti
959 4234 1071 4296 biennii
1096 4235 1308 4310 dissonantiis)
1335 4254 1503 4316 proponere
1526 4242 1637 4314 parata

276 4331 396 4392 semper
419 4313 487 4375 erit.
534 4316 580 4377 At
602 4317 672 4396 quia
694 4319 724 4380 in
748 4320 778 4381 id
801 4330 850 4383 est
873 4321 1271 4404 inceptahaec'occupatio
1290 4324 1501 4397 astronomica,
1516 4332 1551 4386 ut
1563 4342 1636 4403 per-

275 4401 415 4503 doiaturf·
432 4401 502 4481 quid
526 4402 618 4483 igitur
640 4407 696 4468 hoc
710 4408 854 4470 Austriae
878 4418 963 4473 statu
986 4411 1251 4475 calamitosissimo
1273 4415 1375 4493 potins
1394 4421 1478 4492 agat,
1499 4431 1587 4492 quam
1602 4420 1637 4474 ut

275 4489 439 4566 praesidia,
464 4489 571 4570 quibus
594 4493 661 4573 ipsa
683 4494 808 4576 indiget,
824 4497 863 4558 ad
878 4517 972 4577 opera
985 4500 1064 4561 inter
1077 4501 1212 4564 homiues
1229 4502 1390 4583 vulganda,
1415 4503 1512 4582 adque
1527 4520 1636 4563 nornen

276 4575 438 4678 Rudolphi,
464 4579 589 4642 Tabulis
612 4584 768 4663 perpetuis
791 4588 996 4661 asserendum,
1020 4588 1134 4670 pudore
1158 4591 1300 4664 cohibita,
1320 4610 1358 4653 ue
1382 4591 1421 4652 ab
1444 4590 1568 4658 afflictis
1586 4589 1636 4651 vel

278 4663 448 4744 lngenubus
472 4669 571 4729 omnia
592 4680 689 4750 petat,
713 4672 814 4751 potius
838 4674 906 4737 inde
930 4686 1079 4759 corruget,
1106 4698 1245 4758 quorsum
1268 4679 1372 4742 clades
1385 4680 1474 4754 istae,
1495 4696 1636 4758 quorsum

279 4750 481 4832 prodigiorum
505 4759 680 4822 coelestium
703 4763 892 4842 expiationes
915 4765 1163 4829 horribilissimae
1196 4787 1254 4830 uon
1283 4767 1483 4849 pertigenmt‚
1509 4767 1635 4846 deniqne

187 4897 201 4924 ,
280 4840 321 4902 ad
343 4840 487 4930 pristinos
509 4853 662 4924 patronos,
687 4850 726 4911 ad
749 4869 823 4931 quos
837 4852 960 4916 dimidio
974 4856 1042 4917 viae
1051 4853 1118 4934 jam
1132 4875 1210 4917 anno
1227 4853 1312 4920 1612
1330 4857 1635 4939 appropinquaverat,
