3609 5634
229 255 295 321 270
773 254 896 320 apsqu
914 253 1038 317 Trffl

229 416 277 479 Eu
304 416 352 478 his
374 423 503 495 apparet
525 412 644 475 uccuin
668 411 812 493 genuina,
841 429 919 493 qnae
943 410 1105 492 Apollonio
1134 412 1211 474 hanc
1235 412 1429 475 assumtionis
1461 412 1589 473 formam

231 503 481 585 suppeditaverit
528 503 607 564 Num
636 502 714 582 qnod
738 520 895 563 accessum
919 509 951 562 et
972 520 1124 563 recessum
1144 501 1346 580 planetarum
1374 501 1413 562 ad
1436 519 1491 563 nos
1517 519 1592 580 pro-

230 594 430 676 portionalem
452 592 640 654 conversioni
666 589 749 653 Solis
773 591 892 663 attinet,
919 590 1044 652 eundem
1067 590 1160 652 stiam
1179 590 1385 653 Ptolemaicae
1407 589 1593 674 hypotheses

231 682 384 744 exhibent.
431 682 538 761 Itaque
562 679 660 743 adhuc
684 679 757 743 nihil
780 687 838 751 est,
860 697 920 758 qno
944 697 1012 740 sese
1027 686 1149 742 tueatur
1162 680 1259 742 Ursus
1283 679 1477 758 obtineatque
1490 677 1604 758 Apol:

231 771 341 836 lonium
351 790 419 832 esse
434 771 618 831 inversarnm
632 768 939 842 Aristarchianarum,
955 786 1090 848 quaeque
1105 769 1239 850 ‘lychoni
1258 769 1411 843 debentur,
1428 777 1592 830 auctorem.

319 859 375 921 His
398 859 476 921 adde
501 865 533 918 et
555 857 627 930 hoc,
656 858 825 938 quodcum
849 857 1050 936 inaequalitas
1077 857 1130 918 illa
1153 867 1266 932 motus,
1299 875 1387 936 qnam
1410 856 1594 936 Apollonius

231 968 329 1011 asna
351 947 607 1010 demonstratione
640 947 806 1026 sejunctam
837 965 905 1006 esse
929 945 1038 1021 voluit,
1073 947 1187 1026 negligi
1210 954 1355 1026 nequeat,
1389 946 1492 1026 itaque
1515 963 1594 1025 apo-

233 1056 341 1118 gaeum
374 1045 407 1098 et
437 1037 609 1116 perigaeum
642 1034 671 1096 in
705 1036 784 1096 linea
811 1035 887 1105 HN,
921 1034 974 1096 OE
1007 1034 1052 1106 (in
1086 1036 1198 1098 schem.
1233 1036 1351 1116 quinto)
1384 1053 1504 1114 semper
1535 1033 1593 1097 sibi

234 1127 292 1208 ipsi
314 1127 464 1206 parallela
487 1124 629 1186 constitui
653 1125 777 1199 debeat,
802 1143 841 1184 ex
863 1142 899 1184 eo
923 1123 1037 1198 evenit,
1071 1131 1105 1185 nt
1128 1123 1184 1185 ΑΕ
1209 1124 1335 1205 apogaei
1359 1124 1470 1185 lineam
1493 1124 1594 1185 dicere

230 1217 295 1296 jam
317 1234 405 1296 porro
429 1232 488 1276 non
511 1214 660 1293 possimus
682 1221 807 1294 totaque
831 1214 1058 1275 nomenclatura
1081 1213 1232 1293 Tychonis
1257 1213 1377 1274 differat
1399 1213 1438 1273 ab
1464 1212 1594 1293 Apollo-

236 1305 294 1367 nio.
340 1302 443 1374 Quare
467 1321 563 1382 neque
586 1310 699 1364 motum
721 1303 864 1382 planetae
888 1302 918 1362 in
940 1302 1156 1380 praecedentia
1178 1302 1242 1364 lieri
1265 1302 1375 1363 statuit
1398 1320 1436 1361 ex
1459 1302 1488 1363 A
1512 1302 1594 1374 inB,

235 1395 290 1455 sed
317 1395 347 1456 in
375 1392 592 1472 consequentia
619 1410 657 1451 ex
680 1390 705 1453 O
730 1392 758 1452 in
782 1391 808 1452 B
837 1399 943 1453 coutm
972 1410 1060 1470 qnam
1083 1391 1272 1469 Apollonius.
1321 1393 1356 1453 ln
1385 1398 1474 1451 tanta
1497 1407 1595 1451 rerum

235 1482 485 1562 terminatumque
509 1480 686 1542 diversitate
711 1482 825 1542 frustra
848 1481 969 1542 laborat
992 1480 1088 1542 Ursus
1112 1482 1308 1543 abstractam·
1323 1499 1343 1540 a
1364 1480 1505 1561 Tychone
1530 1480 1594 1541 lor-

145 1645 146 1648 ,
235 1590 314 1634 mam
336 1570 547 1653 hypothesium
571 1570 610 1631 ad
632 1570 825 1648 apollonium
849 1570 976 1631 deterre.

691 2070 699 2088 ⁸
738 2230 742 2240 Ι
816 2134 938 2234 Caput
964 2133 1027 2207 IV.

235 2293 309 2357 Non
341 2301 466 2358 caetum
495 2291 590 2358 ullibi
620 2293 805 2356 ιηειιιίοιιειιι
841 2294 1073 2376 hqpothesium,
1111 2313 1192 2376 qaae
1225 2295 1332 2380 lycho
1372 2296 1435 2358 ati
1472 2298 1596 2372 asem,

687 2381 790 2446 Ursae
811 2381 982 2464 Apollonio
1005 2383 1144 2467 afflabit.
1190 2390 1196 2402 '

322 2542 435 2605 Nescio
467 2559 525 2621 qno
558 2541 668 2603 affectu
696 2541 870 2604 stimulante
901 2542 932 2603 id
964 2561 1054 2604 unum
1084 2543 1149 2623 agit
1176 2542 1287 2617 Ursus,
1321 2551 1356 2604 ut
1377 2542 1528 2624 Tychonis
1559 2543 1599 2604 de

234 2633 343 2693 mundo
376 2630 588 2709 conceptiones
613 2631 788 2711 antiquitati
812 2640 952 2705 asserat,
981 2631 1174 2693 manifestam
1208 2632 1329 2693 veritati
1362 2631 1424 2693 vim
1456 2631 1595 2694 afferens.

236 2720 368 2782 Primum
396 2738 433 2779 ex
457 2720 609 2782 veteribus
637 2720 667 2781 in
696 2720 792 2782 aciem
816 2739 908 2800 supra
934 2722 1119 2799 produxerat
1143 2721 1345 2800 Apollonium.
1393 2719 1427 2782 Si
1457 2721 1512 2781 hoc
1535 2721 1597 2781 sle-

238 2807 416 2871 feudendnm
441 2809 642 2888 suscepisset,
675 2809 886 2888 cognationem
912 2809 1061 2889 quandam
1083 2809 1269 2872 intercedere
1292 2809 1497 2890 Apolloniano
1524 2827 1597 2889 pro·

237 2896 361 2960 blemati
376 2916 442 2958 cnm
457 2897 605 2979 Tychonis
621 2898 852 2979 hypothesibus,
877 2906 1000 2977 poterat
1022 2899 1144 2961 tolerari
1167 2898 1288 2979 partim,
1315 2899 1345 2960 in
1369 2900 1479 2960 ceteris
1503 2918 1597 2960 excu-

236 2988 308 3050 sari.
356 2987 442 3048 Nuuc
470 2987 540 3065 quia
567 2986 656 3066 plane
684 2995 841 3067 utrumque
875 2997 1040 3068 enaequat‚
1074 2988 1216 3067 apparuit
1247 2988 1382 3067 proximo
1412 2989 1512 3067 capite
1544 3006 1597 3049 eos

236 3096 294 3138 nun
322 3076 411 3157 plene
433 3074 513 3137 Urso
546 3075 638 3137 tuisse
672 3078 829 3156 cognitos,
862 3076 982 3138 minima
1012 3095 1083 3138 vero
1112 3078 1159 3140 vel
1190 3077 1300 3139 lectum
1335 3077 1384 3138 vel
1411 3077 1598 3139 intellectum

236 3164 392 3245 Apollonii
414 3163 578 3244 problema.
624 3163 775 3245 cognatio
799 3172 901 3226 autern
925 3164 978 3225 illa
1001 3165 1212 3246 hypothesium
1236 3166 1386 3246 Tychimis
1409 3184 1477 3227 cnm
1495 3166 1596 3244 Apol-

236 3252 308 3316 lonii
337 3253 540 3333 problemate,
573 3270 662 3334 qnam
694 3263 726 3315 et
754 3272 846 3332 supra
874 3254 1089 3315 demonstravi·
1113 3263 1145 3317 et
1168 3254 1233 3333 jam
1257 3255 1380 3317 concedi
1409 3273 1500 3335 posse
1524 3255 1596 3330 dixi,

192 3335 196 3340 ’
232 3343 296 3423 jam
320 3342 439 3424 quidem
462 3343 601 3417 cernitur,
625 3350 785 3424 postquam
800 3342 902 3424 Tycho
927 3362 1011 3404 snam
1035 3344 1135 3406 muudi
1159 3343 1285 3405 sormam
1307 3343 1520 3406 diversissimis
1545 3344 1595 3405 in·

190 3449 198 3457 ·
238 3433 344 3494 ductus
368 3432 552 3511 argumentis
576 3440 607 3493 et
620 3432 779 3493 coustituit
793 3439 828 3493 et
843 3431 988 3513 prodidit.
1035 3433 1160 3513 Absque
1177 3433 1233 3494 hoc
1248 3439 1341 3508 esset,
1366 3433 1446 3495 hand
1461 3433 1598 3516 equidem

237 3521 311 3594 scio,
335 3541 373 3582 an
398 3521 552 3601 quisquam
583 3521 659 3583 aden
683 3522 764 3583 felici
793 3523 910 3583 tuturus
935 3521 1043 3583 luisset
1063 3522 1198 3601 ingenio,
1234 3530 1267 3584 ut
1299 3541 1336 3583 ex
1355 3523 1419 3584 solo
1443 3522 1597 3602 Apollonii

237 3611 424 3692 problemate
439 3610 576 3689 inspecto
591 3611 620 3671 iu
636 3611 786 3692 Tyclronis
810 3609 1013 3690 cogitationes
1028 3611 1160 3673 incidere
1175 3611 1344 3692 potuisset;
1369 3612 1445 3673 adeo
1469 3612 1598 3674 obscura

240 3708 288 3762 est
311 3700 387 3761 haec
411 3699 551 3780 cognatio
575 3718 741 3780 coccusque
764 3699 921 3761 transitus.

327 3788 415 3850 Alter
445 3807 484 3849 cx
511 3789 663 3862 veteribus
686 3789 820 3871 Tychoni
848 3788 887 3850 ab
910 3789 989 3850 Urso
1018 3794 1160 3867 tanquam
1188 3788 1322 3850 aemulus
1351 3790 1389 3851 ob
1413 3790 1516 3852 oculos
1540 3790 1598 3851 ad-

239 3877 357 3939 ducitur
379 3876 590 3939 Martianus
614 3875 784 3958 Capella,
803 3873 844 3952 ¹’)
873 3879 903 3938 in
928 3896 986 3957 quo
1009 3876 1102 3938 multo
1125 3877 1222 3940 adhuc
1246 3877 1424 3940 imbecillius
1448 3886 1513 3940 stat
1535 3879 1597 3941 Ur·

174 3959 183 3970 ’
215 3986 291 4029 -sus
322 3985 410 4046 quam
440 3965 469 4026 in
494 3966 665 4046 Apollonio.
711 3968 833 4030 Etenim
856 3968 882 4027 is
906 3975 1025 4039 auctor,
1059 3984 1126 4027 cnm
1154 3967 1312 4029 honestam
1340 3987 1356 4028 e
1380 3966 1478 4029 literis
1507 3968 1597 4030 animi

238 4055 455 4118 recreationem
478 4065 598 4136 peteret
621 4057 681 4130 (vir
705 4056 784 4118 enirn
811 4056 952 4136 politicus
976 4064 1043 4116 erat
1072 4062 1104 4116 et
1125 4074 1250 4135 praeses
1273 4057 1428 4131 Africae),
1459 4058 1597 4137 poeticen

239 4142 489 4226 encyclopaediae
513 4146 692 4225 conjungere
718 4145 841 4219 statuit,
874 4145 1034 4228 fabulaque
1057 4145 1245 4224 pereleganti
1275 4147 1403 4207 conficta
1425 4147 1463 4208 de
1486 4146 1599 4226 nuptiis

239 4233 381 4295 Mercurii
405 4242 436 4295 et
454 4234 652 4315 Philologiae,
677 4254 744 4296 cum
767 4234 989 4314 philosophiam
1004 4233 1192 4296 Platonicam
1215 4243 1279 4296 tum
1301 4234 1331 4296 in
1354 4237 1454 4316 specie
1482 4245 1598 4316 septem

240 4331 324 4384 artes
349 4325 397 4397 (nt
419 4324 624 4403 appellamus)
650 4320 791 4385 liberales
815 4323 861 4384 ita
882 4323 986 4402 tetigit
1009 4330 1041 4383 et
1062 4324 1219 4403 percurrit,
1243 4333 1277 4386 ut
1299 4343 1357 4386 non
1372 4333 1490 4387 tantum
1512 4344 1597 4387 snm·
1665 4341 1671 4346 ·

239 4431 319 4474 mem
350 4412 494 4493 cujusque
525 4413 700 4475 brevissime
733 4420 912 4492 exponeret,
945 4413 1000 4473 sed
1032 4411 1124 4474 ctiam
1147 4413 1289 4493 quidquid
1317 4414 1346 4474 in
1375 4414 1500 4493 siugulis
1532 4415 1598 4494 ipse

240 4501 485 4579 deprehendebat
507 4502 634 4582 insigne,
658 4503 839 4576 abstrusum,
863 4501 1085 4574 admirandum,
1110 4510 1163 4563 aut
1185 4502 1247 4563 tale
1276 4504 1354 4583 qnod
1379 4503 1475 4584 ipsum
1497 4505 1596 4585 potis·

239 4590 345 4651 tinmm
369 4590 532 4663 afficiebat,
556 4591 588 4654 id
611 4611 678 4654 cum
702 4591 861 4670 diligentia
875 4590 1106 4671 cincinnatoque
1127 4590 1208 4672 stylo
1223 4590 1398 4654 inculcaret.
1445 4593 1479 4654 In
1495 4601 1596 4656 astro·

240 4677 341 4740 nomia
363 4679 567 4752 Macrobintn‚
590 4681 720 4744 Plinium
744 4688 776 4742 et
798 4679 1184 4759 vitruviumpocissimum
1208 4689 1329 4743 secutus
1352 4689 1417 4755 est,
1441 4681 1597 4744 Romanus

240 4767 368 4832 Latinos
392 4767 556 4848 scriptores
584 4770 673 4851 idque
697 4769 789 4845 adeo,
814 4776 848 4832 ut
871 4788 910 4831 ne
924 4769 1044 4850 quidem
1059 4767 1098 4830 ab
1112 4770 1262 4833 erroribus
1284 4787 1387 4834 eorum
1410 4770 1595 4848 discesserit,
1691 4821 1693 4828 ,
