3609 5634
776 283 861 350 coe
876 283 977 336 x-n.
1497 285 1560 353 ras

193 445 265 515 quis
283 444 440 515 praecessit
452 451 603 516 acceptus
613 445 688 501 illius
703 445 817 512 numeri,
840 449 887 502 sed
908 447 971 503 ideo
990 448 1116 521 sequitu
1132 453 1283 520 oonoeptns
1302 448 1418 514 numen,
1437 450 1504 523 qnia
1516 465 1563 508 res

191 523 383 595 geometricae
402 525 509 580 habent
527 525 603 581 illam
622 526 856 596 multiplicitatem
873 527 902 582 in
916 545 955 592 se,
979 529 1133 584 existentes
1152 530 1233 600 ipsae
1247 545 1376 584 numerus
1390 537 1560 587 numeratus.

276 606 310 674 b)
329 606 403 660 Ecce
426 605 602 662 manifestam
623 606 886 672 hallucinationem
908 615 971 663 coto
992 626 1046 663 non
1070 616 1194 680 estpars
1209 609 1399 681 sexagenarii,
1422 613 1470 665 sed
1490 612 1561 665 bens

193 701 262 754 pars
284 690 328 739 est
347 685 453 741 numeri
477 685 548 753 120,
571 686 617 758 qni
637 695 682 741 est
703 687 745 742 bis
767 688 815 742 60.

782 923 977 932 ,4Μ

770 1120 891 1234 Caput
916 1120 985 1195 XI.

517 1277 576 1342 Dc
592 1277 656 1342 cita
674 1297 855 1362 caporum,
874 1288 904 1344 et
921 1280 1043 1364 arigim
1059 1281 1196 1348 sodiocs'.
1212 1284 1240 1356 ⁸)

288 1420 422 1482 Infestos
445 1420 476 1484 in
499 1420 547 1482 his
574 1421 725 1503 capitibus
753 1422 871 1484 habebo
898 1421 1056 1503 physicos,
1089 1430 1265 1503 propterea,
1299 1423 1376 1503 qnod
1405 1424 1561 1487 naturales
1612 1417 1619 1422 ’

193 1508 387 1587 planetarum
409 1510 611 1590 proprietates
638 1530 675 1573 er
699 1511 788 1574 rebus
811 1510 1060 1574 immaterialibus
1084 1520 1116 1573 et
1134 1511 1236 1592 liguris
1255 1512 1478 1575 mathematicis
1502 1513 1559 1574 de-

195 1598 278 1672 duxi,
303 1616 392 1678 porro
416 1618 488 1660 vero
511 1600 603 1662 etiarn
627 1619 664 1661 ex
688 1599 768 1662 nuda
792 1600 1007 1681 imaginatione
1027 1602 1195 1663 sectionum
1219 1601 1404 1682 quarundam
1428 1601 1559 1681 origines

196 1687 375 1749 circulorum
397 1688 583 1769 investigare
606 1689 744 1751 audeam.
790 1689 847 1751 His
870 1690 976 1768 paucis
1003 1708 1180 1771 responsum
1207 1690 1297 1751 uolo:
1326 1691 1405 1770 qnod
1429 1688 1560 1754 Creator

196 1776 300 1846 Deus,
328 1794 394 1838 eum
418 1778 568 1839 mensuit
595 1787 626 1839 et
659 1797 735 1859 qnae
765 1779 831 1840 vult
860 1778 973 1852 faciat,
1002 1797 1061 1840 non
1084 1778 1296 1859 prohibeatur,
1327 1797 1384 1859 quo
1407 1779 1506 1841 minus
1528 1779 1559 1841 in

197 1863 342 1945 aptandis
365 1865 479 1929 viribus
502 1875 535 1929 et
558 1866 754 1947 designandis
778 1867 899 1930 circulis
925 1867 964 1928 ad
992 1887 1041 1930 res
1064 1868 1113 1929 vel
1136 1866 1200 1929 sine
1224 1867 1353 1930 materia
1374 1868 1423 1930 vel
1447 1868 1559 1949 imagi-

198 1955 320 2016 natione
343 1962 520 2018 constantes
544 1956 696 2036 respiciat.
743 1954 875 2018 Etcum
898 1956 972 2020 nihil
995 1957 1072 2019 velit
1093 1956 1159 2031 ille,
1189 1955 1246 2019 nisi
1274 1976 1391 2019 summa
1418 1976 1484 2019 cnm
1505 1978 1558 2019 ra-

198 2044 297 2119 tione,
330 2042 462 2124 nihilque
486 2052 609 2126 praeter
625 2045 698 2124 ejus
728 2045 916 2107 voluntatem
944 2045 1098 2119 extiterit,
1131 2046 1234 2108 dicant
1261 2046 1354 2127 igitur
1382 2046 1557 2121 adversarii,
1669 2045 1672 2054 '

199 2151 347 2213 quaenam
371 2134 450 2195 aliae
472 2134 608 2196 rationes
631 2134 698 2196 Deo
723 2134 833 2196 fuerint
862 2135 1063 2214 optandarum
1090 2135 1198 2198 virium
1226 2142 1304 2209 etc,
1339 2154 1404 2197 cnm
1437 2144 1560 2215 praeter

199 2221 385 2302 quantitates
408 2221 483 2284 nihil
506 2224 612 2286 esset?
657 2221 747 2293 Quod
771 2223 811 2297 si,
837 2223 906 2285 dnm
929 2222 1002 2285 nihil
1026 2223 1194 2298 inveniunt,
1220 2224 1258 2285 ad
1281 2223 1559 2308 imperscrutabiles

199 2308 382 2374 conditricis
406 2310 583 2391 Sapientiae
606 2312 686 2373 vires
710 2309 903 2392 confugiant:
935 2312 1069 2375 habeant
1096 2312 1154 2375 sibi
1182 2331 1256 2373 sane
1284 2311 1362 2374 hauc
1389 2312 1558 2394 inquirendi

198 2400 452 2479 temperantiam,
486 2401 597 2481 illaque
621 2419 688 2463 cum
711 2400 836 2481 pietatis
860 2400 999 2481 opinione
1031 2401 1185 2477 fruantur,
1221 2419 1275 2462 nos
1307 2420 1379 2462 vero
1406 2402 1563 2481 patiantur

199 2507 310 2551 causas
334 2507 372 2550 ex
396 2489 616 2570 quantitatibus
640 2489 820 2551 verisimiles
843 2489 984 2560 reddere,
1015 2489 1173 2552 dummodo
1201 2489 1274 2552 nihil
1299 2489 1453 2569 indignum
1475 2499 1562 2554 tanto

199 2577 335 2640 dicamus
359 2576 484 2659 Opifice.
500 2577 529 2653 b)
577 2579 672 2643 Nulla
694 2578 786 2659 igitur
808 2578 928 2641 vinetus
951 2578 1095 2659 religione
1118 2596 1211 2660 pergo
1235 2579 1274 2640 ad
1296 2577 1562 2659 investigationem

199 2666 326 2730 zodiaci.

288 2757 335 2817 Ac
360 2754 447 2818 initio
472 2755 611 2818 existimo
635 2754 875 2818 verisimiliorem
894 2773 1050 2836 corporum
1075 2754 1165 2817 sitnm
1190 2754 1355 2835 excogitari
1378 2774 1436 2816 non
1459 2772 1560 2834 posse,

199 2864 289 2925 qnam
313 2864 379 2906 cum
403 2844 508 2914 cubus,
533 2845 666 2906 maxima
688 2845 860 2923 figurarum,
885 2844 1038 2906 inseratur
1057 2843 1122 2906 orbi
1141 2844 1416 2925 quomodocunque,
1440 2844 1561 2905 namin

199 2933 311 2996 circulo
326 2933 440 2996 nullum
455 2942 504 2995 est
517 2935 643 2997 initium.
674 2931 805 3013 Oportet
820 2940 921 2994 autem
944 2931 1091 3018 principia
1108 2933 1173 2995 sine
1192 2932 1308 2996 ratione
1324 2931 1517 3005 constituere,
1534 2932 1560 3006 ⁰)

200 3043 238 3084 ne
260 3022 394 3084 infinitus
418 3022 472 3084 liat
495 3020 707 3103 regressus&
735 3029 767 3084 et
789 3030 825 3083 ut
847 3021 1010 3103 aliquando
1031 3021 1195 3085 transitum
1217 3021 1384 3084 habeamus
1398 3024 1425 3093 0)
1450 3020 1488 3083 ab
1510 3020 1559 3082 in-

199 3110 287 3173 finita
309 3111 446 3191 potentia
469 3112 507 3173 ad
532 3113 646 3174 finitum
669 3118 779 3174 actum.
825 3108 897 3172 Jam
928 3109 1019 3190 igitur
1050 3131 1111 3173 nna
1142 3111 1284 3175 facierum
1317 3118 1478 3171 censeatur
1505 3127 1560 3190 pro

200 3199 278 3262 basi.
328 3199 465 3282 Pyrams
489 3201 582 3282 igitur
604 3200 763 3262 inserenda
786 3199 862 3263 cubo
886 3199 1038 3260 mediante
1061 3199 1133 3261 orbe
1155 3200 1245 3262 Jovio
1269 3199 1360 3261 debet
1382 3198 1470 3260 basin
1494 3196 1561 3259 basi

118 3359 120 3364 ,
200 3289 269 3351 cubi
291 3292 482 3368 nopollqlos
505 3299 607 3352 tenere
622 3288 663 3363 ¹):
693 3295 725 3350 et
753 3289 963 3350 dodecaedron
987 3289 1152 3370 pyramidis
1174 3290 1251 3352 basi.
1264 3289 1292 3363 1)
1338 3288 1440 3350 Aliter
1463 3287 1563 3349 ferunt

201 3378 445 3441 secundariorum
467 3380 687 3459 proprietates,
717 3384 751 3440 ut
772 3378 912 3441 vidimus.
958 3377 1143 3458 Erigendum
1166 3379 1259 3458 igitur
1281 3377 1459 3439 icosabdron
1482 3374 1564 3437 intra

201 3468 425 3541 dodecaedron,
458 3467 503 3530 ita
529 3476 564 3530 nt
587 3466 744 3548 diagonios
768 3466 848 3528 illius
875 3466 931 3527 fiat
952 3466 1071 3548 utrique
1095 3468 1302 3550 oppositarum
1324 3465 1442 3527 basium
1465 3464 1561 3526 dode-

201 3556 304 3618 cae'dri
326 3556 582 3639 perpendicularis
605 3557 636 3618 in
661 3555 781 3617 centris.
817 3555 934 3618 Eodem
948 3564 1038 3635 pacto
1053 3556 1294 3636 suspendendum
1317 3554 1377 3616 erlt
1398 3552 1562 3615 octaedron

202 3644 323 3708 minima
345 3647 505 3726 figurarum
528 3647 608 3708 intra
632 3644 819 3717 icosaedron,
843 3643 887 3706 ita
910 3650 946 3706 ut
969 3652 1039 3706 acta
1065 3655 1150 3707 reeta
1170 3644 1273 3707 veniat
1298 3643 1331 3718 1)
1354 3661 1409 3723 ρετ
1427 3648 1563 3704 centrum

202 3734 284 3796 basis
312 3735 342 3796 in
372 3734 465 3809 cubo,
498 3732 535 3810 2)
560 3753 614 3815 ρετ
641 3742 776 3796 centrum
807 3732 891 3795 basis
925 3733 1142 3807 tetrabdricae,
1177 3731 1213 3807 3)
1236 3752 1291 3814 per
1313 3739 1448 3794 centrum
1472 3731 1561 3812 qnin-

203 3821 344 3905 qnangnli
369 3823 595 3899 dodecaedrici,
619 3819 655 3898 4)
679 3842 733 3904 ρετ
756 3822 896 3902 angulum
920 3821 1087 3892 icosae'dri‚
1113 3821 1149 3895 5)
1172 3841 1227 3903 ρετ
1250 3822 1392 3902 angulum
1415 3817 1561 3895 octaedri,

203 3909 238 3985 6)
262 3932 316 3993 per
339 3921 473 3976 centrum
497 3913 597 3976 mnndi
627 3919 658 3974 et
680 3929 787 3991 corpus
811 3909 934 3986 Solare,
966 3919 998 3974 et
1025 3929 1113 3991 porro
1137 3910 1286 3974 similibus
1302 3909 1484 3973 'interstitiis
1508 3926 1563 3989 per

203 4003 357 4082 oppositos
388 4000 423 4075 7)
447 4002 596 4077 octaedri,
623 3999 659 4076 8)
683 3999 831 4064 ἰεοεεόᾶτί
856 4001 993 4080 angulos,
1018 3998 1055 4073 9)
1075 3999 1283 4063 dodecatdrici
1307 3998 1390 4080 plani
1414 4006 1562 4069 centrum,

145 4093 152 4105 “
207 4089 262 4165 10)
286 4091 431 4153 tetratdri
459 4091 621 4172 angulum,
659 4089 712 4164 11)
741 4089 841 4151 cubici
865 4090 949 4170 plani
977 4097 1122 4154 centrum.
1137 4088 1166 4165 h)
1212 4089 1337 4169 Majoris
1364 4087 1441 4150 lucis
1469 4104 1564 4148 causa
1669 4129 1677 4142 .

203 4180 304 4260 relego
327 4186 358 4241 ts
381 4180 420 4241 ad
448 4181 610 4253 tabellam,
642 4179 694 4241 nbi
717 4179 818 4241 omnia
841 4197 968 4261 corpora
996 4179 1036 4242 sd
1062 4180 1141 4242 hunc
1170 4180 1290 4242 modum
1313 4181 1459 4256 expressa
1481 4181 1561 4235 sunt
1620 4186 1633 4194 ·

203 4268 319 4340 Quibus
343 4269 389 4330 ita
410 4269 585 4331 constitutis
609 4287 667 4330 non
690 4275 808 4330 mutum
830 4286 981 4348 apparens
1004 4268 1035 4329 in
1061 4269 1205 4330 octabdro
1229 4265 1423 4349 quadratum,
1446 4280 1561 4343 aequa-

203 4358 273 4419 liter
296 4377 314 4418 ε
337 4357 426 4420 dictis
451 4358 565 4420 dnobus
597 4356 714 4437 augulis
744 4365 911 4431 remotum,
946 4358 972 4420 si
1001 4358 1184 4439 producatur
1213 4353 1423 4427 circumcirca,
1458 4369 1562 4414 ornnes

203 4447 313 4525 figuras
338 4456 429 4529 atque
453 4448 529 4509 adeo
553 4454 649 4508 totnrn
673 4446 812 4507 mundum
836 4446 866 4506 in
889 4446 962 4507 bina
984 4445 1100 4508 diuidet
1123 4445 1275 4526 aequalia,
1300 4442 1469 4504 sedetiam
1493 4459 1560 4502 om-

203 4535 283 4597 nium
315 4536 461 4611 laterum,
499 4555 576 4618 quae
609 4533 676 4615 quis
707 4532 787 4595 inter
819 4534 916 4596 dictos
950 4535 1083 4616 angulos,
1109 4542 1141 4596 et
1172 4542 1276 4596 centra
1307 4530 1407 4594 media
1437 4547 1561 4592 censere

204 4624 353 4705 potasti)
377 4645 478 4688 eorum
502 4625 622 4706 inquam
646 4622 775 4684 omnium
799 4621 823 4684 si
848 4622 1029 4703 regulariter
1051 4632 1201 4705 ponantur
1223 4622 1374 4684 sectiones
1389 4627 1520 4696 mutuae,
1531 4617 1562 4696 ¹¹)

205 4733 281 4793 quae
304 4713 500 4796 prospicienti
524 4735 562 4776 ex
585 4719 687 4775 centro
712 4719 868 4792 apparent,
892 4721 1055 4775 versantur
1068 4712 1097 4776 in
1112 4711 1216 4778 eodem
1234 4710 1373 4793 quadrati
1397 4710 1563 4774 octaedrici

206 4804 380 4867 continuato
403 4806 506 4884 plano.
544 4802 637 4884 quue
659 4799 818 4887 praecipue
843 4799 873 4863 iu
895 4801 1070 4866 multifaciis
1092 4808 1127 4863 ut
1149 4801 1286 4882 cognatis
1307 4809 1445 4881 apparet
1481 4800 1562 4864 Nam
