3609 5634
289 382 355 446 372
710 383 810 433 Literae
828 384 931 447 Kepleri
949 384 1099 448 aliorumque
1118 389 1220 432 mutuae

290 551 449 622 portunum
484 541 542 621 ipsi
575 541 633 602 fuit
666 541 703 602 de
726 542 828 604 mundi
855 543 1020 626 archetypo
1045 541 1197 622 cogitare,
1232 541 1281 622 qui
1304 541 1405 604 estin
1429 537 1594 620 geometria
1619 543 1656 598 et

289 632 463 694 nominatim
490 632 518 691 iu
533 629 669 704 Euclide,
693 630 873 711 philosopho
897 639 944 693 ter
958 631 1099 693 marimo.
1137 629 1233 691 Nobis
1253 638 1385 706 constat,
1409 636 1543 691 creatum
1556 645 1652 688 muu-

289 721 357 783 dum
382 727 414 781 et
432 728 603 799 quantum
629 718 762 794 lactum3
786 720 989 799 geometricae
1004 721 1116 801 figurae
1141 719 1184 794 (h
1199 738 1227 782 e.
1252 717 1553 800 quantitativae)
1577 721 1654 777 sunt

288 810 371 871 entia
403 808 539 869 rationis.
586 806 679 868 Ratio
712 817 846 870 aeterna.
892 809 975 888 Ergo
1009 809 1122 889 figurae
1156 810 1357 889 geometricae
1390 815 1461 869 sunt
1492 814 1652 876 aeternae,

287 915 395 978 nempe
420 896 459 958 ab
483 905 606 958 aeterno
629 914 732 957 vemm
756 906 823 958 erat
846 896 876 958 iu
899 906 999 959 mente
1021 897 1096 972 Dei,
1126 896 1232 958 lateris
1261 896 1443 978 tetragonici
1466 894 1653 976 quadratum

286 1006 312 1048 e.
329 1006 372 1067 gr.
394 1005 462 1047 esse
486 984 639 1046 dimidium
663 984 698 1045 de
715 987 862 1066 quadrato
878 987 1027 1049 diametri.
1069 985 1152 1066 Ergo
1176 994 1313 1066 quanta
1336 994 1406 1049 sunt
1420 983 1521 1046 mundi
1535 981 1652 1044 arche·

286 1085 388 1158 typus.
435 1073 470 1136 Si
493 1073 576 1135 Deus
600 1073 816 1155 dyennerpqner
846 1076 924 1137 inter
951 1075 1127 1150 creandum,
1163 1085 1194 1136 et
1217 1075 1363 1139 animales
1387 1074 1550 1136 facultates
1576 1077 1653 1132 sunt

286 1163 471 1245 exemplaria
484 1162 558 1237 Dei;
583 1164 745 1226 secundum
770 1164 860 1226 illud:
885 1164 1102 1240 „Praesentem
1123 1163 1216 1225 refert
1238 1165 1391 1246 quaelibet
1404 1163 1498 1226 herba
1511 1159 1652 1233 Denm,“

285 1272 356 1333 ergo
389 1262 420 1315 et
452 1252 598 1314 animales
631 1252 794 1314 facultates
823 1275 1039 1332 γεωμετρουσι,
1073 1253 1144 1314 dum
1178 1252 1210 1314 id
1234 1272 1308 1333 opus
1331 1255 1524 1324 continuant,
1558 1249 1651 1327 cnjus

285 1343 384 1422 operis
417 1341 530 1401 creatio
564 1339 636 1401 lecit
667 1340 793 1403 initium.
839 1341 902 1403 Sed
926 1343 1002 1404 satis
1035 1342 1071 1402 de
1095 1341 1141 1402 his
1167 1340 1196 1402 in
1220 1343 1432 1422 disputatione.
1478 1338 1652 1402 Confirmat

285 1440 386 1492 autem
410 1449 472 1490 rem
497 1429 651 1490 musica.
697 1430 790 1491 Dicat
811 1429 884 1491 mihi
909 1431 975 1511 quis
990 1450 1114 1494 causam
1129 1429 1220 1493 aliam
1244 1441 1417 1505 concentus,
1442 1434 1649 1491 corosanam

285 1519 426 1592 delectet,
452 1517 485 1579 δι’
501 1513 575 1580 ἑπτα
599 1517 732 1581 offendat
755 1538 853 1593 aures,
879 1536 968 1599 quam
992 1519 1069 1581 hanc
1093 1519 1200 1598 ipsam,
1226 1540 1316 1601 qnam
1335 1539 1391 1600 ego
1407 1519 1483 1593 dico,
1508 1533 1648 1580 commn-

284 1626 351 1670 nem
374 1607 506 1670 musicae
531 1615 563 1667 et
586 1608 771 1685 aspectibus.
818 1607 880 1670 Sed
905 1607 1072 1688 supplenda
1095 1607 1143 1669 hic
1168 1607 1300 1671 definitio
1319 1610 1469 1670 rationum
1488 1603 1663 1667 harmoni-⁴

283 1715 385 1758 carum
408 1716 446 1757 err
469 1695 668 1770 harmonicis,
702 1703 736 1757 dt
764 1697 889 1770 videas,
924 1715 992 1758 esse
1016 1704 1134 1757 tantum
1158 1706 1237 1760 octo.
1283 1697 1376 1760 Ratio
1399 1694 1573 1759 harmonica
1595 1699 1649 1753 est

281 1785 359 1848 ratio
387 1785 540 1864 perfecta,
574 1782 672 1845 solida
704 1793 735 1846 et
761 1805 840 1846 nexa
867 1806 886 1845 a
913 1786 1030 1847 ratione
1061 1786 1265 1866 aequalitatis.
1312 1786 1454 1848 Perfecta
1486 1782 1566 1846 ratio
1593 1787 1647 1843 est

281 1875 360 1936 inter
384 1875 528 1935 terminos
551 1873 712 1952 perfectos.
760 1873 892 1935 Termini
915 1874 1042 1953 perlecti
1067 1883 1137 1936 sunt
1157 1875 1271 1938 numeri
1285 1875 1443 1954 figurarum
1458 1871 1646 1953 regularium

281 1961 574 2035 demonstrabilinm,
608 1961 638 2022 h.
663 1980 689 2023 e.
720 1980 843 2041 quarum
873 1963 970 2024 latera
1001 1963 1049 2024 vel
1073 1986 1148 2026 nura
1171 1985 1263 2041 μηκος
1296 1965 1344 2025 vel
1368 1986 1443 2026 aare
1465 1965 1578 2032 πλατος
1596 1980 1645 2020 και

283 2071 518 2130 rerpaynrropor
541 2052 588 2121 (et
610 2049 667 2111 hoc
689 2052 738 2111 vel
763 2046 874 2125 ἁπλῶς,
897 2052 947 2113 vel
969 2055 1145 2130 προσθέσει,
1169 2053 1218 2114 vel
1240 2051 1398 2132 ἀφαιρεσει
1421 2051 1547 2115 alterius
1562 2067 1644 2131 qua·

284 2139 364 2201 drati
387 2139 451 2200 noti
475 2162 522 2200 και
540 2133 641 2216 ῥητου,
666 2145 698 2199 et
720 2140 919 2219 completione
942 2139 1081 2218 figurae),
1107 2150 1177 2202 sunt
1200 2142 1417 2219 comparabilia
1440 2160 1505 2204 cum
1522 2139 1642 2201 diame-

282 2238 330 2291 tro
362 2228 474 2291 circuli.
527 2229 610 2300 (Nota
628 2235 732 2300 Keplcri
748 2237 775 2286 in
793 2239 923 2305 margine:
955 2241 1028 2294 Huic
1053 2240 1280 2312 contemplationi
1306 2243 1476 2296 diversorum
1502 2242 1643 2312 paduam

282 2325 494 2396 comparationis
508 2325 628 2381 laterum
641 2345 701 2381 cum
710 2327 844 2382 diametro
859 2329 953 2384 circuli
961 2330 1142 2400 peculiariter
1150 2332 1301 2401 deputatus
1311 2340 1356 2386 est
1364 2331 1436 2384 liber
1443 2329 1479 2384 X.
1490 2320 1641 2394 Euclidis.)

281 2405 362 2466 h'am
385 2407 571 2484 comparatio
594 2413 644 2467 est
665 2409 858 2483 mensuratio,
881 2428 1054 2471 mensurare
1079 2420 1128 2471 est
1148 2411 1245 2484 scire;
1269 2410 1376 2472 infiniti
1395 2410 1478 2470 nulla
1498 2423 1643 2468 mensura

281 2495 330 2555 vel
354 2493 491 2555 scientia.
539 2493 718 2575 Septauguli
742 2495 836 2568 latus,
861 2507 895 2558 ut
919 2505 950 2558 et
972 2498 1148 2577 nonauguli‚
1175 2499 1394 2578 undecanguli,
1419 2493 1639 2573 tredecanguli,

283 2582 400 2662 fugiunt
423 2601 526 2644 omnes
550 2584 761 2664 aequationes,
795 2585 865 2666 quia
887 2587 1021 2664 ipsorum
1048 2587 1199 2649 certitudo
1223 2586 1419 2666 longitudinis
1443 2584 1586 2647 consistit
1608 2580 1642 2641 in

279 2670 438 2745 infinitate,
463 2690 539 2751 quae
562 2674 737 2746 mensurari,
763 2674 842 2750 sciri,
866 2674 1016 2753 permeari
1040 2677 1099 2736 non'
1124 2684 1235 2755 potest,
1260 2694 1296 2737 eo
1319 2678 1386 2758 ipso
1409 2695 1446 2737 ue
1469 2673 1642 2753 implicetur

281 2758 489 2822 contradictio.
536 2761 584 2821 Ex
608 2763 665 2823 hac
689 2761 804 2841 origine
829 2763 1043 2824 consistentiae
1076 2764 1105 2824 iu
1129 2765 1275 2826 infinitate
1304 2765 1438 2846 seqnitur
1459 2762 1489 2824 in
1513 2777 1640 2842 geome-

280 2847 358 2909 trica
382 2870 638 2926 σωματοποιησει,
672 2851 750 2931 quod
779 2870 873 2931 neque
898 2859 1021 2927 coeant,
1055 2872 1149 2933 neque
1177 2852 1257 2915 iuter
1288 2874 1321 2916 se
1354 2871 1449 2934 neque
1481 2870 1549 2913 cnm
1571 2849 1641 2911 aliis

279 2939 470 3012 coeuntibus,
502 2957 597 3019 neque
622 2941 660 3000 ad
684 2940 877 3001 sternendam
900 2939 1058 3021 planitiem
1083 2960 1177 3021 neque
1201 2941 1240 3003 ad
1260 2942 1457 3005 claudendum
1471 2941 1570 3002 locum
1584 2957 1639 3000 so·

282 3026 384 3087 lidum.
422 3026 627 3106 triangulum,
649 3029 895 3108 quadrangulum,
924 3030 1186 3111 quinquangulum,
1201 3032 1408 3111 sexangulum,
1435 3027 1637 3109 octangulum,

146 3123 152 3130 “
247 3167 264 3200 ,
280 3114 494 3192 decangulum,
519 3134 574 3194 pes
598 3125 732 3192 truttae‚
757 3128 873 3194 crates,
898 3120 1018 3199 aliaque
1042 3119 1226 3200 decangula,
1252 3131 1362 3183 coeunt
1383 3119 1467 3181 varie
1491 3119 1569 3180 inter
1592 3135 1637 3190 se,

279 3203 328 3263 vel
360 3221 427 3262 curu
459 3203 516 3264 sibi
541 3203 688 3269 similibus
721 3209 769 3268 vel
798 3227 865 3268 cum
894 3208 1001 3281 sociis3
1035 3209 1079 3269 uti
1110 3216 1211 3271 crates
1235 3210 1327 3271 etiam
1356 3209 1436 3271 iuter
1459 3227 1492 3269 se
1516 3215 1637 3279 coeunt,

279 3290 334 3351 sed
357 3289 451 3363 hiant,
476 3310 535 3352 non
560 3293 688 3372 undique
711 3296 899 3357 soliditatem
923 3296 1067 3358 claudunt
1089 3297 1142 3359 hc.
1190 3298 1297 3379 ltaque
1322 3298 1425 3360 invitis
1448 3296 1542 3358 etiam
1564 3295 1637 3376 phi·

277 3377 411 3459 losephis
434 3378 575 3459 ingerunt
598 3400 666 3443 sese
688 3402 742 3462 pro
766 3384 940 3465 archetypis
964 3385 1141 3457 creationis,
1170 3387 1240 3467 quia
1262 3395 1295 3449 et
1315 3387 1384 3467 ipsa
1408 3386 1487 3448 intra
1510 3402 1636 3465 geome-

276 3466 353 3528 triae
378 3467 489 3529 limites
513 3469 697 3532 creationem
711 3473 843 3552 aliquam
867 3473 1089 3535 administrant.
1136 3474 1179 3538 Et
1194 3476 1232 3537 ab
1247 3476 1304 3538 hac
1322 3476 1451 3538 coitione
1466 3473 1637 3537 definissem

276 3556 431 3636 perfectas
454 3557 574 3637 figuras,
600 3559 658 3622 uisi
682 3561 739 3622 duo
762 3563 953 3625 rhomborum
973 3583 1085 3644 genera
1099 3565 1192 3626 etiam
1212 3567 1336 3642 coirent,
1361 3583 1436 3646 quae
1455 3562 1638 3644 irregulares

276 3647 388 3725 figurae
413 3655 484 3708 sunt
507 3648 617 3711 circulo
646 3669 704 3712 non
729 3659 836 3731 eptae3
875 3673 930 3714 nos
959 3671 1030 3714 vero
1058 3653 1168 3715 circulo
1196 3654 1364 3735 indigemus
1393 3655 1431 3716 ad
1460 3653 1637 3732 angulorum

277 3735 539 3799 mensurationem.
587 3741 669 3808 (Nota
687 3748 712 3796 in
730 3760 825 3815 marg:
845 3740 1053 3822 proprietates
1076 3742 1182 3805 harum
1204 3744 1363 3824 figurarum
1387 3750 1499 3824 cogunt
1516 3740 1636 3822 quidem

277 3822 407 3902 aliquam
433 3826 648 3905 longitudinem
670 3835 801 3910 certam,
826 3830 880 3891 sed
905 3850 1057 3910 expensae
1079 3841 1189 3911 petunt
1210 3833 1388 3913 principium
1411 3833 1442 3894 in
1466 3829 1633 3894 ratiocina-

278 3910 369 3973 tione.
416 3911 450 3975 Si
474 3914 540 3994 quis
563 3915 690 3977 haberet
714 3918 793 3978 latus
816 3920 999 3998 septanguli,
1023 3921 1098 3982 illud
1122 3922 1197 3983 haec
1221 3931 1252 3984 et
1274 3923 1328 3985 illa
1353 3929 1534 4002 praestaret.
1571 3917 1635 3981 Sed

276 4019 363 4062 nemo
386 4020 516 4083 uuquam
538 4005 586 4065 vel
610 4003 640 4064 iu
664 4003 780 4078 charta,
804 4009 852 4070 vel
875 4009 906 4069 iu
930 4009 1070 4085 numeris,
1095 4012 1145 4072 vel
1168 4011 1196 4072 in
1220 4019 1321 4073 mente
1340 4009 1446 4072 habuit
1467 4009 1634 4091 perfectum

275 4090 358 4151 latus
381 4091 567 4170 septanguli3
592 4110 651 4153 non
676 4094 740 4172 ipse
763 4094 856 4170 Deus,
883 4097 953 4177 quia
976 4098 1041 4177 ejus
1065 4100 1201 4162 essentia
1223 4102 1253 4162 in
1276 4100 1333 4161 hoc
1348 4099 1498 4173 consistit,
1522 4106 1634 4160 utnon

274 4178 380 4240 haberi
403 4179 502 4258 possit
524 4189 633 4243 mente.
683 4181 799 4245 Contra
824 4184 860 4246 de
884 4185 1124 4267 quinquangnlo,
1158 4188 1208 4251 ubi
1239 4189 1405 4269 geometria
1428 4187 1544 4264 definit,
1576 4186 1633 4248 huc

276 4286 344 4329 esse
367 4267 448 4329 latus
462 4269 684 4352 quiuqnanguli,
710 4274 792 4355 cujus
808 4274 987 4355 quadratum
1001 4276 1190 4359 componitur
1203 4297 1241 4342 err
1256 4280 1403 4360 quadrato
1418 4276 1633 4340 semidiametri

276 4363 309 4418 et
330 4356 477 4436 quadrato
496 4358 562 4438 ejus
579 4360 676 4440 partis
695 4361 817 4441 majoris
841 4363 885 4436 (in
900 4365 1034 4426 sectione
1050 4368 1211 4430 secundum
1226 4376 1363 4430 extrema
1377 4375 1409 4430 et
1422 4366 1546 4442 media).
1579 4364 1632 4427 Uti

277 4452 309 4507 et
323 4445 569 4525 quemadmodum
589 4449 812 4512 semidiameter
835 4459 867 4513 et
888 4472 960 4533 pars
984 4454 1199 4518 semidiametri
1223 4458 1318 4537 major
1340 4459 1370 4519 in
1393 4456 1526 4521 sectione
1550 4455 1632 4519 diota

276 4534 456 4613 geometrice
472 4534 589 4612 dautur,
607 4537 650 4599 ita
664 4541 835 4620 septangnli
849 4541 929 4602 latus
943 4543 1083 4620 potentini
1096 4552 1146 4606 est
1160 4545 1190 4607 in
1204 4548 1294 4626 planu
1309 4545 1420 4622 circuli,
1437 4545 1467 4607 h.
1482 4568 1509 4609 e.
1528 4553 1632 4627 potest

276 4621 305 4683 in
329 4643 363 4683 eo
389 4624 544 4697 delineari,
568 4626 622 4688 sed
645 4647 702 4690 non
725 4638 830 4708 potest
852 4650 982 4711 unquam
1005 4642 1150 4713 puuctum
1172 4636 1301 4711 ostendi,
1322 4636 1356 4703 in
1371 4655 1429 4718 qun
1443 4636 1629 4700 terminetur.

275 4710 341 4772 Nec
365 4713 514 4794 sequitur:
539 4714 613 4778 illud
636 4727 750 4798 potest,
776 4737 847 4798 ergo
871 4720 927 4781 hoc
941 4729 1045 4800 potest
1064 4724 1167 4785 etiam.
1204 4724 1285 4786 Nam
1308 4725 1347 4787 ab
1370 4745 1453 4787 esse
1477 4727 1517 4787 ad
1540 4726 1629 4798 sciri

277 4816 335 4859 non
359 4802 505 4882 seqnitur.
552 4802 632 4867 Sunt
655 4806 770 4869 infinita
792 4819 905 4891 puncta
928 4809 957 4870 in
982 4810 1072 4888 linea,
1096 4820 1130 4874 at
1152 4831 1211 4875 nou
1226 4814 1362 4876 sciuntur
1376 4813 1494 4877 infinita
1507 4823 1629 4897 puncta,

275 4897 468 4953 numerentur
497 4891 575 4954 enim
603 4897 701 4959 etsie
724 4896 811 4958 finita
833 4905 946 4959 essent.
992 4898 1053 4964 Est
1074 4900 1168 4981 igitur
1190 4902 1359 4982 speculatio
1383 4903 1431 4966 hic
1454 4903 1629 4986 profundis-
