3609 5634
698 355 729 404 ue
746 354 818 404 neus
836 356 997 422 steropas.
1462 345 1528 428 32⁸1
1605 419 1609 432 Ι

162 508 248 588 plum
273 515 375 571 tamen
396 508 485 590 punit
508 525 606 587 unurn,
630 510 719 591 idque
743 513 822 574 inter
845 515 960 576 rariora
982 518 1122 599 prodigia
1142 522 1245 582 reiert.
1275 521 1396 599 'Nuper
1419 528 1451 581 et
1473 539 1528 583 co-

74 639 87 658 ,
165 611 234 657 rues
260 597 299 658 ab
322 597 461 660 Hoenloe
481 599 582 677 junior
606 601 787 676 affirmavit,
813 617 845 663 ee
869 603 967 684 ipsum
991 623 1049 666 non
1073 608 1118 668 ita
1140 608 1255 688 pridem
1279 614 1436 688 expertum
1460 621 1528 671 esse

163 694 269 747 terrae
292 694 406 749 rnatum
428 688 459 749 in
484 688 656 751 Hullsudia.
704 685 991 754 necessarum
1015 703 1145 758 motuum
1171 693 1226 758 tibi
1250 709 1308 758 non
1328 697 1448 777 penitus
1473 711 1527 760 as·
1617 739 1621 748 -

163 774 294 837 sentim.
341 776 452 838 Forma
476 776 544 854 ipsa
568 787 677 850 motus,
702 798 789 859 qnam
813 779 982 860 perhibent,
1007 785 1163 846 reclamat.
1210 784 1435 848 concussiones
1460 795 1528 848 esse

164 863 321 938 dicuntur,
356 884 468 945 eaeque
498 865 685 946 frequentes,
719 869 870 950 etiamque
898 878 1044 932 tremores
1068 874 1218 935 interdurn
1243 889 1352 939 anuum
1375 875 1526 954 integrum

164 952 322 1015 durantes.
371 951 452 1015 Saue
476 971 623 1017 cavernas
648 957 792 1018 accedere
817 958 854 1019 ad
878 975 988 1020 causas
1016 961 1141 1039 partim,
1175 981 1234 1023 non
1265 949 1314 1024 est
1338 963 1527 1037 incredibile,

165 1043 224 1102 sed
255 1042 319 1118 lta,
353 1050 387 1103 nt
416 1042 617 1106 cuniculorum
650 1046 864 1108 alteiactorum
898 1066 1046 1110 cavernae
1079 1059 1260 1112 concurrunt
1292 1051 1330 1112 ad
1355 1052 1528 1113 eversiones

165 1130 291 1206 artium
317 1147 375 1193 non
399 1131 478 1211 quod
503 1133 668 1230 matutam
686 1133 764 1196 arcis
789 1137 927 1215 excipere
951 1137 1099 1213 debeant,
1130 1141 1184 1200 sed
1210 1148 1242 1201 ut
1265 1141 1418 1219 pulvorem
1442 1140 1527 1201 acci·

165 1217 256 1370 palleali
279 1229 311 1282 et
333 1219 532 1372 Quintium:
567 1232 668 1284 terrue
694 1230 826 1285 motuum
851 1241 922 1286 vero
947 1233 979 1286 et
1002 1227 1205 1308 cuniculorum
1228 1228 1297 1290 mihi
1322 1235 1432 1289 causae
1455 1241 1528 1309 per-

167 1321 283 1370 smree
305 1309 336 1370 vi
397 1317 455 1370 tur.

240 1413 424 1465 Fabricius:
454 1414 492 1464 Ex
508 1415 633 1465 menania
652 1414 714 1465 lucis
733 1415 787 1479 plur
804 1429 923 1482 raporum
947 1415 979 1467 ad
1002 1419 1082 1468 nubet
1107 1417 1292 1469 conshtuendaa
1315 1417 1430 1484 moduni,
1456 1415 1530 1484 quiebi

168 1500 200 1534 ex
218 1486 292 1537 mari.
318 1487 345 1534 iu
369 1498 399 1535 eo
423 1486 468 1535 tibi
486 1495 535 1535 uon
560 1486 690 1537 mentior.
727 1485 818 1536 Nonne
836 1497 903 1552 aqua
920 1490 994 1538 citius
1011 1491 1037 1538 iu
1056 1496 1138 1540 aerem
1155 1491 1273 1554 vapidum
1289 1491 1430 1548 resolvitur,
1455 1499 1530 1555 qtrfl

167 1555 242 1606 'arida
258 1556 303 1606 illa
320 1557 377 1606 loca
393 1556 509 1621 quidquid
528 1556 645 1607 exhalare
663 1557 785 1621 possunt?
822 1559 852 1608 ln
869 1562 995 1610 manuue
1013 1561 1074 1610 locis
1093 1567 1138 1611 aut
1149 1562 1252 1613 rullius
1264 1571 1367 1627 vapores
1386 1563 1458 1613 citius
1470 1575 1528 1616 oon·

166 1634 317 1693 gregantur,
336 1642 411 1694 quam
429 1629 454 1677 in
473 1642 554 1692 aquae
572 1628 709 1691 superficie.
1027 1677 1032 1683 .
1519 1689 1523 1700 ,

244 1697 317 1758 Quod
334 1700 360 1749 in
379 1698 465 1749 Dania
484 1704 528 1748 aut
544 1697 605 1749 loeis
623 1700 753 1748 maritimis
772 1700 825 1764 pius
844 1702 986 1750 serenitatis
1005 1703 1045 1759 sit,
1065 1717 1139 1767 qnam
1157 1704 1183 1753 in
1195 1701 1324 1760 Bohemia,
1343 1702 1409 1753 hauc
1428 1701 1530 1754 eausa'ui

168 1771 225 1820 este
243 1774 316 1833 puto,
344 1769 408 1834 quod
434 1773 479 1819 aut
502 1771 597 1820 amari
614 1765 707 1819 sublati
729 1783 832 1834 reparer
850 1777 978 1821 venturum
1003 1773 1232 1837 septentrionalium
1249 1776 1273 1822 ri
1300 1771 1348 1823 allo
1366 1771 1530 1831 abducantur,

167 1847 215 1890 aut
232 1842 254 1890 si
270 1847 346 1890 noctu
371 1853 467 1890 rursum
490 1840 610 1891 decidant
632 1841 659 1894 in
682 1843 763 1905 ipsam
787 1855 868 1906 aquae
886 1844 1042 1906 euperfleiem
1061 1845 1182 1895 incidant.
1219 1847 1249 1895 lu
1267 1846 1393 1896 mmuh
1409 1847 1468 1895 vero
1486 1845 1529 1894 du»

168 1912 282 1962 ridentes
299 1926 402 1976 raperes
420 1925 465 1976 per
482 1918 630 1962 nocturnum
647 1912 725 1978 frigus
742 1928 792 1962 uon
810 1915 928 1964 uniuntur
946 1917 1036 1968 montis
1053 1918 1208 1980 superficiei,
1227 1923 1327 1981 propter
1344 1916 1466 1967 disemum
1483 1929 1529 1967 na·

168 1991 262 2039 turam,
281 1997 339 2048 ergo
357 1983 391 2033 ibi
409 1983 491 2048 colligi
510 1989 536 2033 et
554 1997 656 2033 manere
673 1998 777 2033 neumae
796 1991 842 2034 est.

231 2045 348 2116 neure,
366 2056 476 2118 quamvis
495 2067 561 2118 aqua
578 2055 658 2119 magis
678 2061 738 2119 apta
756 2055 789 2104 ad
806 2055 894 2113 nubes,
914 2070 987 2119 quam
1006 2063 1122 2109 mouwsa
1139 2059 1209 2116 loca,
1235 2064 1294 2122 puto
1312 2063 1398 2109 tamen
1415 2058 1479 2108 haec
1498 2053 1531 2109 ab

169 2125 243 2178 astris
261 2125 346 2209 furtim
364 2125 445 2182 affici,
458 2131 546 2189 'quam
570 2135 674 2190 aquam
706 2126 765 2189 quia
788 2126 851 2176 radii
871 2127 934 2178 Solis
960 2127 998 2177 vel
1018 2134 1140 2178 asnorum
1161 2132 1188 2178 in
1211 2135 1279 2179 terra
1302 2130 1394 2180 firmius
1417 2125 1530 2185 hamunt.

169 2207 246 2262 qimi
263 2210 290 2244 lli
308 2207 381 2261 aqu.
937 2227 950 2244 ι

139 2353 141 2357 ,
260 2284 462 2365 Keplerue:
500 2283 670 2347 Meleona
693 2285 883 2364 potissimum
907 2305 946 2347 ex
969 2284 1122 2347 montenis
1146 2284 1337 2358 deduxeram,
1362 2286 1479 2346 ratione
1499 2291 1531 2347 et

171 2374 358 2453 experientia
390 2374 644 2436 concurrentibus.
691 2371 805 2452 Negas.
852 2375 975 2435 Montes
1009 2374 1056 2434 eis
1080 2372 1236 2452 lapideus:
1272 2372 1404 2451 acumine
1441 2380 1529 2435 tanto

173 2462 306 2543 aptiores
337 2461 429 2542 igitur
462 2464 500 2523 ad
533 2463 663 2540 calorem
697 2460 869 2540 demiurgon
894 2462 1126 2536 continendum,
1160 2479 1250 2541 quam
1283 2461 1389 2523 molles
1421 2477 1529 2541 aquae.

171 2552 252 2613 Nara
275 2549 339 2613 sins
363 2550 463 2613 calore
486 2551 591 2631 opiflue
616 2565 673 2610 uon
688 2549 827 2610 elicietur
842 2551 1011 2612 exsudatio.
1042 2547 1187 2611 Concedo
1211 2547 1267 2609 tibi
1290 2565 1379 2622 sane,
1405 2550 1433 2616 si
1458 2568 1526 2610 mo-

173 2639 274 2702 dulum
306 2658 448 2719 vapomm
481 2639 728 2711 consideramus,
761 2657 848 2718 quem
871 2638 924 2700 Sul
949 2638 1045 2712 elicit,
1078 2637 1147 2716 plus
1180 2637 1289 2699 elicere
1318 2638 1348 2698 in
1373 2636 1529 2717 superlitis

172 2728 276 2790 maris.
323 2729 386 2803 At,
421 2736 564 2808 quantum
588 2733 655 2799 est,
691 2726 887 2807 perexiguum
911 2735 977 2801 est,
1011 2738 1069 2787 non
1099 2727 1215 2805 tangit,
1251 2725 1307 2786 nisi
1332 2723 1528 2805 superficiem.

174 2807 263 2887 Quod
287 2807 358 2879 vero
384 2818 494 2879 sudant
518 2825 654 2890 montes,
692 2822 757 2876 totu
781 2833 906 2896 corpore
938 2811 1067 2884 sudant,
1101 2814 1276 2876 stimulante
1300 2814 1395 2875 totius
1418 2813 1530 2876 Terrae

173 2901 290 2985 corpori
315 2907 415 2967 calore
439 2904 554 2980 innato,
580 2903 680 2966 omnia
702 2901 888 2984 pervadente
912 2901 1099 2984 penetralia,
1124 2921 1183 2964 non
1207 2911 1241 2964 ut
1264 2902 1346 2963 Solis
1370 2901 1454 2964 calor
1475 2915 1528 2964 su-

172 2993 323 3074 perficiem
348 2993 559 3074 depopulante.
607 2992 691 3054 Nihil
714 2991 762 3054 hic
787 2999 889 3067 astra,
925 2993 997 3056 nisi.
1017 2990 1096 3071 quod
1126 2991 1318 3052 modulantur
1348 2989 1531 3054 cantilenam

174 3092 276 3163 aptatu
298 3073 368 3145 huic
392 3081 509 3144 animae
533 3082 685 3157 terrestri,
711 3081 803 3143 talem
827 3089 942 3156 tamen,
968 3088 1010 3156 ut,
1036 3081 1094 3143 nisi
1118 3080 1219 3144 anima
1242 3079 1311 3160 ipsa
1334 3079 1394 3141 vim
1418 3075 1531 3142 haheat

174 3169 213 3234 ad
235 3171 312 3233 hauc
337 3169 520 3233 cantilenam
544 3185 613 3231 sese
641 3171 865 3239 commorandi,
899 3169 1013 3232 frustra
1045 3188 1113 3231 eam
1147 3170 1185 3231 ab
1218 3168 1311 3231 astris
1344 3173 1529 3249 expectaret.

173 3259 278 3340 Neque
302 3279 444 3342 quaeras,
478 3259 556 3321 uude
580 3265 668 3320 tante
701 3258 761 3320 illis
785 3259 937 3321 montibus
969 3258 1056 3337 copie
1080 3257 1244 3338 aquarum?
1290 3255 1377 3320 Unde
1402 3267 1530 3338 namque
1574 3317 1578 3324 .

172 3347 260 3429 copia
282 3348 343 3410 illis
367 3348 404 3410 ad
427 3347 573 3430 perennia
596 3343 743 3409 flumina?

260 3434 375 3512 Citius,
408 3436 521 3516 inquis,
555 3455 634 3516 aqua
657 3436 818 3499 resolvitur
845 3436 874 3496 in
899 3454 1055 3514 vaporem,
1088 3445 1178 3516 quam
1207 3433 1308 3495 terrai
1359 3431 1422 3493 lmu
1447 3451 1528 3506 vero,

171 3525 305 3600 Fabrici,
330 3533 413 3588 terra
435 3544 584 3606 nunquam
608 3525 771 3586 resolvitur
793 3525 822 3584 in
846 3541 990 3605 vapores,
1025 3524 1080 3584 sed
1104 3533 1191 3602 aqua,
1217 3529 1250 3582 et
1272 3541 1310 3582 ea
1333 3520 1452 3600 quidem
1479 3520 1528 3581 iu·

171 3614 289 3676 ierdum
312 3615 474 3690 sulferata,
500 3614 672 3694 purulenta,
697 3614 778 3675 rabis
803 3619 856 3673 aut
880 3612 1016 3691 frugibus
1041 3619 1094 3672 aut
1117 3609 1266 3689 lapidibus
1290 3613 1415 3680 onusta,
1450 3619 1527 3686 quae

171 3701 344 3783 prodigiosa
367 3710 446 3765 sunt.
495 3700 583 3774 Quod
614 3704 641 3764 ei
674 3703 764 3763 marie
799 3701 892 3762 rnoles
928 3701 956 3760 in
987 3698 1145 3778 complexu
1178 3696 1257 3758 illius
1291 3697 1410 3758 animae
1435 3701 1526 3770 esset,

172 3792 272 3853 nescio
297 3812 335 3853 au
359 3790 426 3872 plus
450 3791 491 3854 sit
515 3791 707 3864 exhalatura,
738 3808 826 3870 quam
845 3789 912 3868 jam
936 3789 1060 3850 exhalat
1083 3786 1201 3848 marina
1224 3806 1313 3866 aqua,
1339 3803 1395 3864 per
1417 3802 1527 3846 caver-

171 3900 224 3944 uas
247 3888 348 3946 terrae
373 3880 536 3943 sublimata
566 3886 599 3941 et
621 3880 650 3940 iu
675 3879 830 3942 flumiuuni
850 3877 998 3958 originem
1027 3875 1204 3961 constillare
1225 3883 1345 3955 parata.
1393 3872 1438 3934 Tu
1461 3873 1527 3952 ipse

171 3970 325 4031 convictus
344 3969 461 4044 lateris,
486 3969 588 4030 nubila
611 3975 645 4030 ut
668 3968 824 4047 plurimum
848 3968 877 4028 in
898 3967 1050 4029 montibus
1070 3985 1148 4026 esse.
1198 3961 1333 4026 Causam
1356 3979 1416 4023 non
1431 3980 1529 4041 quae·

171 4057 211 4120 ris
234 4057 427 4120 necessario:
461 4058 559 4137 potuit
583 4057 661 4118 enim
684 4056 738 4118 tibi
763 4057 900 4118 sufficere
925 4058 999 4118 haec
1023 4054 1210 4137 hypothesis.
1259 4054 1392 4121 Montes,
1417 4049 1526 4129 inquis,

172 4135 262 4209 ca‘iidi
286 4155 366 4209 sunt,
412 4143 512 4224 Euge!
546 4146 725 4218 Malueram,
750 4154 783 4207 ut
806 4146 862 4207 huc
886 4164 1023 4225 negares.
1070 4143 1181 4205 Addo:
1217 4161 1289 4221 ergo
1313 4137 1424 4201 humidi
1447 4145 1528 4200 sunt

170 4233 300 4314 Negas?
335 4235 423 4299 Unde
448 4254 520 4315 ergo
544 4234 686 4295 flumina?
725 4232 842 4304 Quodsi
866 4243 898 4295 et
921 4234 1011 4296 calidi
1035 4243 1067 4294 et
1081 4230 1202 4304 humidi,
1227 4249 1280 4291 aur
1294 4247 1364 4301 non,
1388 4235 1422 4288 ut
1436 4226 1525 4302 ollae,

173 4342 301 4406 vapores
324 4324 486 4388 exhalent?
534 4322 614 4394 Quid
638 4322 684 4384 vis
708 4324 860 4402 amplius?
908 4322 969 4384 Sed
997 4323 1058 4395 dic,
1095 4321 1172 4400 age!
1211 4318 1282 4399 quid
1304 4316 1379 4397 ipsis
1401 4314 1529 4398 prodest

63 4414 67 4419 ’
151 4412 273 4476 <calori
320 4409 428 4489 Calor,
463 4413 582 4493 laquie,
613 4430 719 4472 crassa
741 4410 844 4473 nubila
866 4411 995 4473 attrahit
1018 4410 1056 4472 ad
1081 4428 1169 4481 sese;
1203 4408 1248 4469 ita
1271 4401 1417 4486 loqueris,
1442 4422 1477 4464 ac
1501 4402 1528 4464 ei

173 4502 275 4565 nubila
296 4513 350 4584 per
375 4497 439 4566 100
462 4501 603 4565 milliaria
626 4522 645 4561 a
668 4499 818 4562 montibus
843 4506 950 4560 exorta
974 4496 1232 4579 peregrinationes
1256 4495 1285 4556 in
1306 4493 1529 4555 mediterranea

173 4592 348 4666 instituunt,
382 4599 531 4672 unamque
571 4590 650 4669 apud
683 4588 837 4650 convalles
872 4589 902 4649 in
935 4589 1092 4667 complexu
1120 4584 1265 4646 montium
1288 4583 1372 4644 velut
1395 4580 1527 4659 bospitio

174 4680 369 4760 excipiantur.
387 4741 397 4750 ,
416 4677 473 4742 Dic
497 4697 586 4759 ergo,
612 4685 685 4759 quot
708 4675 822 4739 dierum
846 4676 973 4738 nubibus
997 4676 1057 4737 iter
1079 4682 1128 4735 est
1151 4689 1188 4733 ex
1212 4671 1318 4753 Belgio
1343 4671 1371 4732 in
1397 4663 1526 4731 Sueviad

174 4771 312 4832 montes?
343 4787 414 4850 ergo
439 4777 471 4831 et
491 4777 556 4831 um
581 4765 630 4828 diu
655 4761 988 4839 sitiendumSueviae,
1012 4765 1107 4827 donec
1131 4761 1205 4824 haec
1230 4760 1335 4843 hydria
1359 4779 1395 4822 ex
1418 4758 1533 4840 Belgio

171 4856 297 4921 veniat?
330 4857 437 4926 Plane
471 4857 568 4920 nudus
598 4861 666 4917 etue
697 4855 737 4915 mi
760 4855 902 4929 Fabricir
939 4869 1068 4934 vapores
1100 4852 1182 4913 intra
1209 4850 1296 4912 unius
1319 4866 1412 4929 nawa
1435 4848 1527 4910 horae
