3609 5634
720 389 803 441 111111
822 390 938 442 summ.
1447 390 1508 465 191

104 544 259 606 ἰιιὲιιιι,
286 550 532 612 1111111111,
555 560 690 614 ausuque
708 549 776 601 uses
795 550 933 609 invocabit,
959 552 1050 605 uitato
1071 552 1226 607 ebramio
1245 556 1400 609 reveunt
1437 554 1512 615 Erae

107 621 391 686 ιιι-1111111111
409 622 479 675 Deus
497 622 591 687 aliquot
609 637 688 672 anuos
706 636 765 672 suas
783 622 886 686 experiri
906 624 984 676 rirea.
1010 631 1038 671 ut
1059 623 1185 690 intelligat
1210 624 1332 689 denique,
1358 624 1448 679 baculo
1466 642 1511 681 suo

106 691 247 742 nimine
266 708 298 747 ea
315 695 420 745 meunt
436 693 543 757 periculo
561 708 588 745 se
606 694 705 747 liberari
723 708 809 757 posset
828 708 908 756 porro,
925 696 1031 759 jamjam
1050 696 1160 747 animum
1178 696 1350 760 despondenti,
1370 698 1446 761 ipsius
1465 698 1510 753 mi·

109 770 222 812 sertus
245 763 326 821 Deus,
344 779 445 815 manem
463 766 572 830 porrigit,
592 779 716 828 manuque
736 764 769 813 ad
787 771 899 831 optatam
917 771 1011 817 metam
1028 766 1148 830 perducit.

210 834 330 885 Baculus
349 836 481 886 astronomi
500 842 539 887 eet
556 837 612 901 ipsa
629 835 809 885 mathematica
827 850 871 885 seu
888 837 1040 901 geometria,
1068 850 1118 902 qua
1142 839 1206 887 uam
1230 842 1328 888 tentare
1352 844 1378 888 et
1396 840 1511 890 insistere

109 905 251 966 primum
271 906 356 957 audet
393 906 460 967 Quid
478 908 571 957 etenim
588 906 691 957 humaui
708 907 801 971 ingenii
820 907 883 956 vires
908 905 941 957 ad
964 908 1060 958 divinas
1083 907 1129 957 has
1157 924 1196 958 rea
1219 914 1319 973 tamque
1337 925 1354 960 a
1371 912 1441 961 uobis
1461 911 1509 962 dis·

111 975 198 1025 sitas
229 977 318 1041 procul
340 977 546 1043 investigandae?
583 977 649 1039 Quid
668 978 834 1044 caliginantes
852 976 937 1028 oculi?
974 978 1079 1028 Proinde
1097 981 1145 1029 nisi
1163 978 1232 1029 Deus
1255 980 1291 1029 illi
1315 994 1359 1045 pro
1378 996 1425 1032 sua
1442 982 1510 1033 beni·
1609 992 1611 995 '

113 1048 245 1109 mutate
264 1056 346 1099 111111
362 1049 473 1099 heroica
491 1049 614 1105 indiderit,
634 1056 661 1098 et
678 1056 798 1113 nuquam
815 1062 891 1099 manu
909 1064 953 1112 per
971 1051 1217 1114 incomprehensibile
1230 1051 1293 1100 adds
1311 1054 1403 1102 rationi
1421 1052 1509 1103 bama·

114 1133 184 1168 uae
209 1122 264 1171 iter
281 1121 418 1177 1111111111,
436 1119 505 1170 haud
523 1120 677 1181 crediderim,
696 1120 749 1171 ulla
765 1120 791 1169 iu
809 1134 837 1170 rs
856 1126 1023 1171 astronomum
1036 1136 1114 1173 caeco
1125 1122 1168 1173 illo
1186 1124 1394 1186 praestantiorem
1412 1131 1438 1173 et
1456 1124 1509 1175 lali·

116 1191 240 1245 cim
251 1207 315 1247 m.
333 1198 506 1255 naterqaam
517 1192 582 1255 qaod
594 1207 638 1243 aaa
651 1193 751 1257 ingania
764 1191 897 1256 eliquato
910 1191 998 1253 tideus,
1017 1199 1045 1245 et
1062 1208 1107 1243 suo
1125 1193 1158 1245 1111
1178 1193 1267 1245 baculo
1281 1194 1374 1245 dirim
1393 1193 1512 1247 mutem

117 1260 267 1322 hum,
292 1264 374 1327 ipsam
391 1261 511 1313 Urauiam
537 1262 569 1313 ab
595 1263 679 1313 inferis
704 1270 847 1313 revocatam
865 1264 911 1313 sibi
930 1264 1150 1329 emgratulabimr.
1187 1264 1235 1315 Ubi
1254 1272 1339 1317 autem
1357 1280 1408 1315 rem
1426 1279 1511 1319 secum

119 1343 218 1386 ruta
235 1337 358 1400 reputant
375 1334 425 1391 ria,
443 1349 471 1384 ee
489 1349 539 1385 uon
559 1334 693 1387 beatiorem
713 1333 812 1399 Orpheo
831 1349 886 1385 esse
904 1337 1009 1392 1111111,
1029 1337 1070 1400 qui
1087 1336 1187 1401 quidem
1205 1338 1287 1387 auimo
1305 1350 1377 1389 suam
1395 1350 1422 1389 se
1440 1336 1510 1391 11111-
1546 1340 1555 1347 ’

122 1404 220 1457 dicen
239 1408 308 1471 sequi
327 1406 454 1461 cernebat,
473 1418 528 1453 cum
549 1419 579 1455 ex
597 1419 653 1455 oreo
672 1405 837 1457 saltabundus
856 1405 1011 1464 ascenderet,
1030 1414 1087 1470 post
1105 1422 1177 1465 vero,
1196 1413 1224 1456 ut
1243 1407 1276 1457 ad
1294 1422 1337 1456 ora
1356 1409 1447 1457 Averni
1465 1406 1527 1457 1111·

122 1483 306 1539 perventum,
331 1492 405 1542 quam
423 1476 530 1527 maxime
547 1475 640 1526 habere
658 1491 686 1525 se
708 1478 839 1545 sperabat,
863 1492 893 1527 ex
917 1478 994 1531 oculis
1012 1478 1102 1528 iterum
1120 1477 1153 1528 ad
1170 1478 1261 1529 inlesos
1280 1478 1383 1543 delapsa
1401 1479 1509 1529 evanuit

217 1615 265 1679 88)
282 1634 307 1682 p.
327 1614 387 1668 133.
425 1618 510 1683 Comp.
531 1620 700 1683 Appendicem
721 1619 753 1668 ad
771 1619 859 1669 librum
877 1618 910 1667 V.
930 1619 1134 1671 Harmouieorum
1153 1619 1263 1684 Keplcri.
1294 1620 1433 1672 Ptolemaei
1450 1622 1510 1672 har-

126 1690 260 1747 monica,
279 1704 344 1755 quae
362 1690 462 1741 edenda
478 1692 525 1739 sibi
543 1698 703 1754 proposuerat
721 1691 858 1754 Keplssus,
876 1706 926 1739 non
945 1692 1093 1755 prodierunt
1133 1690 1205 1752 Quas
1223 1691 1254 1745 de
1272 1691 1310 1741 bie
1329 1693 1477 1749 absolverat,
1497 1706 1513 1742 s

129 1762 322 1825 mmmmm
353 1761 456 1825 Kepleri
493 1761 616 1826 Petropoli
649 1763 800 1813 maternus
833 1762 949 1812 desumto
980 1764 1103 1815 11111111
1136 1762 1297 1813 monice.
1341 1763 1510 1814 wallisius

130 1832 354 1965 (Buomiegffi
380 1834 455 1885 libres
476 1832 514 1883 111
537 1833 675 1887 Ptolemaei
702 1848 759 1884 cum
786 1835 970 1887 conmmanit
991 1834 1119 1898 Porphyrii
1144 1834 1222 1885 edidit
1247 1833 1359 1885 oxoniae
1384 1850 1407 1887 a.
1435 1831 1509 1885 teet.

148 1917 241 1954 meua.
334 1938 341 1953 .

222 2042 271 2107 aa)
288 2061 313 2109 p.
334 2042 394 2095 tet.
424 2044 497 2096 Haeo
514 2025 560 2097 rou
580 2047 660 2098 „sacri
673 2052 814 2096 astronomo
827 2046 921 2096 numeri
941 2041 965 2101 0,
987 2042 1029 2102 12,
1049 2041 1099 2094 00“
1120 2060 1149 2095 eo
1167 2046 1281 2109 pertinet
1300 2046 1366 2111 qnod
1378 2049 1511 2098 uuonoml

138 2118 216 2167 mio
234 2117 307 2168 modo
326 2116 374 2167 iilis
391 2119 430 2167 usi
447 2124 521 2175 suut,
547 2133 570 2166 r.
590 2133 611 2167 c.
631 2119 760 2169 neumam
779 2116 910 2167 dividendo
933 2119 958 2165 in
984 2115 1114 2166 duodecim
1139 2118 1225 2182 sigua,
1250 2132 1293 2168 aex
1317 2117 1440 2175 homelia,
1466 2128 1510 2173 sca

138 2188 274 2247 usualia,
293 2189 446 2239 numerando
460 2186 513 2238 300
525 2188 627 2255 gradus,
646 2188 776 2240 duodecim
789 2190 849 2238 anni
861 2202 967 2240 meuses,
985 2202 1029 2237 sex
1040 2186 1156 2252 planetas
1169 2186 1213 2238 dte.
1229 2186 1320 2253 (comp.
1335 2203 1394 2238 aun·
1406 2189 1510 2253 Kepierl

138 2261 170 2309 in
181 2260 365 2323 praefationem
376 2276 401 2324 g.
419 2275 442 2324 p.
459 2257 530 2319 110).
561 2260 633 2320 Quod
644 2276 701 2310 vero
713 2261 738 2309 fn
752 2260 923 2309 mnouomicis
937 2259 1160 2321 computationibus
1178 2258 1382 2323 frequentabatur
1392 2275 1509 2311 numerus

141 2327 191 2387 60,
213 2331 307 2381 factum
326 2338 373 2387 est,
392 2338 420 2380 nt
438 2331 534 2395 plurimi
549 2332 691 2387 astronomi,
710 2331 751 2395 qni
770 2330 900 2380 ediderunt
917 2328 1016 2380 tabulas
1035 2330 1229 2386 astronomicae,
1247 2332 1434 2393 praemitterent
1454 2338 1508 2389 ,ta-

139 2402 231 2452 bulam
250 2404 465 2466 sexagenariam,
486 2410 511 2451 et
523 2402 646 2457 librorum,
666 2404 831 2457 astronomiae
843 2407 978 2466 praecepta
991 2400 1150 2461 tradentium,
1170 2401 1239 2453 muti
1259 2401 1378 2453 referrent
1398 2401 1507 2467 ,logisti-

141 2488 203 2522 cam
221 2473 437 2538 sexageuariem“.
466 2473 537 2533 Quae
557 2474 703 2539 ,logistica“
724 2488 797 2537 quum
816 2474 916 2536 saepius
935 2478 1049 2520 oecumat
1066 2472 1091 2519 iu
1105 2472 1200 2534 scriptis
1214 2472 1325 2535 Kepleri,
1343 2472 1407 2523 haec
1421 2474 1510 2537 paucis

143 2544 259 2595 notanda
277 2555 420 2595 censemus:
449 2543 576 2593 cumillis
595 2546 744 2609 temporibus
763 2546 895 2593 fractiones
915 2541 1048 2592 decimales
1066 2540 1174 2591 nondum
1193 2544 1218 2590 in
1236 2557 1282 2592 usu
1301 2550 1400 2599 esseut,
1426 2549 1506 2593 astro-

144 2616 213 2665 nomi
232 2615 264 2665 ad
283 2614 459 2665 sublevandum
473 2615 595 2665 calculum
608 2630 730 2675 numeros,
750 2629 850 2680 quorum
862 2614 1011 2678 praecipuus
1024 2613 1082 2676 ipsis
1094 2627 1153 2662 usus
1166 2620 1229 2669 erat,
1249 2610 1292 2670 00,
1315 2609 1369 2676 ig„
1390 2610 1447 2676 'lm
1462 2612 1508 2665 dte.

144 2687 220 2735 simili
238 2687 290 2736 fere
307 2687 404 2736 ratione
422 2686 586 2741 adhibebant,
610 2702 660 2753 qua
678 2701 743 2737 nunc
761 2687 895 2735 hactioues
914 2684 1047 2735 decimales
1065 2689 1182 2745 utuntur,
1202 2686 1345 2734 omittentes
1363 2686 1508 2735 denomina-

145 2764 229 2815 toress
254 2760 291 2806 ita
307 2753 392 2806 1100
408 2759 517 2808 unitates
536 2758 627 2809 ordinis
646 2759 780 2810 inferioris,
806 2755 818 2804 1
840 2758 963 2807 11111111
985 2756 1078 2805 ordluis
1101 2757 1232 2820 superioris
1258 2762 1381 2820 aequente
1404 2757 1457 2806 sira
1480 2763 1510 2807 11

145 2829 371 2892 ιιι-1111111111
388 2828 485 2879 illorum
502 2836 640 2894 temporum
658 2830 727 2890 11111.
747 2828 905 2883 Theoderici,
932 2829 972 2877 cui
995 2828 1027 2877 ab
1052 2827 1112 2877 urbe
1134 2830 1217 2891 patria
1239 2827 1391 2877 Wtuehemfo
1418 2842 1509 2877 nomen

146 2906 202 2955 eat,
229 2901 255 2949 in
269 2899 366 2950 libello:
394 2901 524 2966 logistica
542 2903 716 2951 astronomica.
738 2896 817 2961 1503)
836 2904 950 2949 utamur:
977 2899 1162 2962 ,integrum
1180 2899 1288 2951 medium
1306 2899 1388 2949 boum
1407 2900 1509 2958 obtinet,

146 2971 322 3021 collectum
347 2973 512 3037 uxagenaria
536 2972 663 3024 additime
690 2972 818 3025 eminente
842 2983 1023 3035 sexagenamm
1047 2969 1171 3027 ordinem,
1198 2970 1341 3020 divisum
1365 2984 1422 3021 vero
1440 2982 1539 3029 texte:r

146 3043 253 3109 geoaria
271 3043 388 3093 nimione
407 3042 484 3093 efficit
500 3044 670 3107 scrupulorum
688 3042 823 3094 ordinem.“

219 3170 265 3246 10)
284 3199 308 3247 p.
328 3178 388 3232 110.
423 3183 498 3234 Hanc
517 3184 548 3235 de
567 3183 721 3234 eonferenda
740 3184 846 3232 motibus
865 3183 1013 3233 coelestibus
1036 3196 1091 3232 eum
1110 3182 1176 3231 souis
1194 3180 1343 3233 harmonicis
1362 3179 1510 3245 disputatio·

147 3270 206 3306 nem
231 3261 258 3305 et
281 3256 408 3319 utriusque
432 3270 488 3305 cum
511 3257 619 3307 sectione
639 3255 723 3305 cuculi
742 3257 767 3304 iu
785 3262 868 3318 partes
889 3253 1057 3313 ,1111111111ιι
1083 3256 1306 3316 comparationem,
1333 3266 1407 3318 quam
1425 3252 1512 3316 paucis

147 3328 189 3377 hic
208 3326 325 3385 absolvit,
344 3326 467 3391 Keplesns
486 3327 552 3377 brevi
569 3335 627 3392 post
645 3327 739 3376 editum
757 3326 918 3376 Prodromum
936 3326 1045 3390 pluribus
1063 3325 1215 3391 aggreditur,
1234 3325 1399 3376 mndamtuta
1415 3323 1512 3385 janeus

148 3398 229 3464 operis
246 3397 311 3447 illius
335 3398 498 3453 celeberrimi,
527 3398 696 3457 ,Harmoniae
715 3396 835 3455 liundi,“
862 3400 887 3446 in
913 3411 961 3462 qno
984 3412 1036 3447 rem
1058 3398 1157 3461 propius
1184 3396 1217 3447 ad
1240 3402 1319 3446 artem
1341 3397 1513 3460 Manumque

149 3477 257 3520 motai·

220 3539 356 3590 Primordia
373 3539 446 3603 hujus
465 3540 637 3605 disputationis
663 3540 758 3589 subtilis
782 3547 808 3589 et
832 3540 961 3589 abstrusae
986 3538 1192 3602 deprehendimus
1214 3538 1240 3587 in
1265 3538 1342 3589 literla
1366 3536 1399 3589 ad
1416 3535 1513 3589 111111·

149 3612 228 3665 linum
245 3612 310 3663 datis
329 3611 353 3662 d.
375 3609 416 3661 20.
436 3613 502 3679 Aug,
522 3609 605 3671 tote,
625 3614 666 3662 cui
683 3612 747 3663 haec
765 3611 796 3663 de
815 3611 905 3659 studiis
921 3612 971 3661 mis
989 3610 1080 3661 refert:

228 3722 292 3775 lam
305 3726 414 3790 tempus
428 3726 480 3783 est,
495 3727 532 3775 ut
545 3719 609 3775 tibi
625 3737 754 3791 quoque
769 3720 955 3774 studiorum
971 3734 1113 3772 meorum
1130 3717 1301 3772 rationem
1314 3718 1459 3771 reddam.
1483 3715 1513 3771 Si

148 3802 293 3873 'tubingae
315 3816 412 3865 essem,
437 3816 537 3854 uorum
558 3802 678 3871 aliquem
692 3807 722 3854 et
736 3802 847 3854 brevem
862 3799 987 3853 libellum
1007 3798 1164 3852 meditarer.
1194 3797 1267 3852 Saue
1283 3798 1348 3868 quie
1361 3795 1513 3852 rectissime

148 3882 313 3938 Maestliuus
328 3881 380 3934 mei
399 3881 533 3937 similibus
557 3880 675 3935 dixerit:
698 3880 757 3934 sine
780 3898 822 3934 me
844 3879 913 3933 nihil
928 3878 1045 3949 potestis
1066 3878 1168 3932 facere.
1198 3877 1268 3931 Nam
1283 3875 1513 3948 cosmographiae

105 3960 116 3975 ⁸
148 3963 259 4016 libellos
275 3963 312 4015 lv
335 3978 390 4015 uon
412 3961 552 4024 tractabo,
579 3960 628 4015 nisi
648 3960 786 4033 Tychouis
809 3960 974 4015 editionibus
996 3959 1186 4029 supervixero.
1225 3958 1333 4012 Titulus
1352 3958 1440 4012 libro:
1462 3956 1513 4011 De

149 4041 332 4097 Harmonia
346 4041 465 4095 muudi.
494 4042 596 4113 Arrige
611 4059 702 4097 aures.
731 4038 853 4114 Etippxo.
881 4040 1001 4096 Primum
1014 4037 1163 4109 dupliciter
1177 4038 1386 4095 considerantur
1403 4036 1511 4107 quanti·

149 4131 231 4176 tates.
251 4122 347 4176 Autiu
357 4128 459 4192 quarta
468 4124 530 4190 (sic)
545 4122 638 4192 specie
649 4122 801 4194 qualitatis,
818 4130 848 4175 et
862 4123 932 4175 hunt
946 4121 963 4175 5
975 4136 1093 4190 corpora
1106 4119 1258 4190 regularia,
1278 4117 1512 4179 l3Arohimedea,

149 4210 178 4256 11
195 4203 289 4257 forsan
308 4202 415 4273 aliquot
428 4203 612 4270 Kepieriana,
634 4201 786 4272 cujusmodi
806 4218 889 4257 unum
911 4202 962 4255 tibi
985 4201 1044 4254 loco
1065 4199 1205 4254 honorarii
1227 4198 1305 4252 mitto
1320 4197 1514 4251 conficiendum

150 4282 231 4338 isthic
243 4301 281 4337 ex
302 4283 442 4337 duodecim
467 4281 491 4352 ld
511 4305 517 4337 :
539 4284 629 4354 possit
646 4284 719 4337 euim
728 4283 793 4353 jure
808 4282 906 4335 merito
922 4281 994 4336 inter
1007 4280 1153 4350 regularia
1166 4277 1276 4339 referri,
1293 4276 1345 4329 uisi
1359 4276 1430 4345 quod
1445 4273 1513 4328 nihil

150 4369 196 4417 est
209 4364 294 4425 aliud,
310 4379 391 4434 quem
405 4365 597 4419 dooseaedron
611 4368 722 4417 auctum
737 4360 799 4430 (see
813 4354 1048 4432 regularissime).
1073 4361 1155 4414 Alter
1168 4357 1356 4428 quantitatum
1369 4359 1513 4426 respectas

151 4446 195 4498 est
209 4461 262 4498 non
275 4460 512 4517 σωματοποιησις,
536 4445 583 4497 sed
599 4441 767 4512 comparatio
782 4457 873 4496 rerum
887 4443 1017 4511 ipsamm,
1033 4456 1103 4511 quas
1118 4446 1184 4492 sunt
1197 4437 1226 4491 iu
1239 4452 1367 4508 coporis
1381 4436 1409 4488 in
1422 4433 1514 4509 planis

151 4531 181 4577 et
195 4525 287 4579 solidis
301 4525 489 4596 regularibus.
519 4525 563 4580 lbi
576 4523 647 4578 euim
662 4523 789 4576 metimur
806 4521 914 4586 latera,
940 4521 1059 4592 angulos
1080 4517 1140 4581 dc,
1166 4518 1219 4571 hoc
1242 4525 1298 4579 est,
1323 4530 1514 4586 comparamus

152 4604 252 4658 illaad
266 4610 370 4659 1111111
384 4623 548 4660 mensuram.
577 4604 630 4659 Sed
649 4604 720 4656 baec
738 4608 823 4656 extra
841 4602 928 4657 oleas.
958 4601 1029 4655 illud
1047 4615 1131 4652 unum
1152 4598 1299 4651 tenendum
1320 4597 1380 4659 hio,
1403 4610 1515 4668 geome-

152 4684 223 4738 triae
245 4684 385 4753 objectum
404 4702 466 4739 esse
479 4690 584 4758 ioyove
602 4691 632 4738 et
652 4680 812 4752 drcloyrce.
840 4682 893 4736 Sed
908 4686 994 4753 loyce
1013 4679 1160 4748 simplicior
1173 4685 1203 4731 et
1216 4677 1299 4748 prior.
1328 4682 1436 4750 Aoyorc
1450 4681 1516 4730 sunt

153 4763 257 4828 intuiti,
278 4772 310 4818 ut
323 4771 410 4818 autea
423 4766 637 4834 superficierum,
658 4772 690 4817 ut
703 4778 855 4831 corporum.
883 4762 937 4817 Sed
951 4769 1045 4816 temen
1059 4761 1308 4822 demonstrandum,
1330 4775 1392 4813 esee
1411 4772 1514 4828 paucos

154 4844 259 4915 aliquos
273 4843 404 4914 pulchros
418 4846 543 4911 eximios,
565 4854 596 4900 et
614 4848 649 4900 ad
669 4844 871 4898 similitudinem
892 4858 1037 4911 corporum
1058 4841 1212 4911 regulares.
1241 4841 1297 4893 Eos
1312 4855 1410 4893 sensas
1423 4835 1516 4907 prodit

154 4924 181 4980 iu
201 4925 319 4983 leuuca:
346 4919 444 4989 1,,1,
468 4921 508 4992 ²l.,
527 4920 567 4992 ’1,
584 4918 626 4990 t,
644 4921 686 4991 ⁸l.,
705 4918 795 4988 ’1,’11
818 4941 878 4978 oum
897 4923 954 4977 suis
969 4920 1163 4996 completoriis.
1191 4919 1241 4975 leti
1258 4924 1343 4993 loyor
1361 4925 1429 4973 suut
1445 4934 1514 4975 soe·
