3609 5634
246 286 313 355 268
791 287 916 356 ΛΜΨ*
933 288 1057 354 herona

247 444 465 511 demonstratio
487 447 578 529 plane
601 446 675 509 nihil
699 446 762 510 tale
786 447 914 511 redolet.
961 448 1040 512 Nam
1064 455 1096 511 et
1117 447 1243 510 liberum
1262 445 1442 512 astronomis
1465 443 1608 528 relinquit

187 569 199 576 -
246 538 311 599 sive
335 536 527 599 coucentrico
552 555 619 598 cum
643 537 778 619 epicyclo
801 537 896 599 velint
921 538 964 600 uti
988 537 1018 598 iu
1041 537 1177 600 omnibus
1201 537 1343 619 quinque,
1378 537 1428 618 qui
1457 536 1606 608 stationes

249 627 372 702 lacinut,
397 626 461 687 sive
477 625 646 687 eccentrico
661 625 691 688 iu
714 626 811 688 tribus
834 626 1053 707 superioribus;
1087 635 1119 689 et
1141 627 1215 690 nihil
1238 626 1283 690 illi
1307 646 1396 688 curae
1420 633 1468 689 est
1491 624 1604 687 orbium

246 716 432 778 diversomm
455 732 549 776 causa
571 714 649 776 situs
672 714 720 776 vel
742 715 960 797 magnitudinis
989 725 1093 778 mutua
1122 717 1318 797 comparatio.
1365 715 1504 795 Respicit
1527 712 1604 775 enim

246 804 313 886 ejus
336 802 556 866 demonstratio
585 823 675 865 unum
698 805 794 867 solum
823 805 994 885 planetam,
1028 824 1153 885 eumque
1183 824 1241 867 non
1265 806 1368 876 aliter,
1401 805 1458 868 nisi
1482 809 1606 884 propter

246 893 365 955 unicum
388 892 554 954 stationum
577 898 609 953 et
631 911 822 973 regressuum
846 915 1033 974 φαινομηω.
1080 895 1148 957 Non
1173 903 1221 956 est
1243 894 1334 974 igitur
1348 893 1501 974 Apollonii
1530 908 1604 970 pro·

246 981 346 1044 blema
376 999 432 1061 pro
463 980 681 1063 hypothesibus
709 982 922 1045 astronomicis
955 984 1135 1047 habendum.
1183 984 1288 1057 Adde,
1323 985 1401 1063 quod
1425 980 1604 1061 nequidem

247 1071 285 1133 ad
313 1072 400 1132 nnius
432 1071 575 1151 planetae
602 1079 703 1133 motus
733 1071 985 1135 demonstrandos
1018 1072 1202 1135 sufficientes
1236 1071 1380 1135 assumsit
1411 1070 1605 1153 hypotheses,

246 1179 313 1222 cum
336 1178 403 1220 eam
426 1166 526 1221 motus
549 1159 811 1240 inaequalitatem,
847 1180 924 1242 quae
948 1162 987 1223 ad
1011 1162 1138 1224 eundem
1161 1160 1278 1224 zodiaci
1300 1161 1398 1223 locum
1427 1159 1605 1228 restituitur,

173 1297 178 1307 ,
246 1249 284 1311 de
307 1247 458 1311 industria
479 1249 671 1327 praeteriret.
718 1248 786 1322 Quo
801 1250 993 1313 manifestum
1018 1250 1099 1323 fecit,
1124 1251 1197 1314 nihil
1212 1251 1292 1313 aliud
1311 1257 1345 1313 se
1360 1268 1503 1331 quaerere
1518 1266 1605 1328 quam

245 1337 464 1418 geometricam
486 1338 687 1400 conclusionis
711 1357 749 1401 ex
772 1340 917 1402 assumtis
941 1340 1088 1402 deductae
1103 1340 1324 1416 certitudinem,
1348 1358 1425 1421 quae
1441 1337 1605 1399 vehemen-

246 1435 294 1488 ter
316 1426 489 1505 ingeniosos
513 1428 769 1508 contemplatores
793 1427 946 1491 delectare
971 1430 1060 1491 solet.
1187 1421 1190 1429 ’

334 1514 405 1577 Jam
428 1522 462 1578 ut
475 1516 686 1591 concedamus,
710 1536 764 1597 pro
787 1517 1006 1599 hypothesibus
1021 1519 1115 1598 justis
1128 1517 1269 1579 habenda
1283 1515 1492 1578 demonstrata
1505 1513 1606 1594 Apol·

246 1603 329 1679 lonii,
354 1604 433 1685 quod
453 1605 519 1684 jam
542 1606 705 1667 refutatum
730 1615 786 1681 est,
813 1608 968 1669 desumtas
992 1615 1094 1669 tamen
1118 1614 1171 1668 aut
1184 1603 1388 1685 transpositas
1412 1621 1450 1665 ex
1464 1604 1607 1667 Aristar·

246 1693 372 1768 chiauis,
388 1692 455 1772 quis
466 1693 545 1756 Urso
560 1695 686 1756 credet?
708 1693 830 1759 Etenim
847 1699 957 1776 magna
970 1696 1187 1776 probabilitate
1202 1694 1369 1769 contendit,
1385 1693 1434 1754 vel
1449 1693 1607 1773 ignoratas

246 1782 294 1842 vel
310 1800 368 1843 nou
382 1780 556 1844 intellectas
573 1802 641 1845 esse
654 1783 828 1847 Aristarchi
845 1786 1058 1865 conceptiones
1072 1784 1244 1867 Apollonio.
1291 1782 1412 1844 Etenim
1435 1801 1502 1844 cum
1516 1780 1609 1843 sciret

247 1869 437 1950 Apollonius,
463 1871 641 1952 quibusdam
664 1891 703 1934 ex
727 1873 911 1936 astronomis
934 1874 1279 1958 placereecceutricos,
1310 1871 1379 1935 aliis
1401 1869 1609 1934 concentricos

169 2001 177 2007 -
247 1978 313 2021 cum
338 1959 482 2040 epicyclo,
508 1961 665 2041 problema
687 1981 772 2024 suum
796 1963 931 2044 utrisque
955 1963 1202 2025 accommodavit.
1250 1961 1339 2034 Quod
1362 1960 1389 2022 si
1413 1962 1450 2022 de
1465 1959 1605 2021 Aristar-

248 2048 359 2111 chiaua
381 2047 493 2111 Terrae
516 2050 669 2112 volutione
692 2051 844 2127 scivisset,
867 2054 958 2115 credo
974 2053 1122 2134 equidem,
1147 2071 1241 2132 aeque
1257 2051 1345 2114 facile
1370 2050 1409 2112 ad
1424 2049 1506 2111 illam
1522 2066 1608 2110 suum

247 2137 404 2218 problema
430 2138 651 2201 conformasset
680 2159 716 2202 ac
739 2149 811 2221 post
839 2161 907 2204 eum
936 2140 1131 2223 Copemicus.
1177 2141 1312 2216 Deinde,
1346 2138 1372 2201 si
1395 2137 1607 2201 Aristarchum

247 2225 415 2306 exprimere
439 2227 602 2291 voluisset:
638 2228 709 2309 quid
737 2249 851 2310 quaeso
874 2251 950 2311 opus
980 2231 1024 2293 illi
1053 2231 1162 2294 fuisset
1190 2249 1342 2304 asserere,
1372 2227 1451 2308 quod
1474 2233 1608 2288 centmm

248 2314 407 2378 eccentrici
441 2316 609 2398 aequaliter
640 2337 707 2380 curn
731 2316 803 2381 Sole
835 2320 1010 2382 moveatur?
1055 2318 1177 2390 Qucum
1210 2320 1307 2399 majus
1340 2317 1465 2380 lecisset
1497 2327 1608 2395 operae

247 2404 466 2484 compendium,
482 2405 519 2480 si,
535 2406 614 2487 quod
629 2407 847 2488 hodie'l'ycho
864 2409 1048 2471 asseruisset
1065 2408 1195 2470 omnium
1213 2410 1402 2489 planetamm
1421 2413 1525 2467 centra
1540 2424 1608 2466 esse

247 2493 278 2556 in
302 2492 386 2557 Sole.
432 2494 529 2570 Nunc,
554 2514 621 2558 cum
643 2504 767 2577 separet
788 2506 894 2559 centra
916 2499 1106 2578 planetarum
1129 2518 1148 2559 a
1170 2497 1242 2560 Sole
1266 2505 1298 2559 et
1321 2496 1359 2557 ab
1377 2496 1514 2569 invicem,
1539 2513 1608 2554 cer-

248 2590 299 2646 tas
322 2590 354 2644 et
377 2583 562 2665 aTychouis
585 2584 674 2666 longe
698 2585 836 2649 diversas
860 2597 958 2649 metas
974 2588 1175 2650 exstmeudae
1198 2587 1313 2649 formae
1332 2585 1501 2647 mundanae
1515 2600 1607 2662 prae-

247 2671 313 2733 fixit
339 2670 377 2734 iis
402 2672 452 2754 qui
479 2671 536 2734 hoc
559 2673 708 2738 voluerint
734 2684 901 2756 praestare.
949 2677 1027 2740 Nam
1056 2685 1128 2756 post
1150 2676 1238 2738 orbes
1262 2676 1366 2737 Lunae
1398 2680 1533 2755 systema
1556 2689 1609 2733 se-

248 2767 357 2842 quetur
379 2763 402 2839 d
425 2781 492 2824 curn
514 2763 660 2846 epicyclo,
685 2783 778 2846 supra
800 2764 879 2828 hunc
904 2764 930 2838 Ω
954 2784 1020 2827 cnm
1043 2765 1177 2847 epicyclo
1195 2765 1285 2844 longe
1309 2762 1512 2841 amplissimo:
1545 2769 1609 2821 turn

248 2848 311 2912 Sol.
357 2849 400 2913 Et
427 2850 493 2929 jam
525 2870 618 2931 supra
650 2851 755 2916 Solem
776 2855 804 2916 L
828 2855 870 2926 (si
901 2854 940 2915 ad
974 2855 1097 2917 schema
1120 2850 1149 2918 5.
1182 2852 1369 2935 respexeris)
1392 2851 1436 2926 Ε,
1471 2857 1605 2913 centrum

249 2938 409 3002 eccentrici
433 2947 459 3010 ο·
482 2949 546 3002 tam
568 2941 631 3003 alte
656 2942 808 3006 sublatum
831 2942 1010 3018 circumibit,
1027 2951 1062 3006 ut
1083 2942 1137 3006 EO
1163 2944 1255 3025 (quae
1279 2950 1395 3005 certam
1418 2941 1512 3003 habet
1532 2959 1605 3020 pro·

248 3026 419 3108 portionem
443 3030 481 3090 ad
504 3027 572 3101 EF)
601 3031 719 3110 longior
748 3032 803 3106 sit,
833 3051 922 3112 quam
945 3032 1012 3106 EF,
1045 3052 1082 3094 ue
1111 3032 1190 3094 orbis
1220 3031 1301 3094 Solis
1331 3031 1491 3112 aliqnando
1514 3028 1606 3091 Marti

248 3124 377 3198 cogatur
405 3116 566 3196 hospitium
589 3121 750 3199 praebere,
785 3122 862 3202 quod
892 3121 1029 3183 omnibus
1056 3122 1117 3185 illis
1146 3121 1332 3202 impossibile
1360 3120 1455 3181 videri
1484 3136 1607 3179 necesse

248 3214 306 3277 est,
331 3205 382 3285 qui
404 3204 575 3286 palpabiles
599 3217 631 3269 et
654 3208 866 3288 adamantinos
890 3210 979 3271 orbes
1002 3230 1069 3273 cum
1082 3210 1250 3274 Aristotele
1270 3210 1404 3273 credunt.
1451 3209 1516 3270 Hoc
1531 3207 1607 3267 enim

247 3300 305 3368 est,
331 3294 412 3374 quod
435 3313 629 3376 permagnam
653 3297 727 3360 iacit
751 3299 951 3361 differentiam
984 3299 1063 3362 inter
1085 3318 1173 3361 veras
1193 3299 1347 3379 Apollonii
1371 3297 1554 3378 hypotheses
1577 3301 1609 3357 et

247 3401 311 3457 eas,
337 3401 413 3465 quas
435 3384 532 3449 Ursus
557 3385 603 3448 illi
626 3387 745 3467 affingit
768 3391 849 3461 (cum
868 3387 1020 3470 l'ychoms
1043 3387 1129 3463 sint),
1155 3389 1233 3469 quod
1256 3389 1394 3469 utrinque
1419 3386 1550 3466 quidem,
1575 3391 1609 3445 ut

246 3492 341 3554 supra
368 3473 623 3551 demonstratum,
657 3477 798 3548 stella&
826 3477 856 3539 in
880 3478 1049 3540 eccentrico
1080 3475 1101 3540 2
1128 3478 1204 3540 locis
1233 3477 1359 3539 incurrit
1386 3483 1485 3537 metas
1513 3473 1608 3535 centri

245 3562 421 3626 eccentrici:
446 3562 580 3647 Tychoni
606 3583 679 3627 vero
702 3567 827 3629 eaedem
850 3573 966 3642 metae,
1001 3566 1081 3629 idern
1112 3568 1241 3630 circulus
1265 3574 1313 3628 est
1345 3571 1377 3627 et
1400 3562 1482 3627 Solis
1504 3563 1607 3643 ipsius,

245 3652 348 3732 itaque
371 3660 397 3723 ο·
419 3651 464 3715 illi
487 3653 575 3734 longe
597 3655 680 3717 intra
703 3652 785 3718 Solis
808 3656 1068 3738 propinquitatem
1095 3655 1135 3717 ad
1159 3658 1270 3718 Terras
1298 3654 1474 3717 descendit:
1509 3652 1608 3732 Apol-

248 3740 328 3803 lonio
351 3741 472 3804 minime
496 3742 546 3805 vel
569 3752 652 3806 certe
676 3763 734 3806 non
750 3744 939 3819 necessario;
964 3745 1096 3828 Tychoui
1113 3744 1169 3806 hoc
1189 3764 1226 3806 ex
1241 3743 1501 3807 observationibus
1525 3761 1607 3804 com-

246 3836 376 3911 pertum,
400 3830 579 3893 diversitate
602 3840 746 3912 aspectus
769 3853 833 3896 rem
857 3834 998 3897 subtilem
1021 3833 1245 3915 patefaciente:
1271 3833 1434 3914 Apollonio
1448 3833 1531 3894 nulla
1553 3831 1608 3892 ob·

247 3926 390 3994 servata,
426 3919 535 4001 quibus
567 3921 751 3985 contrarium
782 3924 914 3985 evincat.
961 3921 1014 3985 Sic
1047 3942 1118 4004 ergo
1152 3931 1177 3993 d
1210 3923 1238 3985 in
1267 3922 1429 4005 Apollonio
1462 3939 1608 4002 nunquam

246 4007 386 4072 humilior
408 4007 481 4072 Sole
505 4009 671 4090 lingendus.

334 4098 379 4163 Ut
411 4104 511 4160 autem
544 4116 582 4161 ex
605 4098 760 4179 Apollonii
787 4099 1005 4162 demonstratis
1029 4109 1164 4162 centrum
1192 4100 1352 4164 eccentrici
1375 4099 1487 4162 Martis
1520 4115 1611 4178 snpra

248 4185 352 4251 Solem
370 4187 649 4251 circumducendum
673 4196 765 4264 esset,
789 4188 836 4252 ita
849 4187 973 4253 Saturni
997 4195 1131 4252 centmm
1156 4190 1234 4252 infra
1253 4189 1366 4264 Solem,
1391 4190 1521 4252 omnium
1539 4205 1609 4248 vero

184 4319 191 4328 ,
246 4276 336 4339 trium
363 4278 412 4339 vel
440 4275 624 4357 longissimis
653 4277 823 4342 intervallis
851 4297 945 4360 supra
969 4275 1009 4355 Θ
1034 4278 1189 4340 circumire
1223 4279 1296 4341 nihil
1327 4279 1495 4360 prohibeat.
1542 4274 1609 4346 Quo

247 4365 335 4428 modo
364 4366 447 4429 nulla
474 4375 559 4429 certa
585 4366 664 4429 ratio
697 4367 755 4430 erit
785 4368 996 4449 proportiones
1020 4366 1136 4429 orbium
1169 4376 1203 4429 ut
1230 4369 1311 4450 apud
1333 4367 1546 4431 Aristarchum
1580 4373 1612 4427 et

248 4453 419 4535 Tychouem
441 4453 646 4537 investigandi
668 4455 726 4518 uisi
749 4457 824 4520 haec
847 4459 944 4532 unica,
970 4475 1045 4538 quae
1070 4477 1089 4518 a
1111 4465 1252 4519 contactu
1276 4458 1389 4520 orbium
1413 4465 1445 4519 et
1468 4474 1610 4518 occursa-

248 4541 330 4603 tione
353 4553 458 4606 mutua
480 4543 605 4608 duorum
627 4545 819 4625 planetarum
842 4547 978 4609 cavenda
1001 4546 1185 4608 desumitur:
1210 4565 1270 4626 qna
1293 4548 1410 4609 ratione
1434 4545 1507 4607 nihil
1531 4545 1610 4606 aliud

248 4629 374 4694 docetur
397 4650 487 4713 quam
509 4641 611 4696 certae
634 4641 749 4710 metae,
784 4636 864 4699 inira
888 4655 965 4717 quas
987 4636 1131 4716 planetae
1155 4655 1213 4697 uon
1237 4637 1438 4699 descendunt:
1467 4641 1611 4716 utquam

248 4718 311 4781 alte
335 4739 427 4800 supra
449 4720 505 4783 has
528 4729 626 4785 metas
650 4723 837 4801 attollantur,
861 4725 1062 4806 pervestigari
1086 4724 1155 4786 hinc
1179 4725 1292 4806 nequit.
1549 4802 1554 4810 ο

339 4808 443 4892 Usque
467 4810 554 4873 adeo<
565 4830 676 4892 magua
698 4820 746 4876 eat
759 4813 839 4878 inter
852 4821 1008 4898 utramque
1024 4813 1203 4897 hypothesin
1222 4813 1403 4891 differentia,
1427 4814 1496 4876 dum
1515 4812 1611 4875 altera
