3609 5634
310 354 373 476 xld
915 355 1075 407 ΡΜ*

329 520 456 580 demere.
502 514 617 587 Quodsi
639 515 795 579 existimas
819 514 928 577 licere:
957 522 1113 596 sequetur,
1136 533 1192 577 nos
1214 533 1304 595 pesae
1327 514 1437 576 habere
1460 511 1697 576 cucumim

329 616 436 669 motus.
481 606 560 668 Nam
582 606 681 668 media
703 607 770 667 loca
791 611 861 666 suut
883 623 921 665 ex
943 604 999 666 hoc
1021 602 1129 678 ruode;
1160 603 1267 666 deinde
1298 603 1499 666 dimensiones
1521 598 1697 665 ewentri-

328 697 453 758 citatum
475 713 513 757 eu
534 694 714 775 corporibus.
761 691 956 763 Consideravi
979 701 1089 765 auteur,
1111 702 1209 755 utrum
1227 712 1286 755 non
1301 691 1441 755 debilitas
1454 693 1508 755 illa
1522 702 1542 753 a
1554 686 1697 753 summri.

328 784 474 847 inferioris
498 784 536 845 ad
558 784 646 845 imam
669 782 830 862 superioris
852 782 1052 862 computanda
1073 781 1133 843 sit:
1165 792 1200 844 ιιι
1221 782 1266 844 ita
1287 800 1341 862 per
1363 781 1532 844 crassitiem
1555 777 1695 842 orbium

329 870 409 935 nulla
432 873 583 935 accideret
604 870 782 934 debilitatio.
828 868 890 932 Sed
917 890 972 933 nec
999 872 1054 933 hoc
1085 871 1205 934 sufficit.
1251 872 1330 934 Nam
1357 871 1480 945 Venus,
1513 869 1614 932 Terra
1653 873 1694 927 et

327 963 411 1024 Mars
434 961 578 1023 deberent
599 960 708 1023 habere
732 960 892 1021 maximam
915 960 1085 1022 crassitiem
1108 961 1137 1021 in
1159 961 1350 1041 proportione
1372 980 1445 1023 suas
1467 959 1610 1039 propriae
1630 955 1692 1017 di-

327 1050 477 1113 stantiae:
510 1069 577 1112 cuin
599 1059 698 1111 tamen
721 1048 751 1123 il
773 1057 804 1110 et
828 1053 853 1124 ὁ
878 1048 1011 1112 habeant
1032 1049 1174 1129 aequales
1197 1060 1230 1111 et
1251 1049 1407 1124 minimas,
1441 1058 1512 1128 post
1533 1044 1554 1125 ii
1577 1056 1614 1108 et
1645 1043 1687 1118 Ω,

327 1140 395 1201 inde
419 1148 443 1209 d
466 1146 498 1201 et
520 1140 546 1214 ὅ
570 1157 635 1200 cum
658 1138 760 1211 Luna,
788 1157 831 1201 sc.
855 1138 881 1199 si
905 1139 1001 1217 ipsam
1023 1138 1105 1200 orbis
1127 1138 1278 1201 crassitiei
1300 1157 1486 1214 accenseam,
1509 1137 1688 1199 maximam
1795 1140 1797 1159 ⁴

327 1247 398 1291 vero
421 1228 534 1290 habeat
557 1230 588 1305 o.
635 1229 735 1308 Atque
759 1227 833 1289 haec
857 1227 1013 1289 hactenus.
1058 1226 1107 1288 Ex
1129 1228 1235 1307 quibus
1248 1228 1343 1299 vides,
1367 1246 1413 1290 me
1436 1237 1578 1308 nugatum
1602 1241 1687 1285 esse
1796 1256 1797 1331 ἐ

327 1318 358 1379 iu
385 1318 527 1398 proximis
554 1317 649 1378 literis
677 1317 714 1378 de
742 1316 906 1396 quadrante
929 1317 1052 1378 fixarum
1076 1315 1207 1378 ambitus
1229 1317 1337 1380 mundo
1360 1316 1540 1396 invergendo
1563 1331 1685 1376 versus

327 1405 439 1469 Solem.
484 1404 550 1485 Ego
580 1414 661 1467 certe
689 1404 848 1467 artificiose
874 1424 923 1467 rue
950 1405 1047 1485 ipsum
1076 1405 1192 1485 decepi,
1221 1415 1254 1468 et
1274 1407 1383 1468 misere
1406 1406 1532 1486 quidem.
1578 1401 1685 1465 Nulla

327 1514 455 1576 uuquam
477 1494 637 1557 calculatio
659 1495 727 1574 plus
750 1494 892 1574 temporis
916 1495 1082 1575 occupavit,
1106 1495 1174 1575 plus
1197 1495 1353 1574 spirituum
1375 1494 1490 1568 hausit·
1511 1511 1600 1573 quam
1617 1490 1684 1553 illa

329 1584 395 1665 ipsa
413 1592 476 1645 tarn
499 1602 578 1644 vana
600 1594 720 1664 tamque
743 1583 922 1644 frustranea.
968 1582 1011 1644 Et
1033 1592 1133 1645 tamen
1156 1584 1286 1647 fortasse
1308 1584 1405 1646 simile
1424 1583 1564 1664 quiddam
1578 1583 1679 1651 inest,

329 1674 407 1754 quod
430 1690 486 1752 ego
510 1681 630 1735 secutus
653 1690 727 1734 sum.
773 1670 834 1733 Sed
858 1680 926 1733 utut
949 1673 1031 1747 insit,
1055 1672 1166 1734 accidit
1188 1673 1295 1735 mundo
1319 1683 1351 1735 et
1368 1672 1512 1736 creatoris
1531 1669 1677 1742 consilio,

329 1764 393 1824 sive
416 1761 475 1841 ipsi
497 1770 622 1824 naturae
646 1759 746 1833 Solis,
769 1780 836 1823 cum
859 1761 969 1823 nullam
993 1761 1105 1822 habeat
1127 1779 1267 1823 causam:
1291 1763 1344 1823 sed
1358 1782 1395 1825 ne
1410 1760 1569 1823 verisimile
1583 1759 1678 1841 quic·

329 1870 417 1932 quam
448 1859 568 1929 praeter
598 1848 848 1930 pulchritudinem
871 1850 971 1915 ,stulte
1002 1850 1145 1912 creditam
1183 1860 1216 1912 st
1247 1850 1355 1931 quietis
1381 1851 1505 1912 lixarum
1536 1866 1677 1911 causam.

288 2012 294 2025 .
329 1941 442 2002 Verum
465 1956 689 2019 supervacanea
711 1947 760 2000 est
781 1957 873 2000 causa
895 1938 965 2013 illa,
999 1958 1063 2001 cum
1095 1939 1156 2000 alia
1186 1941 1228 2001 sit
1253 1940 1345 2002 multo
1368 1939 1464 2020 magis
1486 1937 1675 2000 necessaria„

328 2030 406 2093 Nam
430 2028 487 2090 etsi
510 2028 620 2108 exigua
642 2026 742 2107 aliqua
765 2027 860 2089 virtus
882 2046 1005 2089 movens
1029 2028 1071 2089 sit
1091 2046 1182 2108 prope
1206 2030 1299 2103 fixas,
1323 2048 1380 2091 nou
1404 2037 1503 2091 movet
1525 2028 1595 2089 illas
1618 2034 1675 2089 ta-

328 2138 406 2193 men,
433 2118 582 2198 quianon
607 2123 676 2178 sunt
698 2118 727 2178 in
750 2115 826 2177 loco.
871 2116 951 2179 Nam
974 2117 1055 2178 locus
1078 2135 1117 2178 ex
1139 2117 1185 2179 liis
1206 2117 1358 2198 principiis
1380 2119 1553 2181 admotum
1567 2116 1674 2195 requi-

327 2209 420 2270 ritur:
457 2206 518 2267 tale
542 2224 647 2285 nempe
670 2205 748 2284 quid,
774 2205 803 2265 in
827 2223 883 2284 quo
907 2206 1001 2267 virtus
1026 2225 1045 2266 a
1067 2204 1138 2267 Sole
1161 2224 1315 2285 emergens
1337 2209 1452 2270 nitatur
1473 2214 1505 2269 et
1526 2206 1672 2267 reflecta-

328 2308 386 2359 tur.
411 2296 456 2369 (in
479 2295 633 2374 margine:
657 2293 786 2356 Axiam
809 2293 1025 2356 divinissimum
1047 2294 1207 2357 valiturum
1228 2313 1282 2376 per
1309 2314 1411 2360 omnes
1442 2295 1585 2358 scientias
1613 2311 1673 2373 ego

327 2387 392 2466 jani
415 2384 512 2446 animo
535 2383 689 2462 suspicor:
713 2402 756 2444 sc.
781 2378 965 2462 Quidquid
988 2384 1176 2445 constanti
1199 2385 1314 2447 utitur
1336 2403 1481 2447 numero
1504 2384 1540 2446 iu
1562 2383 1673 2444 coelo

328 2475 389 2536 vel
408 2474 538 2545 Terra,
562 2473 640 2551 ejus
662 2471 800 2534 numeri
823 2472 922 2533 ratio
947 2472 1001 2532 vel
1024 2473 1182 2535 mediate
1204 2475 1264 2536 vel
1289 2474 1501 2536 immediate
1520 2469 1670 2535 a5cer·

327 2562 477 2643 poribus
501 2559 723 2623 deducenda.
769 2559 863 2622 Utin
886 2578 957 2621 rosa
981 2559 1105 2641 quinque
1129 2571 1199 2624 suut
1221 2563 1429 2636 haeresem).
1473 2563 1558 2624 Haec
1571 2561 1673 2623 omnia

327 2652 440 2732 poterit
461 2650 499 2714 D.
522 2658 700 2733 praeceptor
722 2668 811 2710 manu
833 2647 1045 2712 Emdechochii
1068 2650 1221 2730 descripta
1247 2653 1339 2714 etiarn
1371 2653 1410 2714 ad
1441 2651 1517 2713 alios
1549 2650 1670 2713 mittere

329 2750 361 2801 et
382 2740 541 2820 praecipue
560 2739 599 2799 ad
621 2737 797 2800 Rosliuum:
821 2737 870 2817 qui
892 2739 994 2817 procul
1017 2739 1106 2800 dubio
1124 2741 1188 2820 jam
1210 2759 1298 2820 porro
1321 2742 1443 2803 fatiscet
1465 2740 1520 2802 sub
1538 2739 1671 2819 pondere
1796 2756 1797 2769 ¹

328 2829 380 2892 illo
404 2827 497 2891 totius
520 2827 595 2889 coeli
617 2827 785 2888 ecceutn'ci.
830 2826 931 2888 Etiam
962 2827 991 2888 in
1014 2827 1071 2890 hoc
1093 2829 1163 2890 mihi
1184 2830 1420 2908 gratificaretur,
1452 2828 1479 2891 si
1500 2827 1668 2890 Hoheniel-

329 2918 391 2981 deri
404 2912 432 2992 ⁸)
455 2924 490 2978 ut
507 2916 631 2990 nobiles,
655 2934 738 2977 suam
761 2915 942 2977 sententiam
966 2916 1096 2979 carmine
1118 2917 1167 2979 vel
1189 2936 1288 2997 prosa,
1312 2926 1346 2981 ut
1360 2919 1451 2992 lubet,
1476 2917 1668 2979 demonstra·

327 3016 403 3070 rent.
451 3006 530 3068 Naur
553 3004 596 3066 illi
620 3004 704 3066 liberi
734 3012 813 3066 suut
858 3004 905 3067 De
937 3005 1006 3067 aliis
1034 3006 1206 3068 academiae
1229 3007 1341 3085 juratis
1362 3016 1485 3080 metue,
1515 3014 1549 3067 ut
1575 3005 1670 3067 velint

328 3095 440 3177 aliquid
463 3101 567 3155 centra
588 3101 740 3172 receptam
762 3093 941 3155 sententiam
965 3094 1075 3173 largiri.
1123 3095 1183 3158 Vel
1211 3095 1241 3157 iu
1265 3096 1468 3177 disputatione
1490 3094 1528 3157 de
1541 3095 1628 3157 Luna
1650 3114 1670 3155 a

328 3205 374 3247 me
397 3182 567 3263 conscripta
588 3181 644 3245 hoc
666 3181 710 3243 M.
735 3181 879 3243 Miillems
902 3182 1134 3258 demonstravit,
1159 3203 1247 3265 qnam
1269 3184 1380 3265 alioqui
1402 3185 1577 3247 defensurus
1600 3184 1666 3245 iue-

223 3328 227 3347 ,
327 3281 376 3335 rat
398 3271 545 3334 Beseldus
559 3264 596 3343 ⁶).
641 3269 776 3350 Denique
800 3270 836 3331 de
859 3271 1046 3351 typographo
1068 3281 1151 3333 tuam
1165 3274 1345 3336 senteutiam
1360 3274 1488 3344 audiam,
1511 3293 1549 3335 au
1565 3271 1668 3352 Gmp-

327 3360 524 3443 penbaclsinm
547 3366 741 3439 opportunum
755 3367 785 3420 et
799 3366 938 3438 paratum
959 3378 1107 3436 censeres,
1133 3380 1171 3422 an
1188 3363 1417 3425 Francolurtum
1427 3362 1604 3425 mittendum
1617 3360 1667 3436 sit,

327 3460 359 3513 et
380 3469 455 3531 quae
478 3449 598 3511 soleant
620 3445 686 3508 iniri
700 3446 895 3508 conditiones.
932 3447 1008 3528 Ego,
1032 3451 1143 3529 optime
1156 3460 1344 3531 praeceptor,
1359 3470 1504 3532 propero:
1528 3469 1587 3513 non
1601 3468 1667 3511 men

275 3570 278 3579 ·
327 3539 490 3603 commode.
536 3537 615 3600 Nam
637 3536 711 3597 haec
734 3534 784 3597 ubi
805 3537 947 3616 evulgata
967 3538 1085 3614 luerint,
1109 3538 1160 3601 alii
1180 3539 1281 3601 forsan
1298 3541 1385 3620 plura
1407 3539 1567 3613 invenient,
1592 3557 1667 3621 quae

327 3629 398 3691 mihi
419 3627 585 3708 potuissem
607 3642 770 3691 reservare.
821 3623 882 3686 Sed
905 3645 1006 3688 sumus
1029 3646 1130 3690 omnes
1154 3630 1201 3700 (et
1223 3647 1278 3709 ego
1301 3628 1666 3709 praesertim)rior1paper.

326 3718 392 3798 Ego
414 3735 486 3779 vero
512 3715 636 3789 studeo,
669 3721 703 3776 ut
724 3714 799 3776 haec
822 3715 861 3775 ad
883 3714 941 3777 Dei
963 3715 1101 3796 gloriam,
1136 3717 1186 3797 qui
1216 3718 1280 3780 vult
1303 3738 1341 3780 ex
1363 3718 1438 3781 libro
1462 3727 1587 3781 naturae
1610 3736 1667 3798 ag-

326 3807 419 3882 nosci,
443 3825 530 3886 quam
552 3802 722 3866 maturrime
745 3803 920 3882 vulgentur:
944 3823 1001 3884 qun
1025 3805 1092 3886 plus
1116 3805 1168 3868 alii
1190 3805 1260 3868 iude
1282 3807 1476 3882 extraxerint,
1500 3808 1555 3870 hec
1568 3807 1665 3887 magis

327 3895 472 3976 gaudebo,
494 3893 568 3955 nulli
589 3892 736 3956 invidebo.
782 3890 833 3956 Sic
856 3894 926 3956 vovi
948 3893 1023 3969 Deo,
1047 3894 1090 3956 sic
1113 3902 1177 3958 stat
1199 3897 1359 3959 sententia.
1406 3897 1575 3975 Tbeologus
1598 3915 1665 3958 esse

327 3984 480 4047 volebam:
508 3982 559 4045 diu
581 3981 727 4061 angebar:
751 3981 833 4044 Deus
856 4001 925 4044 eccs
948 3982 1017 4044 mei
1039 3982 1132 4063 operis
1154 3984 1246 4045 etiam
1269 3985 1299 4047 in
1322 3985 1505 4048 astronomia
1527 3985 1664 4048 celebra-

326 4083 385 4137 tur.
430 4070 511 4145 Quin
532 4071 655 4133 tandem
676 4089 743 4132 cnm
756 4070 845 4131 Petro
869 4071 1014 4133 attonitus
1034 4090 1176 4152 erumpo:
1199 4073 1261 4136 Abi
1284 4095 1304 4136 a
1325 4094 1382 4151 me,
1406 4075 1476 4155 quia
1488 4074 1577 4137 hemo
1590 4093 1665 4154 pec·

327 4172 412 4227 cator
433 4180 509 4223 sum.
555 4157 590 4223 Si
611 4176 748 4239 unquam,
772 4157 821 4219 vel
843 4157 892 4220 hic
915 4159 1005 4221 etiam
1026 4159 1064 4222 de
1087 4161 1234 4224 industria
1256 4165 1417 4226 voluissem
1441 4182 1509 4226 esse
1524 4172 1664 4226 astrono-

326 4273 409 4327 mus,
442 4251 468 4312 si
495 4268 552 4311 uon
584 4247 683 4311 omnia
704 4245 915 4310 delectationis
938 4267 1031 4312 causa
1053 4250 1271 4331 suscepissem,
1304 4253 1400 4314 minus
1423 4253 1556 4315 mirarer.
1602 4251 1664 4318 Sed

325 4342 445 4404 nimium
458 4357 506 4401 me
529 4338 653 4411 effundo,
678 4336 792 4416 gaudeo
815 4355 861 4398 me
884 4336 984 4399 videre
1007 4339 1094 4402 finem
1116 4339 1246 4402 chartae.
1294 4343 1370 4404 Vale
1391 4343 1573 4421 Praeceptor
1587 4341 1663 4404 Cla-
1703 4350 1705 4359 ’

326 4430 442 4493 rissims
465 4437 497 4491 et
518 4446 564 4489 me
588 4445 687 4488 amare
704 4444 804 4506 perge.
850 4426 949 4489 Datae
971 4424 1002 4490 3.
1027 4426 1095 4490 Oct
1120 4438 1160 4491 st.
1184 4450 1214 4493 n.
1239 4450 1316 4493 anno
1338 4428 1392 4496 95.
1438 4430 1575 4494 Salutem
1597 4431 1663 4494 dice
1796 4498 1797 4523 ,

327 4519 460 4583 omnibus
483 4514 740 4596 Praeceptoribus.

839 4603 1042 4666 Humanitatis
1065 4605 1146 4667 Tuae

935 4693 1169 4757 officiosissimus
1191 4701 1224 4755 et
1245 4694 1433 4774 gratissimus
1456 4696 1619 4777 discipulus

1153 4783 1198 4846 u.
1221 4783 1273 4847 ιο.
1295 4765 1425 4867 sper.

1796 4780 1798 4873 l
