3609 5634
589 1205 645 1281 IN
682 1203 867 1280 OPERA
904 1205 1304 1286 ASTROLOGICA

756 1400 899 1463 55115
922 1400 1134 1466 nassonia.

879 1575 1038 1596 ⁴——

356 1730 385 1794 1)
403 1746 427 1795 5.
447 1727 507 1780 310.
544 1730 617 1781 11555
635 1729 761 1780 literarum
780 1727 882 1795 Kepleri
900 1743 960 1795 pars
978 1732 1044 1796 prior
1062 1731 1094 1782 55
1113 1732 1260 1783 amanuensi
1282 1731 1394 1794 imperito
1421 1728 1547 1793 descripta
1564 1728 1632 1780 adeo

266 1804 362 1856 1555515
381 1810 407 1854 51
424 1801 521 1854 nenda
538 1801 678 1852 deformata
696 1807 750 1858 551,
773 1808 802 1851 51
820 1816 896 1868 55555
916 1816 947 1853 ex
963 1804 1132 1867 manuscripto
1149 1802 1222 1859 5555,
1247 1815 1312 1867 quae
1330 1801 1428 1867 paginis
1447 1795 1498 1849 308
1517 1813 1551 1850 ss.
1570 1814 1629 1863 pro-

266 1877 400 1940 posuimus,
419 1874 638 1924 55551555551555.
675 1871 714 1922 Ne
734 1887 792 1938 ergo
811 1887 905 1940 aequus
923 1873 1001 1924 iactor
1019 1888 1065 1934 aa,
1091 1888 1155 1939 quae
1174 1874 1254 1923 minus
1273 1877 1332 1923 sunt
1348 1872 1480 1937 perspicua
1497 1869 1534 1921 vel
1552 1869 1631 1936 plane

265 1949 378 2003 5555555,
398 1945 467 1995 55515
485 1946 591 2009 imputet
609 1944 723 2006 petimus.

355 2014 384 2077 2)
403 2032 427 2079 p.
447 2012 508 2064 331.
545 2014 698 2065 loannes
717 2014 912 2065 Ferueiius
937 2013 1001 2077 (nat.
1021 2017 1148 2067 55555555
1165 2014 1325 2067 Picardorum
1344 2010 1474 2072 515085
1504 2013 1630 2078 protessus

266 2089 372 2141 55151115
391 2087 540 2137 Parisiorum
559 2091 638 2135 55155
657 2085 792 2143 medicam,
813 2086 931 2137 archiatri
947 2101 1049 2139 munere
1067 2087 1167 2139 1555155
1185 2086 1300 2154 11551555
1314 2083 1467 2136 0515551555
1479 2083 1628 2144 1155155555

266 2168 337 2212 mort
358 2155 439 2219 1558)
458 2157 557 2222 saepius
575 2171 592 2206 a
609 2156 718 2221 Kapiaro
735 2164 885 2208 memoratur
902 2173 960 2209 cum
977 2158 1003 2208 in
1022 2160 1094 2209 55555
1111 2158 1308 2213 mathematicis.
1327 2163 1382 2206 tum
1399 2157 1495 2221 optiuis.
1528 2155 1626 2214 „Incla-

266 2233 315 2283 ruit
333 2245 418 2295 opere,
444 2229 507 2295 quod
526 2228 665 2277 inscribitur
684 2226 921 2279 Cosmotheoria
938 2225 1007 2289 (Par.
1029 2226 1124 2291 1528),
1152 2231 1177 2279 15
1196 2244 1246 2295 qua
1263 2228 1408 2279 coelestium
1427 2241 1554 2290 corporum
1573 2243 1625 2277 mo·

268 2312 337 2359 tum,
357 2303 443 2358 511515,
461 2299 658 2365 magnitudinem
678 2304 703 2349 et
721 2297 857 2350 theoricam
876 2300 1016 2364 explicavit.
1052 2299 1127 2351 Porro
1147 2307 1251 2351 conatus
1269 2305 1308 2351 est
1325 2299 1445 2364 indagare
1465 2311 1548 2348 reram
1566 2311 1627 2365 gra·

267 2375 341 2425 duum
359 2372 489 2423 meridiani
502 2371 634 2420 Terrestris
652 2371 819 2434 quantitatem
836 2376 863 2420 51
880 2372 956 2435 ipsius
968 2370 1061 2422 Terrae
1079 2371 1249 2436 peripheriam,
1269 2385 1317 2436 quo
1333 2369 1419 2420 155555
1439 2369 1569 2419 detonsum
1587 2376 1629 2420 est
1651 2371 1656 2376 '

268 2460 334 2495 anno
354 2442 448 2493 1550.“
476 2438 541 2504 (W.)
566 2441 637 2492 11555
655 2441 708 2504 ipse
726 2441 853 2492 Ferneliue
871 2442 995 2494 55155155
1013 2443 1061 2494 555
1079 2451 1185 2493 conatu:
1205 2441 1349 2493 Latitudine
1366 2440 1503 2490 Parieieusi
1521 2445 1629 2504 accepts

267 2512 318 2566 te⁰
330 2512 372 2565 38⁴
392 2513 515 2578 555155155
531 2527 585 2562 snm
602 2513 628 2561 in
645 2512 726 2562 locum
741 2508 770 2565 1⁰
786 2514 883 2576 propius
899 2528 983 2564 versus
995 2515 1096 2565 beream
1113 2514 1196 2572 situm,
1215 2514 1258 2578 qui
1275 2512 1342 2577 vulgi
1359 2511 1500 2562 testimonio
1518 2510 1632 2562 51515551

269 2601 286 2638 a
303 2587 403 2637 Parisiis
422 2584 456 2634 25
475 2584 560 2634 155515.
574 2618 581 2631 .
596 2618 602 2630 .
617 2618 624 2631 .
637 2582 793 2645 Vehiculum,
811 2584 875 2649 quod
893 2585 1002 2636 Parisios
1020 2591 1091 2635 recta
1108 2586 1149 2635 via
1165 2585 1276 2649 5515551,
1296 2582 1430 2634 conscendi
1448 2584 1474 2631 in
1493 2576 1570 2647 eoque
1587 2597 1628 2634 se·

210 2673 214 2681 ·
269 2658 331 2708 5555
349 2663 404 2706 1515
422 2657 463 2705 via
482 2651 570 2703 17021
595 2659 665 2703 rotae
693 2654 921 2706 circumvolutiones
946 2656 1048 2722 5511551,
1073 2655 1177 2706 55111555
1200 2662 1226 2706 51
1248 2653 1371 2704 montibus
1399 2652 1433 2703 ad
1451 2652 1629 2717 aequalitatem

268 2733 387 2794 5555155
405 2725 513 2776 facultas
531 2731 618 2775 nostra
634 2724 731 2775 1555551
748 2725 864 2775 55555115.
901 2727 963 2777 Erat
987 2733 1070 2778 autem
1089 2733 1159 2777 rotae
1177 2727 1242 2776 iliius
1260 2726 1383 2776 diameter
1399 2720 1426 2771 θ’
1443 2737 1537 2788 sexque
1553 2723 1630 2788 55515

267 2801 348 2864 magis
367 2798 496 2864 digitorum
516 2796 734 2862 geometricorum:
758 2797 789 2847 ob
806 2796 879 2862 idque
897 2800 952 2861 ejus
970 2798 1076 2849 51551155
1093 2805 1150 2850 ¹erat
1168 2795 1211 2846 20’
1230 2812 1275 2849 seu
1292 2791 1452 2860 51155551.
1500 2794 1547 2845 Hls
1569 2809 1631 2861 ergo

269 2870 458 2921 revolutionibus
476 2883 520 2932 per
538 2864 554 2915 1
574 2866 662 2925 555115,
682 2868 761 2931 555551
779 2881 866 2931 passus
885 2865 984 2927 88088,
1003 2883 1067 2935 5555
1084 2874 1143 2920 suut
1158 2869 1274 2919 milliaria
1284 2866 1377 2918 1151155
1390 2863 1424 2915 88
1440 2880 1498 2918 oum
1515 2866 1631 2931 passibus

272 2938 335 2990 08..
349 2974 376 2989 ..
395 2939 458 2991 1555
477 2944 605 3003 computat
623 2938 751 2989 Fernelius
769 2939 861 2990 Terrae
881 2941 1001 2991 ambitum
1018 2955 1056 2984 =
1073 2937 1162 2989 21511
1180 2940 1304 2990 milliaria
1341 2965 1346 2972 ·

205 3017 206 3024 ’
358 3011 582 3060 Astronomieorum
605 3009 758 3073 quorundam
782 3010 1000 3061 instrumentorum
1018 3026 1089 3061 usum
1108 3010 1245 3062 declaravit
1263 3007 1389 3059 Farnelius
1406 3007 1433 3056 15
1450 3006 1527 3066 5555,
1556 3021 1630 3072 quem

269 3083 409 3147 inscripsit:
438 3080 679 3144 Monalosphaerium
699 3079 766 3142 (Par.
789 3079 887 3143 1528),
909 3082 939 3131 55
959 3081 1119 3132 arithmeticis
1138 3082 1233 3148 551115
1251 3080 1318 3131 115515
1336 3078 1361 3128 11
1379 3077 1411 3129 55
1428 3076 1631 3143 Ρ5555511551555

270 3152 339 3214 (Par.
361 3149 450 3214 1528).
488 3151 572 3216 Opera
590 3151 696 3201 Fernelii
714 3165 779 3215 quae
798 3152 830 3202 ad
847 3153 997 3203 medicinam
1015 3158 1138 3217 55551551,
1157 3159 1273 3203 recenset
1288 3150 1434 3203 ,loeolrerns

358 3221 387 3285 3)
406 3239 429 3287 p.
451 3219 510 3271 337.
547 3221 700 3272 Abraham
719 3221 884 3273 Scultetus
902 3221 1081 3285 (Buohholser)
1099 3223 1174 3274 theol.
1188 3222 1253 3274 Prot.
1266 3221 1447 3287 1151551555555
1465 3217 1529 3282 (nat-
1548 3221 1631 3272 (iritu-

270 3295 347 3360 bergil
373 3296 398 3343 in
419 3293 508 3344 Silesia
533 3307 598 3343 anno
620 3289 702 3354 1588,
721 3301 793 3343 5551
816 3290 1007 3345 1825851555
1029 3295 1135 3359 55515515
1157 3308 1258 3345 munere
1283 3290 1395 3354 iunctus)
1416 3298 1516 3356 praeter
1540 3291 1631 3341 1551155

271 3364 343 3415 115555
363 3365 396 3415 55
414 3364 582 3429 theologorum
599 3366 731 3427 praecipue
748 3368 926 3416 controversias
942 3367 1094 3430 pertinentes
1111 3367 1255 3429 conscripsit
1269 3364 1474 3428 „Sphaericorum
1484 3362 1558 3412 libros
1570 3368 1631 3418 1555,

271 3436 386 3487 11515515.
414 3433 500 3485 1535“
530 3434 616 3485 addita
634 3434 831 3502 Trigonometria
847 3436 958 3488 Barthol.
978 3436 1077 3496 Pithoi,
1101 3452 1115 3488 5
1140 3438 1227 3503 quihus
1251 3436 1379 3488 1155115155
1402 3447 1446 3492 es,
1471 3447 1535 3498 quae
1556 3446 1633 3498 supra

270 3508 395 3573 leguntur,
414 3507 540 3558 desumsit.
697 3513 700 3518 ⁴
1231 3543 1234 3546 ,

362 3577 509 3629 Taurelli
527 3574 658 3638 (Nicolaus
676 3575 806 3635 Oechsiin,
824 3583 878 3627 nst
897 3577 984 3629 Monte
1002 3576 1125 3647 Pelicsrdi
1143 3593 1210 3630 anuo
1229 3575 1307 3635 1517,
1326 3573 1393 3642 prius
1409 3574 1542 3635 Basileus,
1561 3581 1632 3638 post·

269 3650 319 3700 555
340 3649 445 3699 8115558
462 3648 613 3699 medicinam
631 3647 805 3711 profitebatura
828 3656 899 3698 mort
922 3646 1002 3711 1808)
1029 3657 1128 3714 praeter
1146 3665 1222 3714 opera
1240 3648 1410 3714 philosophica
1428 3652 1454 3698 et
1471 3646 1571 3696 medica
1588 3662 1630 3697 oc·

272 3727 374 3772 currunt
392 3721 446 3770 libri
466 3720 513 3778 ,da
531 3719 638 3770 mundo¹¹
660 3727 686 3769 51
706 3719 753 3779 „de
772 3720 856 3770 coelo“
875 3727 979 3785 uterque
997 3720 1113 3772 adversm
1131 3721 1349 3783 Picoolomiuaum,
1374 3719 1400 3769 15
1418 3716 1505 3783 quibus
1522 3716 1631 3782 philoso-

271 3791 345 3855 phum
363 3792 444 3856 magis
462 3805 536 3855 quam
555 3797 722 3840 astronomum
741 3792 795 3857 agit
813 3791 935 3841 disserena
954 3791 985 3842 55
1003 3792 1158 3856 planetarum
1176 3792 1290 3842 motibus.

359 3859 388 3923 1)
407 3877 431 3925 5.
452 3858 511 3911 311.
549 3861 654 3924 'l'ycho
672 3861 697 3909 15
719 3860 915 3919 ,05551551555“
944 3862 997 3912 11551
1023 3862 1054 3914 55
1072 3862 1152 3914 Stella
1175 3865 1234 3914 anni
1254 3858 1323 3912 1572
1348 3858 1493 3926 (Progymn-
1511 3855 1536 3917 1)
1554 3858 1633 3909 aliam

271 3932 363 3998 profert
380 3933 531 3982 sententiam
550 3932 580 3983 de
599 3939 653 3982 ortu
671 3945 790 3982 novarum
808 3933 952 3983 stellarum:
980 3936 1105 3998 nuspiam,
1129 3936 1221 3999 inquit,
1246 3933 1368 3997 copiosius
1384 3931 1493 3981 materis
1509 3943 1553 3994 pra
1570 3942 1632 3980 555·

272 4004 421 4054 formatione
440 4002 545 4067 alicujus
564 4004 652 4055 stellae
671 4004 795 4054 5551111155
813 4010 945 4068 suppetat,
964 4018 1037 4070 qnam
1053 4008 1126 4068 Juxta
1142 4006 1208 4056 5155
1226 4006 1348 4066 lacteam,
1372 4015 1448 4066 quam
1465 3999 1634 4052 5555155855

160 4119 162 4124 .
271 4075 396 4140 quandam
416 4075 549 4126 coelestem
568 4089 585 4126 a
603 4075 711 4125 materia
728 4074 876 4140 reliquarum
894 4075 1021 4126 stellarum
1038 4091 1088 4127 non
1108 4076 1298 4140 discrepantem,
1317 4073 1361 4125 sed
1375 4072 1490 4124 51855551
1508 4071 1634 4136 cordaque

272 4146 333 4197 locis
351 4160 487 4211 expansam
507 4160 562 4198 esse
579 4152 675 4196 statuo:
702 4144 808 4211 5155555
827 4146 921 4198 factum
937 4146 1036 4211 judico,
1062 4147 1128 4212 quod
1145 4146 1218 4199 Nova
1234 4148 1297 4197 haec
1315 4147 1342 4195 in
1360 4145 1412 4210 ipso
1431 4142 1548 4211 gaiaxlse
1565 4156 1631 4193 mar-

272 4218 331 4284 gine
350 4217 499 4275 eonstiterit,
518 4218 591 4282 idque
609 4232 659 4267 non
678 4217 780 4269 obscure
798 4218 950 4277 insinuabat,
975 4232 1031 4268 eam
1050 4234 1081 4269 ex
1099 4218 1187 4268 eadem
1205 4233 1256 4285 qua
1273 4216 1374 4282 galaxia
1390 4217 1446 4280 ipsa
1462 4212 1577 4279 praedita
1594 4221 1635 4264 est

272 4288 415 4338 substantia
433 4289 611 4339 conformatam
629 4288 713 4338 151555.
762 4287 828 4350 Quin
847 4297 873 4339 et
890 4289 973 4340 adhuc
990 4288 1074 4339 hiatus
1092 4288 1192 4354 quidam
1209 4291 1236 4340 iu
1253 4303 1283 4338 eo
1300 4289 1353 4352 ipso
1372 4285 1488 4352 galaxiae
1506 4283 1560 4334 loco
1578 4297 1632 4336 oar·

272 4361 346 4420 nitur,
366 4359 409 4408 551
427 4358 500 4409 515115
517 4359 581 4410 haee
599 4372 658 4409 suas
677 4359 748 4408 sedes
767 4360 881 4418 obtinuit,
900 4360 973 4425 idque
992 4360 1025 4410 ad
1043 4362 1209 4425 quantitatem
1227 4359 1299 4426 qnasi
1318 4358 1469 4421 semiplenae
1480 4353 1570 4405 Lunae
1583 4391 1590 4404 .
1604 4389 1632 4403 ..

272 4430 333 4480 satis
360 4429 467 4480 discrete
493 4430 689 4481 animadvertere
717 4431 793 4479 cuivis
820 4431 912 4481 licebit
949 4429 1030 4492 Quem
1058 4437 1125 4481 carte
1147 4429 1243 4481 hiatum
1266 4444 1316 4479 non
1334 4428 1449 4479 recordor
1465 4439 1505 4476 me
1523 4440 1634 4491 uuquam

273 4507 363 4562 antea,
391 4514 465 4564 quam
484 4503 600 4551 extiterat
617 4501 682 4552 haec
699 4499 786 4558 stella,
804 4501 895 4552 ibidem
913 4499 1112 4566 deprehendisse.
1131 4523 1166 4535 -
1189 4501 1262 4553 11555
1280 4499 1429 4551 5551551155
1448 4496 1572 4562 55515555
1589 4509 1634 4547 ac·

273 4572 334 4636 cipit
350 4573 376 4621 15
395 4571 457 4635 Cap.
476 4569 518 4619 22.
539 4572 593 4622 11551
611 4572 652 4623 De
670 4570 750 4622 Stella
767 4570 839 4622 Nova
857 4570 1060 4636 8555551551.-

364 4639 393 4703 5)
411 4657 434 4706 5.
456 4638 517 4691 318.
553 4643 711 4707 Keplerus
734 4658 795 4706 opus
814 4642 950 4693 Gilbertl
973 4641 1143 4709 5511555515
1166 4640 1303 4704 (0511151551
1326 4640 1430 4694 adhud
1448 4638 1634 4696 (1515551555515,

273 4710 366 4762 1155151
385 4712 567 4768 Londinensis.
598 4713 768 4779 5511555515
792 4715 988 4779 magnetieisque
1015 4714 1155 4778 corporibus
1179 4720 1206 4765 51
1229 4715 1261 4765 55
1278 4727 1371 4780 magno
1388 4717 1507 4778 55555515
1525 4708 1633 4764 Tellure.

273 4781 433 4849 Physiologia
450 4797 523 4843 nova,
540 4786 650 4849 plurimis
669 4793 696 4837 et
713 4785 865 4849 argumentis
884 4790 911 4835 et
929 4785 1101 4849 experimentis
1120 4785 1298 4837 demonstrata„
1333 4783 1440 4834 Londiui
1461 4777 1541 4843 1800)
1560 4795 1635 4846 quum

272 4854 377 4917 primm·
395 4855 517 4918 inspexit,
545 4869 637 4923 magno
667 4855 765 4920 accepit
788 4855 880 4922 gaudio
905 4857 1019 4923 omnique
1037 4856 1116 4910 studio
1135 4856 1260 4922 pervolvit
1299 4855 1382 4918 Quare
1401 4855 1434 4905 ad
1451 4851 1511 4905 1055
1530 4867 1590 4918 opus
1609 4851 1634 4901 in
