3609 5634
252 306 315 374 136
767 303 880 369 ΠΜ
898 301 1101 372 041404ψῦ4
1155 311 1199 322 ”

248 478 415 534 ceterorum
444 470 543 531 latera
571 466 655 529 dicta
687 484 746 528 non
775 465 862 528 simul
896 485 1027 547 congrus
1060 464 1131 549 poni
1158 469 1296 543 possunt.
1315 460 1339 537 ¹)
1393 464 1626 528 Dudecsbdron

625 575 673 626 rr..
689 571 720 614 ιι.
1103 553 1196 632 igitur
1219 552 1322 614 decem
1352 552 1498 616 lateribus
1520 554 1625 615 talem

262 657 1066 744 Μ
1109 640 1252 704 describit
1276 641 1371 716 viam,
1401 661 1457 724 per
1483 642 1623 704 medium

261 706 1117 834 Q
1108 737 1285 794 transeunte
1304 732 1451 811 quadrato
1466 729 1619 804 octaedri,
1669 763 1677 773 ·

1109 820 1138 882 in
1161 820 1284 900 planum
1307 828 1434 883 extenso
1457 821 1521 900 (fig.
1547 816 1618 892 13).

338 914 521 979 lcosaedson
545 930 616 974 vero
641 912 721 973 mani
726 911 836 975 festam
860 930 966 974 zonam
988 912 1046 975 hoc
1069 920 1169 991 pacto,
1195 917 1370 972 transeunte
1388 929 1504 973 rursum
1525 917 1617 971 octa-

630 1012 679 1063 44..
694 1009 726 1054 ιι
1109 999 1174 1061 edri
1197 998 1377 1079 quadrato
1369 1018 1399 1061 ιιι
1418 1008 1535 1062 rectum
1558 1017 1616 1060 ex-

1108 1088 1234 1159 tenso(
1220 1087 1368 1166 (.)fig
1312 1084 1377 1161 14)

1176 1175 1264 1246 Quod
1280 1196 1305 1238 si
1298 1177 1395 1240 haec
1410 1178 1468 1239 dno
1482 1184 1618 1257 cognata

1109 1283 1236 1346 corpora
1268 1266 1313 1328 ita
1340 1267 1529 1347 applicentur
1560 1285 1618 1347 per

1110 1355 1420 1428 circumferentiam(
1405 1357 1489 1428 (narn
1513 1354 1618 1434 anguli

251 1444 309 1506 duo
332 1442 421 1506 nnius
445 1449 477 1503 et
505 1452 610 1505 centra
636 1387 794 1526 planorum
826 1445 950 1509 duorum
980 1446 1104 1509 alterius
1133 1443 1244 1517 adhoc,
1274 1453 1441 1525 utsupra,
1471 1453 1618 1524 tanquam

249 1533 312 1614 poli
335 1532 496 1594 cohaerere
520 1532 744 1614 intelliguntur)
729 1536 803 1609 )ut
825 1535 1007 1616 apparentia
1035 1535 1107 1597 bina
1135 1533 1359 1615 quinquangula
1387 1533 1551 1606 icusaedri,
1582 1539 1618 1594 et

629 1654 674 1704 ῃ,
690 1651 724 1691 η,
1107 1622 1179 1683 bina
1202 1640 1276 1683 vera
1294 1622 1474 1685 dodecsbdri
1494 1622 1616 1703 angulis

268 1732 1075 1940 'M'A'Ml
1109 1711 1616 1881 libzltdtttltlttt

267 1820 1075 2036 ἏῪΝᾹΨΙΨΙ
1110 1848 1616 2058 ffipgpapiccsslglbepcpzdgdrktppa-

629 2088 676 2136 m
692 2085 724 2128 w
1110 2065 1615 2260 1444ιδίἰῃαίῗὲιξῐιιιιεωίιιωῗιῗὲιαᾞίθοῖἱῇί

266 2170 1076 2455 fflvffssvss
1111 2245 1526 2416 44444444

1178 2421 1259 2496 Quid
1281 2434 1381 2488 restat
1406 2426 1512 2505 igitur,
1545 2424 1614 2506 quin

250 2518 387 2580 dicamne
418 2514 560 2597 planetas
592 2514 675 2578 illam
708 2512 789 2576 viam
822 2520 870 2577 tut
901 2513 1075 2578 manifestis
1106 2513 1226 2594 punctis
1255 2522 1392 2577 notatam
1421 2535 1440 2575 a
1468 2513 1615 2577 Creatore

246 2593 352 2689 jussos
376 2606 430 2681 ire,
454 2606 615 2687 praecipue
639 2623 706 2666 cum
728 2605 809 2666 inter
831 2623 924 2684 supra
946 2612 1085 2668 msumta
1106 2601 1311 2684 colligataque
1334 2610 1440 2666 centra
1462 2612 1495 2665 et
1517 2609 1614 2710 augb-

250 2698 297 2759 los
324 2704 468 2777 tanquam
490 2695 578 2775 polos
601 2693 701 2756 media
725 2693 776 2755 sit
792 2694 822 2765 ¹)

691 2931 735 2994 IN
760 2928 901 2993 CAPUT
923 2928 1182 2995 UNDECIMUM

778 3053 894 3106 acras
912 3053 1091 3106 sucronrs.

333 3161 361 3230 a)
383 3167 482 3219 Totum
496 3164 550 3218 huo
564 3171 650 3235 caput
663 3170 795 3235 quantum
817 3167 852 3218 ad
864 3180 978 3233 scopum
992 3165 1080 3219 omitti
1094 3165 1195 3235 potuit,
1217 3163 1319 3219 nullius
1334 3161 1406 3218 euim
1420 3162 1547 3217 momenti
1562 3169 1617 3216 est.

254 3247 350 3317 Neque
363 3245 435 3299 euim
453 3245 499 3298 hic
517 3253 562 3298 est
575 3245 712 3315 genuinus
727 3245 797 3298 situs
818 3261 867 3298 seu
881 3245 1024 3314 coaptatio
1039 3245 1112 3299 inter
1125 3263 1155 3298 se
1177 3262 1321 3315 corporum
1335 3243 1453 3315 quinque
1467 3243 1618 3315 geometri·

254 3342 355 3388 corum,
376 3332 410 3378 ut
429 3324 502 3378 infra
519 3324 644 3394 patebit:
667 3342 756 3394 neque
777 3323 799 3377 si
820 3329 905 3386 esset,
921 3324 1049 3378 zodiacus
1072 3325 1133 3378 inde
1154 3331 1240 3379 esset.

333 3403 364 3469 b)
388 3404 461 3463 Ecce
483 3410 516 3458 ut
539 3404 725 3457 foeneraverit
739 3404 803 3457 mibi
825 3421 875 3474 per
888 3404 940 3457 hos
955 3403 993 3457 25
1008 3420 1094 3458 annos
1117 3405 1281 3476 principium
1302 3403 1362 3472 jam
1381 3410 1449 3458 tunc
1466 3402 1619 3476 firmissime

254 3502 430 3558 persuasum:
453 3486 513 3537 ideo
534 3485 593 3537 scil.
617 3484 814 3538 mathematica
837 3485 1017 3538 4444444441
1040 3487 1209 3540 naturalium
1232 3483 1316 3556 (quod
1329 3485 1431 3554 dogma
1450 3483 1619 3538 Aristoteles

255 3573 298 3621 tot
311 3567 378 3620 locis
392 3559 564 3628 vellicavit),
587 3565 654 3633 quia
667 3565 783 3619 Creator
796 3565 872 3619 Deus
894 3565 1093 3620 mathematica
1112 3576 1145 3620 ut
1158 3566 1326 3636 archetypus
1346 3579 1439 3618 secum
1453 3565 1489 3618 ab
1503 3571 1619 3618 aeterno

254 3646 354 3700 babuit
368 3646 396 3698 in
411 3645 601 3698 abstractione
616 3644 817 3713 simplicissima
830 3653 860 3698 et
873 3645 975 3710 divina,
998 3647 1034 3698 ab
1050 3646 1116 3716 ipsis
1131 3647 1215 3701 etiam
1230 3644 1442 3716 quantitatibus,
1465 3643 1619 3698 materiali·

255 3735 299 3780 ter
313 3724 501 3779 consideratis.
543 3724 710 3778 Aristoteles
726 3725 884 3779 Creatorem
907 3725 1030 3796 negavit,
1052 3729 1180 3781 mundum
1200 3734 1342 3780 aeternnm
1364 3724 1479 3778 stamit:
1501 3741 1555 3778 uon
1570 3724 1618 3777 nri·

254 3822 322 3868 rum,
339 3805 362 3858 si
377 3804 545 3874 archetypos
567 3804 677 3873 rejecit:
699 3804 791 3859 fateor
811 3805 883 3859 enim
906 3806 1013 3860 nullam
1027 3806 1082 3861 illis
1096 3808 1149 3862 uim
1173 3807 1296 3861 diturum
1310 3805 1403 3866 fuisse,
1428 3806 1452 3858 si
1475 3822 1529 3858 non
1543 3804 1620 3857 Deus

255 3888 314 3956 ipse
330 3885 357 3938 in
372 3885 435 3938 illus
450 3885 625 3953 respexisset
638 3885 665 3939 iu
679 3887 806 3941 creando.
848 3886 927 3958 Ergo
946 3886 1030 3940 etiarn
1044 3887 1280 3942 ecceutricitatum
1295 3900 1398 3939 causae
1418 3902 1455 3938 ex
1475 3885 1526 3938 hoc
1544 3883 1619 3954 prin·

255 3966 327 4035 cipio
342 3966 453 4018 tandem
468 3966 597 4018 inventae
612 3973 685 4029 sunt,
706 3982 820 4037 quarum
842 3967 1071 4037 inaequalitatem
1091 3968 1271 4022 vehementer
1289 3982 1403 4019 necesse
1417 3973 1462 4019 est
1480 3965 1619 4027 admirari,

255 4046 409 4117 quicunque
431 4045 465 4097 de
487 4044 519 4098 iis
541 4046 612 4098 serio
636 4047 758 4117 cogitat:
792 4047 946 4117 quicunque
968 4064 1028 4101 cum
1049 4049 1202 4102 Aristotele
1226 4048 1259 4099 de
1282 4047 1366 4099 rebus
1389 4045 1557 4098 coelestibus
1581 4044 1620 4098 sic

255 4126 378 4198 qaaerit:
402 4125 614 4190 Quarenon,
639 4143 705 4196 quo
729 4127 880 4197 quilibet
899 4126 1053 4196 planeta
1073 4128 1252 4190 humilior,
1278 4143 1318 4179 eu
1338 4125 1506 4195 pluribus
1526 4125 1620 4179 orbi·

255 4208 316 4261 bus
337 4206 501 4260 vehitur?
542 4207 612 4259 Nam
627 4208 672 4276 qui
694 4207 722 4260 in
736 4208 788 4260 boc
803 4208 990 4277 inquirendum
1004 4208 1056 4262 sibi
1076 4208 1186 4277 putavit
1206 4208 1233 4261 in
1248 4206 1418 4262 astronomia
1431 4206 1474 4258 sui
1489 4205 1620 4275 temporis

255 4288 337 4357 inque
351 4286 532 4356 persuasione
553 4286 604 4339 illa
624 4287 699 4341 falsa
712 4287 861 4341 solidorum
875 4288 989 4350 orbium,
1015 4288 1085 4342 idem
1099 4288 1180 4342 bodie
1195 4289 1218 4341 si
1233 4287 1348 4350 viveret,
1373 4293 1404 4341 et
1421 4302 1521 4355 puram
1535 4293 1620 4355 atque

255 4367 404 4438 genuinam
426 4374 548 4420 nostram
569 4367 603 4419 de
625 4368 702 4420 coelo
722 4368 871 4421 doctrinam
895 4376 1084 4438 cognosceret,
1108 4369 1195 4423 multu
1216 4367 1336 4421 maxime
1360 4367 1413 4421 sibi
1435 4367 1621 4437 quaerendum

255 4447 444 4501 existimaret:
476 4446 591 4508 Quare
614 4465 695 4509 non,
731 4464 796 4517 quo
820 4447 974 4516 quilibet
997 4448 1144 4517 planeta
1171 4448 1341 4509 interior,
1369 4447 1434 4500 hoc
1454 4447 1621 4500 minorem

256 4527 366 4580 etiarn
390 4527 693 4582 ecceutricitatem
715 4525 838 4582 babet?
879 4529 977 4598 ltaque
992 4529 1117 4583 omnibus
1130 4528 1293 4590 rationibus,
1320 4542 1389 4597 quas
1411 4527 1464 4596 ipsi
1479 4526 1620 4596 suapriu·

256 4605 330 4675 cipia
344 4615 537 4676 suggererent
561 4607 717 4671 consumtis,
739 4608 789 4661 illa
802 4614 941 4678 perpetua
954 4625 1030 4673 voce,
1054 4610 1166 4672 Quare
1180 4625 1260 4672 nun,
1283 4607 1306 4661 si
1330 4609 1440 4661 tandem
1459 4608 1622 4660 edoceretur

258 4685 433 4750 Aristoteles,
456 4702 555 4740 causas
578 4687 661 4756 hqjus
676 4688 716 4742 rei
730 4688 936 4758 pulcherrimas
955 4697 985 4744 et
1007 4690 1091 4760 plane
1106 4688 1278 4743 necessarias
1301 4706 1337 4741 ex
1355 4687 1513 4750 harmoniis,
1537 4695 1569 4740 ut
1584 4703 1621 4739 ex

258 4764 412 4837 archetypo
433 4767 508 4820 reddi
528 4784 629 4835 posse:
650 4777 718 4837 putu
741 4768 817 4822 illum
838 4769 996 4837 plenissimo
1016 4786 1132 4824 assensu
1150 4777 1181 4822 et
1199 4769 1377 4839 archetypos,
1401 4775 1430 4821 et
1445 4767 1511 4837 qnia
1524 4768 1620 4821 bomin

258 4862 309 4915 per
323 4860 353 4899 se
368 4846 446 4899 nulla
459 4847 584 4901 efficacia
597 4855 648 4911 est,
672 4848 762 4902 Deum
783 4849 873 4901 mundi
895 4850 1077 4905 architectum
1096 4855 1271 4920 recepturum
1293 4849 1388 4903 fuisses
1432 4848 1511 4901 Haec
1535 4847 1621 4921 igitur
