3609 5634
206 374 347 442 ·20
835 374 1059 425 .Prooerntom

302 538 366 613 die,
399 536 533 600 adhibito
560 535 708 599 Herculeo
737 534 848 615 lapide.
894 534 937 596 Et
959 543 1059 597 tameo
1083 533 1173 596 hodie
1193 532 1283 595 modo
1306 531 1378 595 mihi
1401 540 1507 595 uatum
1537 538 1596 593 est
1623 529 1687 591 hoc

198 629 202 637 ’
302 627 476 701 consilium,
511 645 579 689 cras
606 625 736 687 sonasse
765 623 946 703 displicebit.
992 624 1212 705 Lougitudiues
1241 640 1278 684 ex
1308 621 1467 703 posteriori
1490 619 1687 702 capiendae

302 724 391 778 eruut
423 735 460 777 ex
492 715 609 777 ratione
641 712 806 777 itineraria.
855 711 997 775 Ceterum
1026 714 1134 793 vulgus
1158 712 1347 774 minutiorum
1369 729 1515 791 pagorum
1545 728 1592 771 ex
1618 727 1685 770 nu-

260 827 267 845 ·
302 825 384 867 mero
407 824 548 885 passuum
571 805 601 866 iu
624 803 724 884 plano,
752 821 789 863 ex
811 810 974 883 prospectu
997 802 1184 884 fastigiorum
1207 801 1332 871 insitis
1351 800 1503 862 ruentibus
1531 798 1683 880 capiam,

302 903 337 957 ut
367 887 583 968 Muusterus')
616 894 723 977 docet..
761 891 827 955 Nec
849 902 923 972 puto
953 894 1154 956 necessariam
1188 890 1279 952 ullam
1302 890 1339 951 de
1363 890 1519 970 superficie
1550 887 1683 973 sphae-

301 984 365 1046 rica
388 983 603 1064 cogitationem
625 982 655 1044 iu
678 982 820 1062 regione,
847 981 934 1061 cujus
966 991 1015 1043 cst
1046 983 1126 1063 long.
1159 977 1217 1055 40,
1247 981 1302 1042 lat.
1327 976 1371 1042 20
1403 975 1519 1042 ve130
1546 977 1682 1040 millia-

300 1073 388 1135 rium.
443 1074 527 1135 Haec
555 1072 625 1153 quio
654 1071 817 1134 scriberem
843 1070 1008 1152 praeterire
1041 1090 1098 1134 uun
1131 1069 1225 1151 potui.
1272 1068 1362 1130 Vale.
1409 1064 1461 1130 20.
1495 1064 1555 1132 30.
1598 1063 1679 1129 Oct.

300 1181 348 1224 au.
375 1158 470 1226 1595.

753 1248 844 1311 Hum.
868 1247 905 1310 T.
930 1246 1130 1312 Gratissimus
1153 1248 1227 1311 disc.

1291 1334 1338 1397 Μ.
1362 1333 1414 1397 Jo.
1436 1332 1574 1418 Kepler.

369 1494 562 1548 Maestlinua
579 1495 746 1561 responditd.
767 1493 809 1544 27.
829 1496 900 1548 Febr.
921 1514 944 1547 r.
963 1496 1001 1548 Sa
1024 1493 1091 1546 teet
1111 1493 1233 1559 (Hansch.
1251 1511 1275 1560 p.
1295 1492 1413 1556 l-lllz

370 1566 474 1629 Quoties
492 1569 524 1620 de
541 1570 591 1619 tuis
609 1568 873 1627 demonstrationibus,
896 1570 983 1633 qulbus
1002 1569 1131 1633 Cupernici
1148 1567 1296 1631 hypotheses
1314 1580 1331 1617 a
1348 1568 1420 1631 priori
1439 1565 1589 1616 doctissime
1609 1580 1672 1629 pro·

298 1641 361 1696 hu,
386 1640 485 1705 cogito,
510 1640 669 1691 vehementer
685 1640 745 1690 mihi
763 1640 882 1706 gratulor,
900 1642 966 1706 quod
983 1642 1085 1691 tandem
1104 1640 1191 1705 aliquis
1210 1642 1245 1688 vir
1263 1639 1349 1688 dooms
1367 1639 1524 1695 inveniatur,
1554 1639 1604 1703 qui
1625 1637 1672 1685 isti

298 1711 488 1776 imprudentium
506 1711 735 1762 mathematicorum
753 1711 841 1761 turbae
859 1711 897 1761 his
912 1712 1040 1777 Cepernlci
1057 1711 1234 1776 hypothesibus
1252 1709 1434 1774 obloquentium
1453 1723 1497 1760 ora
1516 1709 1671 1759 obtundere

298 1783 382 1833 audet
419 1782 496 1848 quue
514 1789 585 1834 tanto
603 1785 696 1848 magis,
724 1783 789 1848 quod
814 1784 889 1833 etiam
908 1789 1025 1834 mentone
1044 1784 1172 1834 consilium
1190 1784 1215 1833 in
1233 1781 1317 1831 mundi
1335 1783 1460 1832 creatione
1477 1782 1608 1846 patescit:
1642 1786 1671 1830 st

298 1854 363 1923 quod
380 1853 541 1919 sphaerarum
559 1855 693 1911 dimensio,
712 1869 776 1920 qnae
794 1857 894 1905 summis
913 1856 1063 1917 mdhdhus,
1088 1856 1134 1919 ipsi
1153 1869 1248 1920 quoque
1267 1852 1402 1916 Copemico
1419 1869 1462 1918 pro
1481 1851 1669 1917 computandis
1772 1877 1774 1883 v

297 1924 558 1990 prcsthaphaeresibne
576 1926 726 1976 solummodo
745 1940 762 1977 a
778 1927 906 1989 posteriori
923 1942 967 1992 per
985 1928 1167 1978 observau‘eues
1185 1923 1330 1990 indaganda
1346 1925 1402 1982 {uia
1418 1928 1471 1988 lam
1484 1926 1591 1989 aptiori
1606 1924 1667 1973 adi-

297 2006 350 2047 tum
367 1998 521 2062 patefactum
538 1997 630 2048 habere
647 1997 750 2048 ridetur.
787 1996 889 2047 luteum
917 2004 1002 2049 tamen
1028 1999 1085 2051 dum
1111 1999 1141 2048 de
1161 2000 1210 2047 tuis
1232 1997 1340 2046 numeris
1357 1996 1430 2060 paulo
1449 1996 1597 2061 diligentius
1619 2009 1666 2044 co-

296 2070 357 2134 gito,
374 2069 445 2119 rideo
463 2083 525 2120 sane
542 2070 568 2118 ln
587 2083 715 2133 corporum
731 2069 881 2135 regularium
899 2072 1008 2120 numeris
1024 2070 1086 2119 uihil
1104 2070 1253 2125 desiderari,
1277 2074 1305 2117 at
1322 2069 1348 2116 in
1364 2070 1474 2117 numeris
1492 2068 1666 2132 sphaerarum

292 2140 378 2191 mnudi
395 2140 467 2191 rideo
485 2147 511 2190 te
536 2141 689 2205 potissimum
716 2154 830 2191 numeros
857 2155 930 2192 meae
952 2141 1060 2195 tabellae
1083 2149 1195 2191 secutum
1213 2154 1284 2197 esse,
1310 2146 1336 2189 et
1354 2152 1386 2189 ea
1403 2154 1468 2203 qnae
1485 2141 1563 2189 tetius
1581 2138 1665 2202 huius

292 2211 386 2277 negotii
403 2212 540 2277 praecipua
557 2219 623 2271 sunt,
641 2212 699 2262 inde
718 2212 875 2263 ennemase.
913 2213 1060 2264 &humari
1078 2220 1171 2266 autem.
1191 2227 1237 2262 nee
1257 2211 1329 2262 ahter
1342 2210 1401 2259 mihi
1413 2211 1564 2275 persuadere
1576 2209 1664 2276 potui.

293 2290 428 2353 autequam¹
446 2283 493 2334 hoe
511 2285 592 2348 ipsum
609 2284 673 2341 ridi,
697 2291 723 2334 te
740 2284 799 2333 illos·
812 2285 1012 2349 magnitudinum
1029 2285 1189 2349 sphaerarum
1207 2297 1321 2333 numeros
1338 2282 1377 2332 vel
1396 2297 1426 2332 ex
1443 2283 1496 2347 ipso
1509 2281 1662 2347 ‘Cepernico

294 2351 332 2416 (in
351 2356 421 2418 culus
439 2355 544 2405 lectione
563 2362 590 2406 te
609 2356 701 2419 optime
720 2362 844 2405 versuum
863 2371 918 2407 esse
937 2353 1058 2422 musco)
1077 2356 1115 2406 rei
1133 2371 1164 2406 ex
1182 2355 1332 2405 resolutione
1344 2368 1499 2404 numerorum
1511 2353 1662 2405 tabularum

292 2425 480 2477 Prutenioerum
507 2429 631 2477 summme.
667 2426 761 2477 Verum
788 2433 888 2492 praeter
915 2429 1125 2492 exspectationem
1150 2434 1237 2477 contra
1264 2425 1334 2474 rideo
1358 2425 1453 2475 iactum
1471 2440 1534 2476 esse.
1572 2426 1660 2476 luter·

293 2499 392 2548 mittere
415 2498 492 2563 igitur
512 2513 563 2548 nou
587 2500 672 2564 potui,
701 2501 759 2564 quin
782 2506 808 2549 te
825 2497 875 2550 hac
893 2500 999 2564 epistola
1016 2513 1155 2558 mennam,
1185 2498 1300 2548 uidelicet
1317 2496 1381 2560 quud
1398 2498 1433 2546 illi
1450 2498 1561 2548 sabehae
1579 2510 1660 2548 meae

292 2565 379 2633 (qaam
397 2577 457 2620 ante
475 2569 565 2620 multos
585 2585 664 2620 anuos
682 2566 826 2635 conscripsi)
847 2572 942 2621 numeri
961 2586 992 2621 ex
1008 2572 1061 2634 ipsc
1075 2570 1211 2636 (lopernico
1230 2568 1371 2619 immediate
1390 2570 1522 2633 emeripti.
1541 2584 1592 2631 non
1616 2571 1659 2619 iu-

292 2646 418 2705 tegrarum
436 2640 595 2704 sphaerarum
613 2641 798 2707 magnitudines
816 2643 947 2706 explicent.
967 2643 1013 2694 sed
1030 2642 1186 2707 planetarum
1205 2648 1304 2690 tantm
1321 2638 1454 2691 datantes
1473 2655 1489 2690 a
1508 2648 1594 2692 centra
1615 2656 1657 2690 or·

249 2754 250 2763 ,
290 2711 328 2761 bis
346 2713 432 2777 magui
449 2710 569 2762 habeant.
606 2712 641 2763 Ut
659 2729 680 2760 v.
700 2728 724 2778 g.
744 2713 802 2762 dum
820 2707 840 2779 b
865 2715 891 2763 ln
910 2728 1022 2780 apogaeo
1042 2715 1175 2764 ecceutrici
1192 2714 1230 2763 sui
1249 2712 1327 2762 distat
1346 2724 1363 2760 a
1380 2720 1465 2762 centro
1479 2713 1546 2777 orbis
1565 2712 1657 2779 magui

293 2778 324 2830 9⁰
342 2779 396 2841 42‘⁹
415 2783 524 2848 qualium
543 2784 726 2835 semidiameter
744 2785 807 2835 orbis
824 2787 911 2852 magni
930 2792 1043 2851 estpars
1061 2800 1129 2843 una;
1156 2800 1240 2834 verum
1258 2786 1311 2848 ipse
1329 2778 1349 2848 ᾗ
1369 2791 1420 2833 mm
1438 2785 1464 2833 in
1483 2784 1596 2849 epicyclii
1615 2785 1657 2833 sni
1746 2819 1749 2825 -
1795 2842 1796 2865 Χ

291 2855 408 2920 perlgaeo
426 2861 473 2905 eet.
510 2856 575 2921 Ergo
594 2870 733 2921 apogaeum
751 2857 862 2919 ejusdem
879 2864 933 2907 tum
952 2857 1028 2907 multo
1052 2857 1127 2907 altius
1145 2857 1224 2906 abesa
1261 2855 1355 2906 &ntra
1371 2856 1414 2913 fit,
1440 2857 1462 2904 si
1484 2856 1509 2905 in
1533 2858 1656 2921 perlgaeo

292 2927 427 2977 eecentrioi
444 2928 484 2976 sit
522 2926 595 2988 Quod
612 2929 633 2977 sl
651 2943 694 2991 pro
713 2929 924 2992 ecceutrepicyclc
942 2936 1084 2978 assumatur
1101 2934 1230 2979 mesenus
1248 2929 1365 2984 eccentri,
1384 2927 1422 2977 vel
1441 2927 1554 2992 epicyclli
1567 2930 1655 2992 epiey·

292 2997 354 3056 clus,
373 2999 428 3061 pari
445 2998 518 3047 modo
537 3014 577 3049 res
594 3013 622 3048 se
640 2999 749 3047 habebit
787 2999 822 3048 At
839 3000 934 3050 numeri
952 3001 989 3049 tui
1007 3000 1122 3050 ridentur
1138 3014 1208 3060 eam,
1228 3013 1292 3064 quae
1311 3006 1350 3048 est
1368 2999 1524 3063 planetarum
1541 3000 1658 3048 maxim

292 3075 319 3120 et
335 3069 439 3118 minima
457 3084 474 3120 a
492 3077 577 3119 centro
596 3070 660 3119 orbis
677 3071 763 3135 magni
782 3071 916 3127 dimna,
934 3086 978 3135 pro
996 3070 1051 3135 ipsa
1068 3070 1189 3135 sphaerae
1207 3072 1314 3135 ipsorum
1331 3071 1501 3136 magnitudine
1520 3072 1655 3135 munera:

292 3154 349 3191 cum
366 3146 452 3190 tamen
472 3154 511 3197 ea.
530 3142 581 3191 sire
599 3147 698 3205 propter
715 3148 858 3191 eccentrum
877 3144 986 3193 eccenui
1007 3144 1058 3192 sire
1077 3142 1314 3205 ecceutrepicyclum
1333 3142 1370 3192 rel
1389 3143 1501 3206 epieyelil
1514 3142 1655 3206 eplcyclnm

291 3211 370 3262 multo
388 3213 421 3261 sit
437 3213 524 3274 maier.
561 3212 597 3262 Ut
619 3212 716 3262 interim
739 3213 770 3263 de
793 3212 849 3262 aliis
870 3213 1016 3264 latitudines
1039 3213 1233 3279 gubernantibus
1255 3215 1352 3264 orbibus
1370 3214 1431 3263 nihil
1449 3214 1539 3264 dicam.
1575 3213 1655 3264 Porro

293 3297 340 3349 ago
359 3282 429 3333 illam
445 3296 528 3333 meam
546 3284 660 3334 tabulam
676 3282 734 3332 elim
753 3285 898 3348 conscripsi.
918 3292 947 3335 nt
965 3291 992 3335 οι
1008 3285 1068 3334 mihi
1086 3292 1112 3335 et
1129 3287 1197 3347 aliis,
1216 3286 1303 3350 quibus
1321 3300 1377 3337 eam
1394 3285 1572 3350 inspiciendam
1590 3300 1653 3337 cou-

293 3355 372 3413 ceasl,
399 3355 542 3418 adjumento
561 3362 639 3415 emet,
665 3353 793 3419 Cepernici
810 3356 865 3405 illos
882 3371 996 3407 numeros
1015 3354 1087 3421 (quos
1105 3357 1195 3407 retinui
1213 3354 1309 3420 omues)
1328 3358 1423 3422 plenius
1441 3357 1606 3424 cognoscendi
1626 3362 1654 3408 et

291 3427 453 3477 incitamento
472 3426 572 3476 eosdem
590 3426 672 3492 quoad
689 3426 743 3475 fieri
760 3432 854 3491 potest,
873 3428 975 3479 ulterius
993 3428 1150 3486 extendendi,
1168 3443 1216 3478 nee
1233 3444 1283 3477 non
1301 3429 1472 3486 examinandi,
1491 3428 1653 3494 quemadmo-

294 3497 353 3548 dum
372 3504 492 3561 exparte
509 3497 547 3547 his
564 3497 668 3564 pagellis
687 3496 811 3560 adjunctis
831 3513 904 3550 ame
922 3500 1016 3550 iactum
1033 3499 1116 3549 videre
1133 3507 1212 3564 potes.
1250 3498 1321 3561 Quas
1346 3514 1430 3550 coram
1451 3501 1496 3550 tibi
1513 3507 1653 3550 monstrare

292 3570 377 3628 malui,
396 3569 441 3619 sed
458 3569 518 3634 quia
536 3570 626 3619 dinum
644 3583 719 3634 quam
737 3570 857 3633 opinabar
874 3571 949 3625 abes.
977 3578 1004 3621 et
1021 3573 1080 3637 quia
1097 3578 1123 3622 te
1141 3573 1239 3622 iuterim
1256 3573 1282 3621 iu
1301 3571 1444 3622 adornando
1462 3573 1566 3636 scripto.
1585 3571 1653 3638 quod

292 3642 358 3705 typis
376 3640 518 3702 excudatur,
537 3641 651 3692 laborare
668 3640 795 3706 intelligo,
814 3642 869 3693 ideo
888 3657 932 3693 eas
951 3643 984 3693 ad
1001 3650 1027 3693 te
1045 3644 1143 3692 mittere
1160 3643 1237 3704 volui,
1250 3641 1285 3692 'ut
1303 3645 1338 3694 eis
1356 3640 1475 3707 inspeetis
1492 3657 1575 3694 meam
1592 3659 1651 3693 sen·

293 3712 400 3762 tendam
417 3711 448 3761 de
467 3712 590 3763 &tendis
608 3712 702 3763 orbium
718 3713 809 3763 rectius
827 3716 975 3779 perciperes,
993 3729 1041 3765 nec
1059 3716 1173 3778 praecoci
1190 3715 1349 3765 festinatione
1368 3716 1523 3766 occasionem
1541 3715 1649 3764 nonnul·

292 3782 322 3832 lis
348 3790 374 3833 et
401 3789 471 3833 tuum
497 3785 615 3849 scriptum
640 3792 666 3834 et
688 3798 728 3833 me
753 3782 884 3850 (siqnidem
907 3794 933 3837 te
956 3787 1006 3835 mei
1030 3787 1105 3835 etiam
1123 3788 1273 3837 mentionem
1291 3789 1373 3837 iacere
1392 3784 1515 3852 intelligo)
1534 3785 1652 3837 eludendi

291 3854 469 3919 suppeditares.
505 3854 546 3906 De
571 3855 610 3905 his
633 3870 695 3906 sane
721 3856 812 3906 dudum
835 3864 860 3908 te
889 3857 1112 3908 commonefactum
1139 3859 1263 3922 oportuit:
1291 3873 1375 3908 rerum
1398 3873 1444 3925 ego
1462 3858 1571 3922 proiecto
1589 3856 1650 3907 nihil

291 3928 372 3976 miuus
391 3927 502 3992 cogitare
519 3927 604 3992 potui,
629 3940 703 3993 quam
720 3928 793 3992 guod
810 3928 868 3978 solis
885 3928 932 3979 illis
950 3929 1051 3980 tabulae
1069 3943 1141 3979 meae
1159 3931 1285 3987 uomens,
1312 3932 1354 3994 qui
1371 3930 1533 3994 particulares
1550 3936 1650 3979 tautum

293 4004 360 4059 sunt,
378 3999 512 4059 ἰοοίοιοιοο,
531 3999 576 4049 sed
594 4013 640 4063 ego
659 3998 757 4048 omnino
775 4003 869 4063 putari,
888 4007 914 4051 te
931 4003 1011 4065 ipsum
1029 4000 1213 4065 exCopernico,
1231 4016 1276 4051 seu
1294 4003 1417 4066 exipsius
1434 4001 1649 4051 demonstrationi·

291 4069 351 4127 bus,
380 4068 490 4119 adhibito
518 4069 614 4120 calculo
638 4069 826 4121 Pmtenicarum
850 4071 991 4121 tabularum
1001 4068 1025 4134 ⁸)
1053 4074 1136 4121 omnia
1158 4073 1298 4136 plenissime
1320 4076 1374 4137 jam
1391 4074 1466 4123 fuisse
1483 4080 1649 4137 persecutum.

294 4138 366 4191 Haec
385 4140 490 4191 candido
509 4142 591 4191 animo
610 4143 703 4205 scripta
721 4142 826 4193 cmdide
846 4144 954 4206 accipias
972 4158 1041 4208 rogo.
1077 4143 1142 4193 Vale
1161 4145 1259 4207 optime.

365 4212 508 4273 „Tabula,“
529 4213 560 4263 de
578 4226 628 4278 qua
645 4212 685 4263 hic
703 4212 897 4264 Maestlinua
921 4216 974 4280 agit
993 4213 1071 4280 (apud
1088 4214 1241 4265 Hanscbium
1258 4231 1282 4280 p.
1303 4213 1416 4277 5-11),
1435 4215 1523 4265 eadem
1541 4214 1591 4265 iere
1609 4229 1648 4265 re·

292 4284 354 4343 lert,
381 4297 446 4349 quae
468 4282 616 4335 Maestliuns
644 4285 759 4336 addenda
786 4284 951 4335 Prcdromo
978 4286 1061 4351 illique
1088 4286 1265 4345 „Rhaetici
1289 4287 1441 4338 narrationi“
1467 4286 1501 4337 de
1521 4285 1649 4350 (loperulci

291 4356 397 4407 inventia
414 4356 480 4419 typis
497 4356 658 4420 imprimenda
676 4358 788 4414 amarit,
816 4357 862 4406 hoc
880 4358 951 4408 titulo
969 4359 1103 4422 inscripto:
1133 4358 1180 4409 De
1206 4359 1457 4410 dimensionibus
1480 4359 1600 4408 orbium
1617 4364 1650 4409 et

292 4426 498 4490 sphaerarum
523 4428 721 4486 coelestium,
747 4431 843 4492 juxta
868 4429 1000 4479 tabulas
1026 4428 1223 4481 Prutenicas
1249 4446 1285 4481 ex
1310 4431 1477 4482 sententia
1500 4428 1566 4481 Nic.
1594 4429 1648 4480 Co·

291 4498 429 4562 pernici.
1603 4526 1605 4533 ·

362 4568 418 4618 Hoc
437 4568 524 4633 quibus
542 4571 623 4619 cauma
641 4575 722 4619 mutus
740 4570 833 4632 secent,
853 4572 879 4620 iu
896 4571 1052 4635 praelatione
1071 4572 1212 4636 appendicis
1229 4572 1268 4622 his
1287 4574 1401 4637 exponit:
1423 4571 1479 4631 „Ne
1497 4571 1556 4637 quid
1568 4571 1647 4622 erudi

293 4640 386 4689 tissime
414 4646 441 4689 et
463 4640 660 4705 ingeniosissimo
688 4641 821 4692 doctissimi
845 4644 1016 4692 mathematici
1044 4643 1474 4709 M.Jeannisxepleu1’rour0m0
1498 4650 1523 4694 οι
1541 4644 1648 4694 disertae

293 4709 392 4761 Rhetici
409 4710 553 4763 Nansuoni
571 4712 685 4769 deamat,
705 4727 795 4778 operae
813 4716 918 4778 pretinm
936 4715 1005 4770 duxi,
1025 4716 1069 4772 eis,
1089 4716 1234 4779 appendicis
1251 4716 1320 4774 loco,
1339 4711 1503 4766 dimensiones
1520 4717 1647 4781 magnitu-

293 4782 378 4832 dinum
395 4784 446 4831 sive
464 4782 621 4834 altitudinum
638 4783 797 4848 sphaerarum
814 4787 906 4843 mundi.
926 4786 1019 4850 quibus
1031 4788 1138 4836 enahca
1156 4788 1237 4836 sidera
1253 4794 1390 4844 morentur,
1409 4787 1544 4838 secundnm
1556 4786 1648 4851 Coper·
1737 4842 1745 4854 ι

293 4854 343 4903 niet
360 4853 507 4918 hypotheses
524 4856 681 4922 subiungere.
718 4856 772 4906 Etsi
791 4866 875 4907 eutem
893 4872 939 4908 eae
958 4872 989 4907 ex
1006 4859 1059 4922 ipso
1078 4858 1228 4922 Copemice,
1247 4860 1337 4923 partim
1356 4860 1431 4909 etiam
1450 4874 1480 4909 ex
1496 4858 1647 4917 Ptolemaeo,

293 4925 385 4991 absque
402 4925 486 4975 labore
505 4928 602 4990 excerpi
620 4933 647 4977 et
664 4929 784 4979 conscribi
801 4932 953 4994 pessimant,
977 4930 1054 4980 malm
1072 4935 1156 4980 tamm
1176 4931 1208 4980 ab
1226 4929 1328 4981 Erasm
1346 4929 1501 4983 Rbeinhcldc
1519 4944 1563 4982 ess
1580 4931 1647 4981 aeci·
