3609 5634
766 371 849 438 cnut
865 371 908 423 Η·
1456 372 1519 442 tat
1555 366 1561 386 '

139 533 187 587 de
204 533 280 588 tbesi
295 533 371 608 ipsa:
390 549 462 605 quae
478 541 571 590 tamen
585 535 621 589 ad
634 534 803 606 hypothesin
817 536 845 591 in
859 537 912 591 boc
926 537 1033 609 quidem
1048 543 1139 608 caput,
1156 543 1188 592 ut
1201 538 1280 607 coepi
1294 538 1394 603 dicere,
1409 555 1465 594 non
1478 540 1519 594 le·

140 613 249 668 liciter
270 614 323 670 mit
343 614 495 685 applicata

239 690 266 757 c)
286 695 346 748 Hoc
360 697 393 749 de
408 695 441 748 iis
455 694 622 758 dictumest,
639 711 711 766 quae
726 695 753 750 in
767 713 871 767 genere
890 698 1078 760 quantitatum
1097 697 1233 752 rationem
1247 698 1354 753 babent
1376 698 1519 754 materiae.

141 774 245 829 Verbi
258 791 352 838 causa,
372 775 547 846 sphaericum
566 775 654 846 ipsum
672 793 723 845 per
736 793 765 830 ee
781 793 865 831 unum
879 785 967 832 totum
988 779 1095 849 sibique
1108 777 1227 848 undique
1247 778 1335 834 simile
1356 786 1402 833 est
1419 780 1519 834 lorma·

142 855 236 916 litem
258 863 290 909 at
307 857 499 920 materialiter,
514 863 547 910 ut
564 856 731 925 superficies,
755 857 843 910 babet
863 865 972 926 partem
993 866 1077 913 extra
1096 866 1214 929 partem.
1257 859 1309 913 Hic
1328 876 1389 914 cum
1411 861 1520 915 ratione

143 937 280 1006 partium
294 937 448 991 dominetur
462 937 490 1004 in
504 936 648 1006 sphaerico
668 936 788 991 indultas
803 938 952 1001 divisionis,
977 939 1151 1010 sphaericum
1171 939 1258 1010 igitur
1273 940 1382 994 ratione
1397 956 1440 1004 ea,
1465 956 1521 1012 qua

146 1016 182 1070 in
197 1024 297 1087 partes
312 1025 356 1070 est
369 1018 515 1079 dividuum,
539 1034 594 1071 non
609 1017 798 1072 consideratur
812 1018 974 1084 formaliter,
997 1021 1045 1073 sed
1064 1019 1254 1084 materialiter,
1279 1020 1337 1073 sire
1358 1022 1429 1091 quod
1450 1022 1521 1076 idem

145 1105 210 1158 est,
233 1103 329 1167 partes
353 1097 490 1167 sphaerici
514 1097 643 1151 formales
665 1098 759 1152 nullae
781 1108 859 1169 suntj
884 1115 955 1171 quae
976 1101 1092 1155 veroin
1115 1100 1163 1154 illo
1186 1100 1395 1155 considerautur
1412 1109 1519 1170 partes,

147 1178 318 1232 materiales
337 1185 410 1242 sunt,
435 1179 462 1233 in
486 1185 620 1249 quantum
642 1178 734 1250 ligura
757 1179 895 1249 sphaerici
919 1180 1008 1234 utitur
1030 1181 1148 1236 materia
1170 1179 1359 1251 quantitative
1382 1180 1519 1252 dividique

147 1265 262 1329 potest.
302 1259 366 1312 Jam
384 1275 449 1313 rere
469 1265 533 1312 actu
555 1258 713 1313 inscribitur
725 1261 812 1314 cubus
833 1260 997 1330 sphaericc;
1020 1262 1043 1314 si
1065 1261 1239 1331 spbaericum
1263 1260 1418 1315 formaliter
1431 1261 1519 1315 consi·

149 1341 272 1392 deratsn
286 1345 319 1392 ιιι
331 1339 430 1410 figura,
446 1340 522 1392 locus
537 1339 692 1410 quaestioni
707 1347 828 1404 nonest,
852 1341 1017 1411 quibusnam
1031 1342 1058 1395 in
1072 1341 1181 1412 punctis
1196 1341 1337 1396 statuendi
1351 1342 1409 1396 sint
1422 1340 1520 1413 anguli

151 1419 230 1481 cubi,
252 1418 295 1472 sin
315 1427 408 1474 autem
431 1419 614 1474 materialiter
636 1420 800 1485 consideres,
823 1428 856 1476 ut
878 1422 1050 1493 superficiem
1072 1422 1237 1488 intinitomm
1257 1428 1433 1492 punctorum:
1456 1429 1521 1476 tunc
1602 1471 1606 1480 .

152 1500 267 1570 quidem
287 1500 443 1569 quaestioni
465 1500 541 1553 locus
560 1507 611 1564 est,
634 1501 732 1571 quibus
753 1501 781 1555 in
795 1503 925 1572 punctis?
947 1509 979 1557 at
998 1503 1160 1573 responderi
1174 1519 1228 1556 non
1242 1509 1345 1573 potest,
1367 1519 1428 1556 oum
1446 1501 1520 1557 ratio

153 1579 239 1634 nulla
261 1580 307 1642 sit,
333 1598 382 1634 our
404 1580 497 1650 potius
520 1581 547 1632 in
570 1580 613 1634 bis
633 1582 753 1651 punctis,
775 1598 858 1653 quam
881 1582 908 1637 in
932 1583 1010 1637 aliis:
1032 1583 1134 1653 quippe
1155 1589 1249 1652 potest
1271 1584 1299 1637 in
1321 1582 1433 1637 induitis
1457 1581 1520 1636 aliis

153 1667 242 1731 atque
263 1660 334 1714 aliis.

238 1740 330 1809 Hujus
351 1739 463 1814 generis
486 1747 551 1795 sunt
571 1748 602 1796 et
621 1741 695 1796 istae
716 1741 906 1813 quaestiones:
931 1759 992 1798 com
1011 1740 1126 1813 lingitur
1144 1743 1265 1811 epatium
1278 1744 1520 1798 ultramundanum

156 1820 301 1884 infinitum,
322 1829 354 1877 et
373 1823 407 1875 de
422 1837 455 1874 eo
479 1821 630 1892 quaeritur,
652 1840 701 1877 cur
713 1824 806 1892 potius
825 1823 851 1875 in
866 1823 921 1876 bac
933 1832 1015 1893 parte
1029 1822 1126 1893 spatii,
1148 1839 1230 1893 quam
1248 1824 1277 1877 in
1296 1823 1355 1878 alia
1368 1822 1520 1877 collocatus

156 1902 196 1956 sit
209 1903 341 1965 mundum
363 1903 429 1957 item
449 1918 511 1957 eum
529 1909 639 1973 tempus
654 1910 797 1958 aeteruum
812 1901 980 1973 (oppositum
1000 1903 1027 1958 in
1042 1899 1163 1973 adjecto)
1178 1904 1294 1974 dugimr
1308 1904 1519 1975 quaeriturque:

156 1999 205 2036 cur
228 1984 336 2037 demum
357 1989 423 2037 ante
447 2000 498 2037 sex
518 1983 607 2037 millia
627 2001 760 2038 annorum
783 1983 908 2038 conditus
931 1983 969 2038 sit
987 1985 1116 2047 mundus,
1138 1984 1199 2038 Deo
1214 1986 1251 2039 ab
1266 1984 1338 2039 omni
1353 1984 1521 2039 aeternitate

156 2064 318 2117 abstinente
333 2079 351 2117 a
365 2065 500 2118 creando?
540 2063 613 2118 Nam
627 2072 657 2118 et
670 2064 792 2134 spatium
811 2071 842 2118 et
856 2070 973 2135 tempus,
999 2065 1025 2118 in
1040 2081 1144 2136 genere
1165 2064 1360 2136 quantitatum,
1386 2064 1522 2119 rabonem

156 2144 264 2198 babent
282 2144 425 2206 materiae,
446 2151 576 2214 respectu
599 2145 708 2216 quidem
721 2146 905 2216 figuratarum
924 2145 1120 2214 quantitatum.
1162 2144 1283 2200 Materia
1296 2161 1362 2198 vero
1383 2145 1417 2198 de
1431 2162 1462 2198 se
1476 2160 1521 2199 ra·

158 2224 247 2278 tiones
261 2223 354 2278 nullas
369 2225 538 2294 suppeditat,
568 2226 631 2295 ipsa
653 2225 724 2278 inse
747 2241 832 2280 unam
854 2232 884 2278 et
903 2224 993 2281 solam
1015 2226 1216 2295 proprietatem
1238 2225 1333 2287 babet,
1358 2224 1522 2280 infinitatem

157 2305 287 2374 partium,
307 2305 447 2359 actualem
461 2306 577 2375 quidem,
600 2305 645 2360 vel
660 2305 765 2360 numeri
776 2306 824 2358 rel
839 2305 1013 2375 quantitatis,
1036 2305 1060 2359 si
1081 2305 1170 2373 ipsum
1191 2298 1281 2360 totum
1294 2312 1358 2359 actu
1374 2303 1521 2360 inlinitum:

156 2385 339 2454 potentialem
353 2402 419 2439 vero
434 2387 547 2450 numeri,
572 2386 596 2440 si
611 2393 698 2440 totum
713 2393 777 2440 actu
791 2386 906 2449 initum,
928 2387 999 2457 qnod
1016 2385 1105 2440 solum
1119 2393 1163 2439 est
1177 2385 1317 2455 possibile,
1342 2400 1402 2438 cum
1412 2384 1521 2456 quanti·

157 2471 202 2519 tas
220 2471 267 2519 est
287 2466 314 2519 in
328 2465 447 2520 materia
460 2467 596 2537 corporali
615 2466 734 2537 physica
756 2466 801 2520 vel
816 2466 939 2527 coelesti.
980 2466 1051 2519 Vide
1068 2466 1188 2535 Epitom.
1203 2469 1279 2520 Astr.
1300 2465 1347 2518 lib.
1362 2453 1393 2527 1.,
1414 2464 1462 2518 ubi
1483 2466 1517 2517 de

156 2545 250 2615 figura
269 2546 339 2600 coeli
359 2546 463 2617 agitur.

239 2639 269 2712 d)
290 2645 374 2699 Ratio
387 2645 534 2700 Aristoteli
548 2643 692 2699 familiaris
705 2643 750 2697 hic
764 2644 973 2713 impertinenter
987 2642 1148 2705 adhibetun
1165 2642 1217 2697 imo
1231 2660 1267 2696 ne
1286 2640 1449 2712 principium
1463 2640 1521 2711 qui·

156 2727 219 2779 dem
234 2726 317 2779 datur
330 2724 450 2795 alicujus
464 2741 609 2796 regressus
624 2725 652 2778 in
666 2724 841 2796 assignandis
855 2725 1020 2787 rationibus,
1037 2724 1084 2778 ubi
1097 2725 1169 2778 ratio
1184 2723 1269 2793 plane
1283 2721 1364 2776 nulla
1376 2727 1428 2775 est.

238 2819 267 2888 e)
288 2822 325 2887 Si,
350 2823 468 2894 inquam,
492 2840 548 2876 non
570 2829 615 2877 est
637 2822 745 2877 initium
768 2823 859 2893 operis
883 2823 1039 2877 laciendum
1059 2821 1118 2876 sine
1141 2821 1257 2884 ratione,
1282 2820 1389 2874 nullum
1402 2835 1523 2890 unquam

159 2905 267 2959 initium
289 2903 343 2957 erit
365 2903 534 2964 faciendum
556 2902 679 2957 rationes
703 2903 774 2957 enim
798 2904 833 2957 ad
856 2903 909 2957 boc
932 2904 978 2956 vel
992 2903 1059 2956 illud
1083 2902 1198 2965 initium,
1222 2900 1270 2955 ubi
1293 2902 1393 2954 dantur
1406 2899 1522 2962 infinita

157 2984 244 3055 plane
264 2983 358 3037 nullae
378 2990 451 3038 sunt
494 2984 572 3046 Quod
596 2983 683 3052 igitur
706 2983 733 3036 in
754 2982 865 3036 induitis
886 2983 995 3052 punctis
1009 2983 1068 3036 deri
1089 2998 1177 3052 aeque
1191 2988 1295 3051 posset,
1321 2981 1347 3033 id
1366 2997 1427 3034 cum
1449 2980 1482 3033 lt
1496 2980 1523 3033 in

158 3081 254 3119 eorum
266 3081 321 3118 uno
345 3063 447 3134 aliquo,
471 3070 584 3134 praeter
608 3079 714 3117 omnem
733 3062 869 3118 rabonem
892 3071 950 3127 est,
975 3063 1046 3133 quod
1069 3062 1098 3116 in
1117 3081 1150 3116 eo
1171 3061 1342 3132 potissimum
1364 3059 1418 3114 mit
1438 3076 1520 3130 prae·

163 3144 253 3199 teritis
274 3144 345 3198 aliis.

240 3218 266 3292 s)
286 3224 371 3294 Atqui
393 3224 549 3295 geometria
567 3225 648 3278 docet
669 3223 833 3278 locationem
857 3222 1007 3293 pyramidis
1029 3222 1056 3275 in
1077 3222 1147 3275 cubo
1169 3222 1253 3293 longe
1273 3220 1472 3275 concinniorem
1494 3228 1525 3274 et

161 3303 366 3374 perfectiorem:
382 3303 590 3367 concinniorem,
613 3304 679 3373 quia
692 3320 764 3373 quae
777 3303 850 3357 ratio
864 3310 910 3357 eet
923 3302 1108 3373 inscriptionis
1122 3301 1309 3373 geometricae
1329 3301 1403 3355 illius
1419 3302 1448 3355 in
1461 3302 1524 3362 isto.

160 3386 257 3439 eadem
275 3385 359 3439 etiam
381 3386 408 3438 in
430 3386 529 3438 mundo
553 3385 687 3438 concinna
699 3385 768 3439 erit:
793 3391 824 3437 at
837 3383 1006 3454 geometrice
1029 3383 1152 3453 pyramis
1166 3384 1236 3437 cubo
1251 3383 1290 3436 sio
1304 3382 1469 3445 inscribitur,
1493 3388 1526 3436 ιιι
1618 3403 1622 3420 ·

162 3465 305 3535 quodlibet
319 3465 393 3518 latus
407 3464 559 3534 pyramidis
574 3466 625 3519 dat
638 3465 782 3536 diagonios
797 3464 877 3517 unius
898 3464 976 3533 plani
997 3462 1098 3517 cubici:
1121 3463 1313 3534 perfectiorem
1326 3479 1400 3526 vero,
1423 3462 1488 3533 quia
1501 3461 1525 3515 si

161 3546 281 3599 maxime
296 3545 370 3598 basis
384 3561 442 3598 una
455 3546 605 3615 pyramidis
618 3546 669 3599 fiat
681 3544 823 3615 parallela
836 3544 898 3597 basi
913 3544 959 3597 uni
974 3543 1046 3606 cubi,
1062 3550 1154 3597 tamen
1169 3543 1258 3597 adbuc
1272 3544 1380 3596 incerta
1392 3549 1437 3595 est
1451 3542 1524 3596 loca·

129 3615 136 3623 ⁶
162 3626 202 3679 tio
226 3625 344 3679 laterum
365 3625 440 3678 basis
465 3625 625 3695 triangulae
649 3625 738 3688 trium
764 3631 893 3694 respectu
918 3624 1038 3678 laterum
1065 3624 1139 3677 basis
1163 3623 1373 3694 quadrangulae
1397 3629 1524 3692 quatuor.

161 3705 261 3759 Potest
274 3706 347 3759 enim
361 3705 504 3775 quodlibet
517 3705 626 3759 illorum
647 3705 763 3759 cuilibet
783 3705 879 3758 borum
893 3703 1061 3773 parallelum
1082 3703 1183 3765 statum
1207 3710 1301 3772 potest
1316 3712 1344 3756 et
1359 3704 1524 3774 angulorum

162 3787 209 3840 uui
224 3783 350 3839 obtendi:
373 3793 406 3838 ιιι
418 3785 654 3855 perpendicularis
670 3785 763 3854 potius
779 3784 856 3855 plani
870 3782 1052 3854 triangularis
1067 3800 1127 3836 eum
1149 3783 1238 3836 latere
1252 3784 1315 3837 cubi
1337 3783 1363 3836 in
1379 3782 1449 3836 idem
1463 3782 1524 3852 pla·

161 3883 225 3919 nuru
247 3873 395 3935 competat.
437 3863 563 3934 Denique
588 3866 715 3935 perfecta
738 3864 841 3919 locatio
862 3881 916 3917 non
939 3871 991 3926 est,
1016 3864 1065 3917 ubi
1086 3880 1140 3916 non
1164 3864 1288 3917 omnibus
1309 3863 1398 3932 planis
1420 3861 1524 3915 similes

162 3946 232 4001 situs
247 3946 426 4017 contingunt;
449 3951 480 3999 at
503 3961 563 3999 cum
577 3962 660 4000 unum
680 3945 831 4017 pyramidis
846 3945 960 4014 planum
983 3943 1014 3997 dt
1034 3943 1201 4014 parallelum
1222 3945 1307 4014 plano
1323 3944 1393 4005 cubi,
1415 3942 1525 4012 reliqua

163 4026 251 4090 illius,
267 4026 335 4080 nulli
350 4026 433 4095 hujus
449 4033 530 4079 erunt
544 4026 702 4096 parallela;
724 4027 795 4080 idem
810 4033 839 4078 et
853 4026 886 4078 de
900 4024 1037 4078 lateribus
1052 4032 1082 4078 et
1095 4026 1129 4077 de
1144 4025 1256 4094 angulis
1271 4024 1372 4077 dictum
1387 4030 1456 4077 esto.

241 4101 276 4178 g)
301 4107 353 4160 Hic
372 4105 433 4175 jam
453 4106 521 4160 situs
541 4107 578 4159 ab
596 4114 714 4177 utraque
737 4108 829 4179 figura
843 4105 984 4168 abhorret,
1007 4112 1037 4159 et
1058 4122 1076 4158 a
1095 4105 1236 4176 pyramide
1256 4112 1286 4158 et
1299 4120 1317 4156 a
1332 4103 1411 4156 cubo.
1454 4102 1525 4156 Nam

162 4186 303 4257 inscriptio
318 4185 488 4259 geometrica
501 4187 589 4250 docet,
605 4188 723 4259 angulos
737 4187 830 4257 potius
845 4192 964 4257 quatuor
978 4185 1129 4255 pyramidis
1144 4185 1244 4239 debere
1254 4182 1338 4254 jungi
1354 4177 1413 4251 (vel
1427 4197 1523 4250 super·

162 4262 242 4338 poni)
256 4266 371 4322 totidem
385 4267 496 4338 angulis
510 4268 544 4320 de
558 4267 720 4321 dodecaddri
733 4267 842 4339 viginti.
884 4265 929 4321 Sic
949 4266 1045 4319 eadem
1067 4264 1207 4335 inscriptio
1226 4264 1398 4336 geommrica
1420 4259 1482 4315 cubi
1496 4262 1524 4314 in

162 4349 351 4402 dodeceedron
372 4349 460 4410 docet,
475 4347 621 4418 diagonios
636 4348 800 4402 dodecaddri
814 4354 876 4402 octo
892 4348 925 4400 de
940 4345 1090 4409 duodecim,
1110 4343 1170 4398 fleri
1189 4354 1251 4398 octo
1265 4344 1360 4397 latera
1374 4343 1450 4396 cubi:
1470 4342 1523 4395 ita-

163 4445 215 4498 que
231 4428 254 4481 si
268 4429 457 4484 dodecaddron
471 4427 590 4481 vicissim
612 4428 649 4482 sit
670 4429 744 4482 intra
763 4429 869 4490 cubum,
896 4432 1007 4495 oportet
1026 4427 1060 4479 de
1075 4423 1193 4495 triginta
1211 4422 1346 4478 lateribus
1361 4420 1523 4476 dodeceedri

163 4523 232 4562 seua
245 4508 417 4562 subordinari
432 4509 504 4561 senis
518 4508 610 4578 planis
625 4509 688 4561 cubi
702 4509 757 4561 situ
772 4507 920 4576 parallelo.

243 4585 273 4653 b)
292 4589 353 4642 Hoc
367 4596 449 4659 pacto
463 4589 643 4657 respondebit
652 4588 759 4658 quidem
774 4586 842 4641 situs
858 4588 981 4642 octaedri
996 4585 1082 4642 intimi
1103 4585 1130 4639 in
1145 4584 1215 4639 cubo
1229 4583 1333 4638 extimo
1353 4580 1523 4651 inscriptioni

163 4668 348 4740 pometricae
363 4668 485 4736 ejusdem
500 4668 625 4723 incubo:
641 4666 824 4739 atpyramidi,
847 4668 1027 4729 dodecaddro,
1051 4666 1193 4720 icosatidro
1208 4681 1262 4719 nou
1277 4661 1402 4735 legitimo
1417 4678 1522 4716 accom-

164 4748 327 4810 modabitur,
353 4749 405 4802 nisi
428 4748 497 4802 situs
516 4748 623 4803 illomm
645 4749 671 4802 in
695 4748 765 4801 cubo
789 4749 824 4802 ad
848 4748 927 4818 leges
946 4747 1007 4816 jam
1029 4745 1216 4816 praescriptas
1236 4744 1405 4799 emendetur.
1448 4743 1524 4796 Tunc

164 4829 236 4882 enim
257 4837 421 4883 concurrent
443 4827 472 4882 in
490 4843 547 4882 una
567 4836 645 4884 recta
667 4829 744 4883 linea
766 4846 803 4881 ex
825 4834 920 4881 centro
942 4826 1075 4881 communi
1102 4827 1253 4898 figurarum
1272 4823 1390 4879 omnium
1413 4824 1522 4886 educta,

168 4903 195 4972 l)
220 4909 341 4982 angulus
356 4907 487 4971 comensi,
512 4906 545 4980 2)
559 4908 677 4964 latemm
692 4909 835 4978 icosatdri,
859 4903 888 4973 3)
905 4905 1075 4973 dodeceedri,
1099 4904 1128 4974 4)
1143 4904 1292 4979 pyramidis
1306 4902 1397 4959 media
1408 4910 1521 4974 puncta,
