3609 5634
773 407 857 472 cen
872 407 954 459 xvn.
1482 406 1547 477 ,ros

181 561 381 626 nihilomiuus
405 583 461 645 ego
486 585 543 628 non
568 567 692 643 dubito,
727 566 796 651 quin
826 575 947 631 creator
969 567 1009 629 ad
1031 567 1145 646 figurae
1168 566 1254 646 hujus
1276 566 1494 647 praescriptum
1519 568 1549 630 in

182 650 321 713 motibus
345 653 494 716 Mercurio
518 655 686 718 tribuendis
708 658 886 736 respexerit.
934 652 1002 727 Quo
1026 654 1155 717 divinior
1176 655 1274 735 magis
1296 655 1453 737 magisque
1477 656 1549 719 mihi

181 747 220 800 et
243 742 430 804 astronomia
452 750 485 806 et
508 741 669 825 Cepernici
690 744 805 825 placita
829 754 860 807 et
882 745 960 807 haec
982 744 1050 824 ipsa
1072 742 1093 807 5
1117 762 1246 825 corpora
1268 744 1415 808 videntur.

279 826 435 900 Quaerant
458 831 519 907 alii,
544 833 594 914 qni
617 833 776 910 volueriut,
800 842 967 897 ceterarum
988 830 1080 894 etiam
1099 832 1359 896 eccentricitatum
1378 853 1488 913 causas
1512 854 1549 896 ex

185 919 254 981 suis
278 938 411 1000 quasque
434 922 619 1002 corporibus.
654 919 730 986 Cum
754 924 833 985 enim
856 941 952 1003 neque
968 922 1033 1005 xhae
1057 921 1294 985 exorbitationes
1313 922 1412 985 aDeo
1435 931 1550 985 temere

185 1016 220 1068 et
244 1006 309 1071 sine
332 1028 426 1071 causa
452 1018 557 1073 tantae
586 1011 712 1093 singulis
739 1012 872 1093 planetis
905 1011 1039 1074 indultae
1072 1011 1173 1091 siutrl
1187 1026 1246 1074 uon
1279 1011 1470 1092 desperanda
1502 1020 1550 1073 est

185 1114 285 1179 nsque
307 1096 414 1160 barnan
436 1118 594 1163 cansarum
617 1101 822 1181 investigatio.
838 1104 867 1175 θ)

277 1185 380 1262 Porro,
404 1197 440 1249 ut
454 1190 588 1252 varietas
602 1190 745 1253 Mercurii
763 1190 803 1252 ad
826 1188 990 1253 octatdrcu
1015 1187 1267 1260 accommodetur,
1292 1187 1336 1249 sio
1359 1188 1411 1268 agi
1433 1197 1549 1270 posset.

187 1271 365 1339 Sumeretur
385 1280 540 1358 proportio
563 1288 695 1343 eccene,
719 1282 741 1356 8
765 1280 802 1341 sd
827 1276 1006 1341 distantiam
1029 1276 1159 1338 mediam
1188 1272 1271 1353 a&
1302 1295 1356 1356 pro
1388 1286 1487 1350 certa,
1516 1288 1551 1340 ut

109 1412 114 1416 .
166 1364 259 1443 ⁴qnia
281 1365 310 1426 iu
334 1362 501 1445 Cepernico
529 1368 677 1430 distantia
704 1368 800 1440 (sicut
822 1368 910 1430 rides
930 1365 960 1427 in
985 1366 1140 1428 schemate
1165 1360 1208 1427 23
1232 1373 1263 1426 et
1287 1361 1346 1440 24)
1374 1365 1550 1446 longissima

185 1452 238 1515 det
258 1450 344 1527 488,
376 1455 557 1518 brevissima
579 1454 678 1532 231,
695 1457 796 1519 media
822 1457 915 1536 igitur
937 1454 996 1517 erit
1019 1450 1105 1526 360,
1136 1462 1170 1515 et
1197 1454 1354 1517 amarition
1383 1462 1450 1517 tota
1472 1452 1549 1519 257.

185 1530 274 1604 Haeo
293 1542 357 1620 jam
379 1546 538 1607 mmsities
561 1546 763 1626 corrigeretur
791 1543 1074 1625 proportionaliter,
1107 1551 1151 1605 nt,
1169 1542 1240 1622 qnia
1262 1543 1391 1605 circulus
1415 1543 1550 1606 oomtdri
1663 1546 1667 1555 “

185 1636 242 1781 pro
264 1627 347 1707 488,
372 1651 493 1696 sumere
518 1633 699 1714 Coperniei,
729 1634 857 1715 largitur
880 1652 939 1696 non
961 1633 1029 1713 plns
1052 1626 1132 1706 474,
1163 1649 1237 1710 ergo
1258 1632 1414 1695 crassities
1438 1633 1497 1695 erit
1518 1633 1548 1695 in

208 1740 245 1782 ao
272 1720 465 1801 proportione
489 1720 574 1798 250,
608 1731 641 1784 et
670 1723 770 1786 media
796 1730 933 1785 correcta
955 1720 1107 1783 distantia
1135 1714 1211 1783 349.
1258 1721 1329 1783 Jmu
1356 1722 1445 1797 vide,
1480 1720 1579 1803 qnid,

185 1809 269 1871 orbis
293 1810 321 1871 in
345 1803 490 1874 octaedro
513 1812 667 1888 admittat,
691 1813 810 1877 scilicet
828 1808 905 1875 387.
942 1810 1122 1872 Differentia
1144 1808 1236 1888 igitur
1259 1810 1338 1872 inter
1359 1805 1433 1886 387,
1458 1810 1548 1873 altis·

185 1884 294 1960 'simsr'n
317 1899 397 1961 orbis
421 1909 455 1962 et
477 1896 541 1964 349
569 1903 718 1977 mediam,
751 1910 800 1964 est
823 1897 884 1973 38,
918 1909 950 1963 ot
980 1898 1102 1979 duplum
1126 1895 1188 1972 78,
1220 1897 1377 1963 crassities
1405 1899 1487 1962 orbis
1509 1898 1550 1961 ad

184 1987 306 2063 modam
329 1997 515 2066 ceterorum,
545 1990 642 2071 major
665 1992 787 2071 quidem
810 1989 907 2051 adbuc
930 2007 1019 2070 quarn
1042 1988 1192 2062 Veneris,
1221 1986 1275 2048 sed
1298 1996 1400 2049 maren
1423 2007 1482 2053 nou
1505 1988 1551 2051 its

185 2066 335 2141 humanis
377 2077 509 2160 Reliqua
531 2079 700 2142 differentia
723 2080 804 2142 inter
826 2078 1007 2140 altissimam
1030 2076 1111 2138 orbis
1139 2073 1203 2141 387
1228 2083 1260 2137 et
1283 2074 1464 2138 altissimam
1488 2077 1548 2139 cir·

185 2165 245 2229 tuti
268 2160 349 2240 474,
378 2185 456 2246 quse
480 2176 530 2231 est
552 2166 609 2243 87,
639 2169 769 2232 debetur
794 2166 940 2248 peculiari
963 2164 1176 2228 exorbitationi
1201 2164 1353 2227 Mercurii.
1399 2165 1466 2227 Hoc
1491 2162 1547 2228 iao

183 2266 308 2336 pampo
330 2274 369 2316 sn
393 2256 602 2336 abjiciendum,
627 2277 664 2320 an
689 2256 910 2321 conciliandum
932 2273 999 2317 curn
1021 2248 1162 2330 Modera
1186 2254 1282 2315 imma
1304 2259 1439 2316 motuum
1462 2253 1492 2316 iu
1516 2255 1546 2332 li,

183 2352 221 2404 tn
252 2360 334 2406 nova
358 2352 492 2407 motuum
520 2346 598 2409 ratio
632 2346 862 2420 constituenda,
895 2343 1088 2406 considerent
1121 2343 1262 2405 artifices.
1309 2341 1374 2403 Nec
1398 2341 1478 2404 enim
1501 2342 1548 2405 its

183 2429 260 2495 bene
274 2433 425 2513 explorati
439 2442 510 2497 sunt
523 2452 639 2498 errores
653 2435 743 2517 huJ‘na
761 2434 879 2509 sideris,
906 2442 939 2496 nt
961 2432 1027 2511 ejus
1050 2432 1131 2494 orbis
1155 2430 1342 2493 correctione
1360 2448 1419 2493 non
1444 2439 1543 2512 egeat.

531 2611 575 2674 IN
601 2609 742 2675 CAPUT
763 2596 961 2674 DECIMUM
984 2605 1200 2672 SEPTIMUM

588 2738 593 2747 ¹
712 2731 827 2783 uorsa
846 2729 1023 2783 sncroms.

266 2837 298 2909 a)
320 2841 409 2905 Quale
441 2840 478 2895 sit
498 2832 579 2904 illud,
610 2843 682 2913 quod
713 2841 832 2896 artifices
861 2842 1041 2913 peculiariter
1071 2841 1230 2896 adscribunt
1256 2841 1405 2909 Mercuriu,
1442 2844 1545 2899 rectius

183 2928 265 2993 petes
301 2940 338 2975 ex
367 2922 527 2976 Ptolemaeo
556 2923 630 2993 ipso,
665 2939 756 2993 exque
786 2921 934 2997 Purbacbii
962 2928 992 2976 et
1020 2921 1162 2976 Maestlini
1191 2921 1344 2977 Theoricis:
1362 2914 1399 2993 ³⁸)
1430 2924 1546 2996 denique

184 3003 318 3073 quomodo
342 3001 508 3072 Cupernicus
538 3002 606 3056 illud
637 3002 738 3073 duplici
765 3003 812 3056 via
843 3001 920 3073 (qnia
948 3001 999 3055 sini
1029 3001 1088 3071 ipse
1118 3018 1172 3055 non
1194 2998 1343 3071 satisfecit)
1373 3005 1401 3057 in
1431 3004 1545 3059 turmam

184 3097 296 3136 suarum
316 3081 512 3152 hypothesium
531 3082 722 3145 transtulerit,
754 3099 785 3136 se
806 3083 895 3152 ipsum
915 3088 1009 3136 tamen
1036 3081 1202 3146 condiderit,
1234 3083 1297 3151 plna
1328 3082 1431 3154 aliquid
1462 3099 1546 3156 pras·

185 3170 264 3216 stam
303 3160 364 3233 (per
394 3178 457 3217 suos
487 3170 577 3217 motus
611 3162 837 3234 triangulationis
874 3162 992 3232 alicujus
1027 3157 1165 3233 aemulos)
1196 3178 1278 3232 quam
1312 3180 1350 3219 ex
1383 3165 1545 3220 Ptolemaeo

185 3242 239 3295 sibi
265 3250 449 3313 proposuerat
477 3242 694 3313 exprimendum:
726 3244 752 3297 id
779 3250 868 3298 totum
894 3259 946 3297 nec
966 3245 1036 3297 adeo
1060 3243 1245 3297 necessarium
1269 3251 1313 3298 est
1333 3244 1385 3298 hnc
1412 3247 1474 3301 loco
1493 3262 1544 3300 es-

184 3323 296 3393 plicsri,
327 3339 387 3377 ctum
412 3323 450 3377 sit
474 3325 508 3378 de
536 3323 708 3393 opinionibus
730 3323 879 3387 hominum,
908 3341 963 3377 non
983 3325 1017 3377 de
1037 3323 1157 3378 veritate
1176 3339 1281 3387 rerum
1311 3331 1342 3378 et
1360 3326 1385 3379 si
1405 3327 1469 3397 quid
1489 3326 1544 3380 uti·

185 3403 251 3457 liter
272 3403 325 3456 dici
344 3409 452 3473 potest,
483 3404 586 3458 rectius
608 3404 739 3459 aliorsum
759 3404 893 3473 rejicitur.
936 3404 966 3458 ln
987 3421 1018 3458 re
1038 3404 1119 3468 enim,
1140 3404 1193 3458 boc
1213 3410 1270 3469 est,
1300 3407 1370 3475 qnod
1390 3406 1543 3462 Mercurius

187 3483 257 3537 lacit
277 3500 413 3538 enormem
442 3483 677 3539 ecoentricitatem
703 3484 798 3539 circuli
818 3484 860 3538 sui
890 3501 911 3539 a
928 3483 1006 3548 Sole,
1038 3501 1118 3556 quem
1138 3483 1268 3539 circulum
1288 3484 1464 3541 Ptolemaeus
1485 3486 1543 3557 epi·

185 3556 307 3634 cyclum,
329 3579 383 3635 ego
404 3562 584 3618 eocentricum
606 3564 678 3628 dico,
701 3566 826 3635 quodque
847 3563 874 3617 in
896 3563 945 3617 illo
966 3564 1051 3619 etiarn
1071 3564 1222 3618 eccentrico
1244 3571 1369 3618 moretur
1388 3566 1542 3637 inaequali·

184 3652 236 3708 ter,
259 3646 294 3697 ad
315 3644 518 3714 proportionem
539 3644 762 3699 eccentrioitatis.
803 3644 849 3697 Ex
870 3643 914 3697 his
935 3642 1075 3713 principiis
1097 3650 1127 3696 et
1146 3662 1183 3698 ex
1202 3643 1409 3699 eccentricitate
1423 3646 1543 3701 Telluris

185 3724 318 3794 quomodo
349 3724 468 3778 conflata
497 3723 534 3777 sit
562 3725 714 3794 phantasia
735 3724 785 3778 illa
805 3723 922 3793 duplicis
952 3720 982 3777 it
1000 3722 1136 3777 Mercurio
1165 3723 1306 3795 perigaei,
1338 3731 1367 3780 et
1392 3726 1432 3780 sio
1452 3732 1541 3781 motus

184 3804 264 3874 quasi
285 3803 480 3875 triangularis:
511 3803 539 3858 id
558 3804 746 3875 explicabitur
767 3804 794 3857 iu
815 3802 1049 3857 demonstratione
1070 3809 1191 3858 motuum
1212 3804 1356 3867 Mercurii;
1387 3824 1438 3859 neo
1457 3807 1542 3877 plane

183 3890 331 3954 praetereo
352 3899 484 3937 summanr
504 3883 545 3937 rei
566 3885 594 3938 in
614 3883 690 3955 Epit.
712 3889 788 3938 Astr.
811 3884 859 3939 lib.
879 3883 928 3937 Vl,
969 3881 1077 3937 Sufficit
1095 3883 1149 3937 hoc
1169 3882 1229 3936 loco
1250 3884 1318 3937 illud
1338 3901 1461 3949 monere,
1487 3903 1541 3939 non

186 3980 249 4017 esse
278 3962 362 4032 hujus
393 3963 599 4034 singularitatis
620 3964 793 4020 Mercurialis
815 3979 928 4019 oausam
949 3963 1070 4035 aliquam
1101 3963 1309 4033 archetypicarn
1340 3983 1377 4020 ex
1399 3968 1539 4030 octaedro,

184 4060 273 4115 ecque
293 4042 394 4098 salsam
414 4043 496 4114 burins
517 4044 616 4114 sapitis
637 4045 821 4115 hypothesin:
848 4044 1075 4113 jucundissimam
1103 4049 1197 4097 tamen
1217 4045 1437 4099 recordationem
1456 4046 1540 4113 hujus

183 4124 401 4194 epichirematis,
431 4131 463 4179 ut
482 4132 632 4195 appareat,
660 4126 758 4196 quibus
778 4125 955 4198 ignorantiae
975 4125 1109 4199 gradibus
1133 4125 1168 4179 sd
1189 4125 1375 4179 astronomiae
1395 4124 1540 4180 scientiam

184 4210 215 4259 et
234 4203 656 4273 constitutionemnsceuderim.
1026 4210 1030 4214 ’
1416 4215 1420 4223 ’

262 4282 293 4351 b)
314 4285 411 4355 Neque
431 4284 484 4339 hoc
502 4285 677 4357 undiquaque
699 4286 739 4340 sio
758 4286 859 4338 habet:
888 4284 1002 4339 Saturni
1023 4284 1130 4354 quidem
1151 4300 1220 4338 vera
1239 4283 1430 4338 ecoentricitas
1452 4282 1541 4353 major

184 4370 228 4419 est
246 4364 362 4430 Joviali,
383 4364 459 4419 Jovis
479 4382 545 4419 vero
565 4367 652 4420 multo
672 4367 760 4419 minor
779 4363 904 4418 Martiali
924 4363 1054 4418 interiori.

147 4466 150 4470 “
262 4442 289 4510 c)
310 4444 397 4499 Nemo
427 4444 535 4509 extitit,
567 4445 613 4516 qui
634 4450 789 4516 quaereret.
832 4443 964 4505 Quaerite
994 4451 1024 4497 et
1053 4442 1208 4496 invenietis.
1251 4441 1394 4506 Quaesivi,
1425 4450 1455 4497 et
1476 4461 1539 4498 ecce

185 4523 284 4590 inveni,
305 4524 353 4580 lib.
375 4526 410 4578 V.
431 4526 668 4590 Harmonicorurn,
691 4540 789 4578 causas
810 4523 1075 4594 praestantissimas.
1117 4525 1194 4576 Adeo
1216 4523 1317 4577 bonum
1337 4524 1467 4578 etlilium
1488 4524 1541 4578 hoo

185 4622 263 4659 omen
286 4605 357 4659 fuit:
385 4605 459 4660 Non
479 4608 679 4677 desperare:
707 4607 776 4658 adeo
797 4603 907 4674 pollens
928 4609 958 4657 et
976 4617 1138 4673 praegnans
1159 4601 1272 4656 arricum
1295 4601 1341 4657 hic
1361 4610 1539 4675 usurpatum:

185 4684 285 4739 Nihil
306 4701 325 4741 a
344 4685 417 4740 Deo
438 4691 570 4741 temere
591 4684 830 4741 constitutum.

774 4913 947 4927 ..-
964 4924 968 4929 ,
1043 4918 1046 4923 t
