3609 5634
290 342 356 411 323
710 315 812 396 morsa
829 342 932 409 xeres
951 343 1103 409 somnne
1120 347 1223 395 mune

290 505 421 587 spatium
444 522 482 566 ex
503 509 588 566 terra
611 502 722 577 exorti,
753 503 785 565 in
816 509 946 576 terram,
980 522 1060 585 aqua
1083 502 1175 577 facti,
1208 501 1355 566 recidunt
1401 501 1484 565 Audi
1507 498 1661 572 rusticos,

290 594 408 676 qnando
432 591 569 655 imminet
592 592 702 654 nebula
725 593 863 666 aestiva,
896 592 1023 664 nebula,
1059 591 1195 670 inquam,
1221 599 1252 653 et
1275 592 1390 671 grando
1413 590 1443 652 in
1467 589 1581 652 eadem
1606 607 1661 649 re-

290 683 388 763 gione.
433 681 565 743 Etcum
588 680 642 743 tibi
667 682 750 743 calor
773 680 902 742 attrabit
925 699 1040 749 crassa,
1063 680 1112 759 qni
1137 680 1208 741 mihi
1232 699 1338 741 crassa
1357 679 1560 742 subtilisando
1585 695 1660 738 sur-

289 790 356 834 sum
378 776 555 851 promovet,
592 771 687 831 audes
710 769 803 831 etiam
829 770 946 849 copiam
976 769 1086 845 nivium
1122 768 1151 831 in
1175 768 1323 831 montosis
1356 788 1410 849 pro
1434 777 1465 830 te
1490 766 1662 839 adducere,

290 878 365 941 quae
389 857 549 920 manifeste
572 877 626 939 pro
650 877 697 920 me
722 857 822 920 lacit?
1375 895 1382 909 ι

378 945 440 1010 Sed
464 946 577 1009 directe
602 947 727 1027 deniqne
751 964 949 1026 responsurus
972 964 1057 1007 meae
1086 944 1252 1024 objectioni
1282 946 1319 1007 de
1351 944 1558 1024 possibilitate
1584 943 1661 1021 plu·

289 1035 369 1111 sudi,
393 1035 535 1114 cingendi
560 1036 589 1097 in
613 1034 780 1111 montanis,
805 1034 943 1112 confugis
967 1035 1006 1096 ad
1030 1053 1134 1095 veram
1157 1052 1297 1108 cansam3
1320 1034 1455 1114 proxime
1480 1041 1579 1104 stant,
1608 1031 1661 1091 in·

290 1125 366 1207 quis,
391 1123 560 1199 humorem,
585 1125 635 1205 qui
658 1125 697 1186 ab
720 1125 838 1186 interno
862 1123 1007 1185 montium
1032 1124 1133 1187 calore
1158 1133 1263 1184 coctus
1287 1123 1474 1184 sublimatur.
1524 1117 1662 1182 Gratias

289 1230 357 1294 ago,
382 1232 452 1276 nam
477 1213 532 1275 hoc
556 1214 654 1292 ipsum
679 1212 746 1275 dico
770 1220 802 1275 et
819 1212 887 1291 jam
910 1212 983 1274 olim
1007 1212 1081 1275 dixi.
1127 1195 1292 1290 E‘gregiam
1306 1231 1377 1272 vero
1401 1210 1560 1280 rationem,
1588 1228 1661 1270 eum

289 1300 437 1364 turbidine
460 1301 490 1364 in
513 1301 661 1364 Bohemia
684 1301 801 1364 coelum
825 1300 973 1375 dixisses,
1008 1302 1079 1381 qnia
1102 1299 1143 1362 ibi
1165 1300 1300 1364 oriuntur
1322 1300 1464 1372 flumina,
1498 1298 1573 1379 quia
1598 1297 1661 1359 bu-

288 1390 388 1454 milior
409 1399 510 1463 bema,
545 1389 615 1470 quia
646 1391 684 1452 ob
716 1399 861 1453 montana
894 1389 974 1450 intus
1007 1389 1167 1452 calentior!
1215 1387 1260 1450 At
1282 1389 1338 1451 tibi
1361 1408 1419 1449 non
1442 1388 1546 1467 placet
1581 1405 1663 1447 vera

289 1498 398 1551 causa3
425 1479 456 1540 in
479 1478 589 1552 Dania,
613 1478 732 1560 inquis,
766 1496 860 1558 vapor
883 1477 1005 1540 subtilis
1028 1479 1092 1540 sine
1116 1477 1219 1557 pluvia
1242 1478 1351 1540 iterum
1374 1478 1519 1539 miscetur
1542 1495 1659 1556 aquae.

287 1566 407 1629 Juvabo
431 1573 472 1630 te.
519 1568 553 1629 ln
576 1568 677 1630 Danie
700 1566 874 1647 superficies
897 1567 991 1629 maris
1015 1575 1160 1647 vaporat,
1195 1575 1358 1647 propterea
1389 1565 1462 1627 nihil
1497 1565 1560 1626 fere
1598 1563 1660 1626 nisi

289 1675 374 1719 rores
397 1655 468 1718 inde
492 1655 639 1730 existunt3
663 1654 693 1717 in
718 1654 865 1717 Bohemia
889 1655 1011 1718 fumant
1034 1665 1135 1720 terrae
1159 1655 1279 1717 viscera
1301 1673 1422 1717 crassos
1446 1672 1589 1733 vapores.

379 1745 515 1807 Tandem
538 1753 644 1825 aperte
668 1744 827 1807 confirmas
852 1763 951 1806 meam
974 1744 1169 1818 sententiam,
1198 1753 1316 1806 montes
1338 1744 1407 1823 plns
1431 1742 1546 1803 habere
1571 1751 1658 1804 tem-

288 1840 451 1914 pestatum,
477 1851 566 1912 qnam
589 1851 692 1906 mere3
716 1852 786 1895 nam
808 1833 910 1894 sidera
933 1833 1040 1895 lortius
1066 1833 1094 1894 in
1121 1832 1236 1894 solidos
1261 1841 1390 1906 montes,
1416 1850 1504 1912 qnam
1529 1831 1657 1893 mollem

290 1940 400 2002 aquarn
423 1917 600 2001 impingunt.
646 1920 687 1983 Et
711 1921 767 1983 hoe
791 1940 849 1982 non
874 1929 925 1982 est
946 1923 984 1984 nb
1008 1931 1136 1989 montes,
1160 1921 1269 2002 inquis,
1296 1921 1383 2002 quasi
1406 1921 1474 2001 plns
1495 1921 1659 1992 exhalent,

290 2011 344 2074 sed
369 2011 407 2072 ob
431 2018 525 2083 astra,
550 2028 626 2090 quae
649 2011 719 2090 plus
738 2019 901 2090 operantur
924 2010 954 2072 iu
977 2012 1166 2092 propositam
1190 2011 1227 2072 de
1250 2030 1307 2073 sna
1331 2009 1465 2072 essentia
1479 2009 1655 2072 materiam.

291 2096 326 2162 Si
349 2098 417 2179 plus
441 2107 527 2160 astra
551 2117 589 2160 ex
611 2098 764 2161 montibus
787 2098 930 2173 eliciunt,
968 2102 1037 2180 plus
1064 2100 1157 2179 igitur
1185 2099 1375 2179 vaporabant
1397 2106 1536 2175 montes,
1572 2099 1656 2180 qnod

290 2187 381 2268 plane
403 2205 460 2266 ego
483 2186 648 2260 oonteud03
678 2187 816 2266 quamvis
839 2195 872 2249 tu
895 2206 1000 2250 orasse
1022 2188 1246 2269 philosopharis
1270 2189 1307 2250 de
1332 2197 1483 2249 astrorum
1506 2188 1536 2248 in
1561 2206 1655 2250 mon-

289 2285 338 2339 tes
362 2273 479 2339 fortiori
502 2276 645 2355 impactu.
692 2275 760 2338 Non
785 2276 878 2337 debes
903 2276 977 2340 mihi
1000 2279 1057 2339 boo
1080 2276 1258 2356 principium
1282 2276 1444 2358 imputare,
1473 2277 1554 2357 quod
1577 2276 1654 2350 scis,

290 2384 379 2427 ame
402 2364 433 2426 in
456 2363 734 2426 Dissertatiuuoula
756 2363 881 2443 negari,
918 2374 972 2428 aut
994 2365 1096 2447 potins
1120 2366 1204 2429 illam
1228 2385 1266 2429 ex
1288 2367 1426 2446 professo
1450 2383 1567 2428 sumere
1593 2365 1655 2426 im·

289 2454 492 2534 pugnandam.

358 2559 389 2609 In
405 2558 484 2609 literis
502 2558 526 2607 d.
545 2556 569 2609 d
590 2553 616 2605 2.
628 2556 692 2607 Deo.
706 2551 775 2604 1002
794 2554 927 2619 Keplerus,
947 2556 1100 2621 respondens
1118 2558 1152 2608 ad
1170 2559 1341 2623 quaestionem
1354 2559 1461 2610 Fabricii
1478 2560 1509 2610 de
1527 2559 1552 2608 vi
1570 2565 1654 2610 astre-

290 2630 373 2698 logica
390 2629 542 2681 nodorum
560 2626 666 2679 Lunae
683 2626 748 2678 isaeo
765 2628 913 2692 scripserat:

377 2701 424 2763 De
444 2700 531 2762 nodis
555 2700 618 2761 lere
641 2697 816 2778 persuades,
842 2698 898 2759 hoc
921 2697 1052 2761 maxime
1077 2710 1264 2780 argumento,
1289 2701 1369 2781 qnod
1392 2700 1552 2781 eclipticas
1575 2720 1654 2781 par·

289 2796 339 2853 tes
363 2789 496 2852 ementes
520 2788 580 2852 vim
603 2787 719 2850 habent
741 2786 921 2860 maximam,
954 2806 1011 2848 non
1037 2808 1110 2850 sane
1134 2789 1245 2864 aliam,
1281 2807 1370 2869 quam
1394 2790 1472 2869 qnod
1503 2808 1653 2869 peream

290 2877 363 2949 Sol,
392 2878 483 2958 juxta
512 2885 543 2939 et
567 2878 710 2957 planetae
732 2883 901 2938 transeunt.
949 2873 1060 2946 Quidni
1090 2897 1162 2958 ergo
1186 2886 1219 2940 et
1240 2879 1292 2939 via
1315 2878 1420 2939 Lunae
1444 2877 1503 2939 vim
1527 2879 1653 2949 habeat,

289 2966 472 3047 superinde
504 2966 599 3027 nodus
631 2964 799 3045 duplicem?
845 2963 908 3025 Sed
941 2965 1028 3038 vide,
1062 2966 1133 3045 quid
1167 2976 1320 3047 sequatur.
1366 2966 1446 3029 Nodi
1470 2967 1654 3047 reliquorum

289 3056 382 3119 etiam
405 3063 476 3118 sunt
499 3053 722 3116 considerandi.
769 3051 894 3124 Quanta
926 3054 1086 3115 multitudo
1120 3063 1152 3116 et
1188 3056 1287 3137 qualis
1319 3055 1472 3117 varietas!
1515 3057 1586 3119 dum
1623 3056 1652 3117 in

289 3144 424 3225 qualibet
447 3142 553 3223 genesi
575 3141 697 3222 propria
719 3150 769 3204 est
792 3142 843 3204 via
856 3142 972 3203 Lunae.
1019 3142 1065 3204 Tu
1088 3143 1189 3205 nescio
1205 3144 1276 3224 quid
1299 3144 1495 3224 impertinens
1519 3145 1556 3206 de
1575 3164 1653 3206 cou-

288 3233 373 3295 floxu
396 3232 521 3302 orbium,
546 3231 597 3311 qui
620 3230 693 3292 nulli
717 3230 841 3292 suntin
864 3231 959 3305 coelo,
983 3231 1085 3293 affers.
1132 3298 1135 3302 ,

363 3319 404 3369 sd
425 3318 489 3369 baec
514 3318 698 3376 Fabricius,
729 3332 834 3383 pergens
858 3319 883 3367 in
910 3317 987 3368 literis
1013 3319 1038 3368 d.
1059 3318 1179 3377 ildeb.
1201 3315 1285 3377 1603,
1316 3319 1508 3384 sicrespondit:
1542 3317 1652 3369 Causam

293 3388 422 3441 efficadae
440 3390 559 3439 nodorum
577 3387 666 3439 Lunae
690 3396 809 3452 exparte
833 3388 907 3438 retuli
932 3388 966 3438 ad
984 3403 1129 3440 concursum
1155 3391 1249 3440 orbium
1268 3390 1331 3441 Solis
1350 3399 1376 3442 et
1394 3392 1490 3442 Lnnae.
1528 3390 1602 3451 Quod
1621 3391 1652 3440 de

292 3461 450 3511 multitudine
468 3466 494 3511 et
511 3462 634 3510 vasense
652 3461 771 3510 nodorum
790 3460 885 3523 objicis,
903 3460 963 3509 nihii
983 3467 1028 3510 est
1066 3461 1120 3511 Etsi
1144 3463 1209 3511 enim
1232 3462 1263 3513 de
1281 3463 1380 3527 reliquis
1398 3463 1470 3512 nodis
1487 3477 1537 3511 non
1557 3461 1651 3516 dubito.

291 3532 424 3596 quidquam
441 3538 527 3582 tamen
546 3532 606 3582 certi
618 3529 714 3582 afferre
731 3546 782 3581 uon
798 3545 906 3594 possum.
943 3530 984 3581 De
997 3531 1086 3582 Lunae
1104 3533 1176 3582 nodis
1193 3547 1233 3583 res
1251 3541 1340 3597 spem
1357 3541 1408 3591 est;
1428 3548 1485 3584 cum
1503 3532 1579 3582 Luna
1594 3547 1651 3583 ma-

289 3604 357 3666 iores
375 3603 408 3653 ad
427 3602 529 3653 Terram
547 3604 610 3652 vires
628 3602 736 3662 habeas,
762 3607 862 3668 propter
879 3603 1047 3661 vicinitatem,
1074 3617 1148 3668 quam
1167 3607 1294 3667 superiora
1311 3612 1394 3658 astra.
1421 3605 1480 3669 quid
1497 3605 1601 3664 mirum,
1632 3604 1652 3653 si

292 3674 363 3723 nodis
382 3673 470 3725 Lunae
488 3687 584 3738 quoqne
601 3676 682 3736 major
698 3674 775 3723 virtus
794 3672 971 3737 adstipuletur,
990 3687 1065 3738 qnam
1083 3676 1187 3732 camna,
1205 3690 1307 3739 qnorum
1324 3677 1382 3726 nodi
1401 3676 1526 3725 obscurius
1545 3688 1650 3739 operan-

292 3743 351 3793 tnri
386 3744 440 3810 Ego
459 3744 626 3808 experimento
645 3744 676 3794 de
694 3745 764 3794 nodis
782 3745 855 3795 nitor.
894 3743 988 3794 Credat
1005 3745 1076 3805 alins,
1095 3760 1257 3811 quascunque
1275 3747 1348 3805 velit,
1366 3748 1439 3797 modo
1457 3747 1589 3797 manifeste
1608 3762 1650 3796 re·

291 3815 362 3866 ritati
378 3817 428 3865 dm
445 3830 496 3865 non
513 3815 613 3864 minas
958 3835 961 3842 ·
1515 3823 1518 3828 ⁴
1547 3827 1549 3834 ’

380 3902 562 3982 Keplerns
596 3903 640 3978 (in
664 3902 761 3965 literis
786 3904 814 3966 d.
840 3903 868 3965 d.
891 3900 923 3966 4.
948 3903 1053 3977 Julii):
1090 3903 1137 3966 De
1161 3906 1247 3968 nodis
1270 3907 1374 3969 Lunae
1398 3908 1551 3972 subiratus
1574 3929 1651 3973 oon-

291 3988 407 4052 elndis:
445 4008 503 4070 ego
527 3991 725 4071 experientia,
749 3990 857 4071 inquis,
884 3992 973 4064 nitor,
997 3994 1103 4054 eredat
1121 3993 1215 4069 alins,
1240 3996 1310 4075 quid
1333 3996 1417 4059 velit.
1464 3998 1547 4078 Ergo
1571 4020 1650 4062 nnn·

290 4078 397 4140 ciabot
431 4086 463 4140 et
494 4099 551 4161 ego
583 4081 697 4155 fateor,
731 4080 802 4141 mihi
831 4091 1004 4161 suspectam
1033 4091 1115 4145 tuam
1150 4084 1385 4162 experientiam,
1420 4094 1526 4168 utpote
1559 4088 1649 4151 nimis

292 4167 434 4230 subtilem
445 4186 464 4259 3.
485 4170 565 4231 malo
588 4187 660 4248 ergo
683 4169 828 4243 rationes,
853 4189 929 4250 quse
952 4178 1098 4250 praeeunt
1121 4171 1192 4246 illie,
1218 4174 1366 4235 eredendo
1390 4177 1484 4257 seqni,
1512 4178 1650 4258 quamvis

291 4256 348 4319 boc
371 4256 444 4318 nihil
469 4257 508 4318 ad
532 4258 739 4337 propositum3
764 4259 827 4320 fere
851 4259 940 4333 enim,
966 4259 1053 4335 scito,
1077 4266 1177 4323 tecum
1202 4263 1367 4326 consentio.

362 4363 548 4413 Fabricius:
581 4363 611 4414 In
630 4365 757 4414 annuntia
774 4367 805 4416 de
823 4365 1103 4418 inclinationibus
1122 4373 1148 4417 et
1166 4371 1434 4432 temperamentis
1453 4367 1564 4434 (prm,
1583 4367 1649 4433 325)

290 4433 335 4483 tibi
347 4435 440 4497 partim
458 4435 576 4493 mentio,
595 4436 686 4497 partim
703 4450 762 4484 uon.
799 4436 838 4486 Tu
855 4436 1045 4487 inclinationum
1062 4453 1165 4488 causam
1183 4440 1260 4490 refers
1278 4440 1312 4489 ad
1328 4441 1394 4504 ipsos
1405 4442 1529 4506 planetas,
1549 4449 1576 4492 et
1593 4449 1650 4506 post
1723 4487 1727 4498 .

290 4518 387 4569 qnoque
410 4507 465 4569 ipsa
486 4511 685 4569 temperamenta
708 4507 875 4557 constituendi
897 4513 1047 4571 potestatem
1070 4509 1118 4559 illis
1143 4511 1266 4562 attribuis.
1304 4511 1346 4563 Sic
1364 4528 1459 4578 queque
1476 4513 1648 4564 lenimtiuesu

291 4580 318 4623 et
335 4575 488 4625 debilitatem
506 4577 542 4625 eis
560 4576 693 4636 concedis,
713 4576 851 4644 bonitatem
868 4594 926 4628 vero
945 4585 971 4629 et
988 4580 1109 4630 malin‘am
1128 4581 1228 4632 aliunde
1247 4581 1356 4632 deducis.
1392 4583 1479 4650 Nego,
1512 4599 1576 4643 ,nee
1595 4593 1649 4636 arte

290 4658 338 4695 nee
364 4649 455 4696 uetans
482 4661 598 4710 moresca
624 4647 798 4699 inclinationes
825 4649 947 4708 mutari;“
978 4651 1032 4714 quis
1061 4652 1126 4701 enim
1152 4654 1274 4703 attentius
1301 4660 1415 4704 aetatum
1441 4655 1583 4706 differentia
1599 4671 1649 4706 non

291 4718 418 4780 eoguosdt
435 4716 507 4767 simul
525 4718 716 4776 inclinationes,
735 4733 766 4769 ex
784 4721 869 4770 anima
887 4720 1005 4771 mnsidra
1023 4729 1097 4783 omas,
1116 4722 1226 4773 mutari?
1263 4722 1399 4788 (Keplerus
1416 4727 1442 4775 in
1460 4728 1572 4792 margine
1590 4727 1648 4776 lita·

291 4799 373 4835 sarorn
386 4788 506 4838 Fabricii:
527 4788 612 4847 ,Male
630 4791 706 4840 refert
722 4804 781 4841 msa
798 4791 899 4842 verba*
936 4792 1034 4843 Deinde
1047 4795 1081 4845 ad
1091 4797 1200 4858 proxime
1211 4797 1350 4859 praemissa
1362 4803 1389 4846 et
1400 4799 1542 4862 umentis:
1563 4797 1649 4856 ,Vera

291 4855 359 4906 dicis.
397 4857 463 4910 Vide
481 4860 540 4923 qnid
557 4865 587 4910 tu
603 4859 769 4924 maerim
806 4862 868 4925 Quis
885 4879 938 4915 non
954 4864 1030 4922 ridet
1049 4866 1111 4917 aliea
1130 4868 1221 4930 pueris,
1240 4866 1304 4918 alios
1319 4870 1413 4931 juveni.
1432 4869 1495 4919 alios
1506 4870 1566 4928 viro,
1585 4869 1648 4921 suos
