3609 5634
327 349 347 413 2
506 386 510 403 ·
546 408 551 415 ,
917 355 1077 407 Pam

327 512 375 584 iis,
397 530 472 593 quae
494 512 524 574 in
547 532 603 574 nau
625 521 703 589 sunt,
728 514 855 590 auxiliis,
878 533 957 577 nova
977 526 1171 596 paratarma,
1196 516 1301 596 quibus
1322 534 1357 578 se
1380 515 1514 599 ommhps
1541 508 1684 591 impedi·
1789 565 1791 585 r

326 619 434 680 mentis
458 619 638 697 superiorem
658 620 723 681 fora
742 629 854 699 sperat.
892 619 983 693 Quod
996 622 1077 685 idem
1089 621 1219 702 Keplero
1233 623 1366 685 videmus
1380 623 1527 684 evenisse.
1571 616 1687 687 Videt,

325 734 507 806 quantopere
529 733 665 805 praestet
688 724 895 807 Copernicana
916 728 994 790 ratio
1016 729 1227 803 Ptolemaicae,
1252 750 1309 791 uon
1333 729 1464 810 ignorat,
1487 745 1586 809 quam
1612 723 1686 785 foe·

325 831 421 893 cunda
444 850 572 894 erromm
596 841 693 894 mator
714 833 757 894 sit
778 832 953 915 astrologia.
991 835 1036 898 At
1055 836 1136 898 illinc
1152 833 1387 915 Copernicanam
1405 836 1554 898 rationem
1576 830 1685 893 desti-

326 946 420 1000 tutam
443 939 526 999 videt
547 939 639 1002 certis
662 943 853 1020 argumentis,
878 941 946 1003 hinc
970 941 1164 1022 astrologiam
1183 944 1311 1004 omnium
1329 950 1464 1023 aetatum
1482 938 1684 1003 auctoritate

324 1044 453 1106 defendi.
491 1042 572 1114 Quid
594 1044 706 1124 igitur?
729 1047 826 1122 cedet,
851 1048 951 1124 credo,
975 1049 1021 1110 vir
1042 1068 1171 1111 summus
1189 1058 1354 1130 temporum
1377 1066 1530 1130 rerumque
1557 1044 1683 1125 iniqui-

323 1150 403 1212 tati?
448 1151 510 1212 lmo
532 1169 603 1213 vero
628 1151 771 1225 fortitudo
794 1153 884 1249 animi
907 1172 965 1215 nnn
993 1153 1110 1233 defugit
1135 1164 1303 1230 certamen,
1333 1156 1485 1235 sagacitas
1512 1152 1684 1215 ministrat

323 1276 420 1333 arma,
449 1258 600 1320 indelessa
622 1257 770 1347 industria
792 1262 925 1341 miraque
948 1260 1120 1324 constantia
1141 1261 1179 1321 ad
1203 1280 1283 1337 eum,
1308 1280 1394 1343 quem
1417 1260 1547 1343 quaerit,
1583 1259 1682 1319 ῆηοιη

322 1363 496 1443 perducunt.
520 1396 565 1425 —,
585 1365 631 1427 Ar
653 1365 800 1447 Keplerus
822 1387 892 1430 num
915 1387 947 1430 re
969 1386 1043 1430 vera
1069 1368 1171 1442 linem,
1201 1386 1287 1448 quem
1314 1367 1474 1447 quaesivit,
1504 1371 1680 1427 assecutus

323 1470 392 1531 est?
436 1471 614 1533 Mundorum
635 1472 791 1535 harmonia
812 1475 1017 1556 praesagienti
1040 1475 1120 1538 illius
1143 1477 1239 1535 animo
1262 1473 1492 1546 obversabatur;
1518 1473 1558 1534 ad
1586 1471 1681 1533 illam

321 1578 558 1657 cognoscendam
583 1578 683 1641 divino
706 1580 834 1660 quodam
856 1581 969 1662 impetu
991 1580 1148 1661 abreptus,
1179 1598 1345 1660 quanquam
1368 1578 1502 1640 omnibns
1526 1578 1679 1640 fortunae

321 1682 390 1745 telis
413 1684 535 1764 petitus,
558 1686 647 1747 stetit
669 1686 847 1766 impavidus,
871 1706 1070 1768 aemmnaqus
1092 1697 1125 1749 et
1146 1685 1330 1766 aegritudine
1355 1685 1411 1747 fuit
1432 1685 1578 1764 superior.
1632 1683 1680 1744 Et
1790 1758 1791 1773 χ

320 1788 432 1851 abillo
456 1790 587 1871 quidem,
615 1793 693 1872 quod
716 1794 897 1874 quaerebat,
926 1795 1046 1874 penitus
1075 1793 1281 1873 cognoscendo
1309 1812 1396 1872 qnam
1419 1811 1511 1874 prope
1534 1792 1676 1858 affuerit,

320 1903 471 1958 testantur
492 1905 555 1959 tres
579 1897 649 1960 illae
673 1901 710 1960 ab
734 1919 769 1961 eo
793 1899 933 1963 iuventae
954 1901 1037 1982 leges
1055 1901 1249 1974 immortales,
1273 1899 1388 1979 quibus,
1412 1908 1445 1962 ut
1459 1899 1674 1971 fundamento,

319 2021 394 2083 qnae
417 2011 539 2066 nostrae
561 2006 673 2067 aetatis
700 2014 762 2080 est,
790 2006 918 2089 physica
940 2016 972 2070 et
994 2007 1177 2070 ashonomia
1199 2013 1404 2085 superstructa
1426 2016 1483 2069 est.
1510 2037 1551 2048 -
1576 2006 1672 2067 Pro-

318 2109 462 2171 dromus
480 2109 607 2190 quidem,
633 2111 705 2174 licet
721 2112 789 2174 illas
803 2113 890 2193 leges
908 2132 966 2176 non
980 2116 1102 2189 relerat,
1126 2124 1237 2185 tamen,
1259 2113 1328 2193 qnid
1341 2112 1418 2174 hunc
1435 2112 1673 2192 „prodromum“

318 2224 487 2279 secuturum
509 2226 602 2293 esset,
625 2218 787 2298 Keplerum
810 2222 909 2284 animo
928 2222 993 2301 jam
1017 2229 1079 2283 turn
1101 2231 1292 2300 praeceptum
1311 2220 1461 2295 hahuisse,
1485 2220 1575 2282 titulo
1600 2219 1673 2301 ipso

318 2322 441 2385 indicat.
486 2324 556 2405 Ipse
580 2333 680 2388 autem
703 2326 760 2388 hac
783 2326 820 2389 de
843 2348 875 2391 re
899 2329 974 2390 dicit
995 2329 1025 2389 iu
1048 2336 1121 2389 nota
1144 2329 1182 2388 ad
1206 2328 1323 2390 titulum
1352 2326 1436 2397 libri,
1464 2322 1588 2389 editioni
1614 2345 1671 2388 se-

317 2429 432 2494 cundae
445 2432 597 2510 praefixa:
624 2432 808 2515 „Postquam
822 2434 862 2495 ad
876 2431 1083 2514 philosophiae
1097 2432 1226 2494 studium
1240 2434 1365 2507 accessi,
1380 2452 1457 2494 anno
1472 2430 1583 2494 aetatis
1605 2428 1671 2506 18,

318 2556 346 2597 a.
362 2533 418 2599 Ob.
436 2533 531 2614 1589,
555 2538 754 2602 versabantur
776 2540 806 2602 in
825 2539 961 2602 manibus
975 2540 1142 2620 juventutis
1162 2540 1393 2603 exercitationes
1411 2538 1580 2601 exotericas
1600 2536 1671 2599 Jul.

317 2640 408 2706 Caes.
423 2642 587 2725 Scaligeri:
611 2646 696 2727 cujus
720 2665 777 2725 ego
800 2644 867 2707 libri
890 2645 1048 2715 occasione
1071 2646 1157 2726 coepi
1180 2643 1347 2707 successive
1370 2645 1456 2706 varia
1478 2642 1668 2707 comminisci

317 2751 363 2813 de,
376 2750 469 2814 variis
492 2751 726 2831 quaestionibus,
750 2760 785 2815 ut
807 2751 845 2814 de
867 2752 962 2826 coelo,
987 2752 1024 2814 de
1047 2753 1164 2826 animis,
1189 2753 1226 2812 de
1249 2751 1353 2832 geniis,
1378 2751 1415 2813 de
1434 2752 1600 2825 elementis,
1628 2751 1671 2811 de

317 2857 396 2938 ignis
413 2867 530 2934 natura,
555 2859 592 2921 de
616 2858 743 2922 sontium
766 2858 890 2939 origine,
914 2860 1050 2921 defluxu
1073 2868 1105 2920 ct
1126 2860 1240 2921 refluxu
1262 2859 1363 2934 maris,
1387 2859 1424 2919 dc
1446 2859 1540 2939 ligura
1561 2859 1667 2919 couti-

316 2963 448 3027 nentium
475 2973 621 3027 terramm
652 2967 920 3046 interfusorumque
943 2965 1069 3029 marium
1091 2976 1124 3029 et
1145 2966 1263 3028 similia.
1304 2965 1418 3027 Verum
1441 2984 1505 3027 cnm
1529 2964 1667 3027 inventio

317 3072 380 3133 iata·
399 3071 599 3154 proportionis
623 3071 738 3135 orbium
760 3073 936 3136 coelestium
958 3074 1030 3137 mibi
1053 3074 1203 3135 videretur
1225 3072 1344 3142 eximia,
1369 3091 1427 3134 non
1445 3071 1667 3153 expectandum

315 3176 388 3239 mibi
409 3196 475 3239 sum
497 3186 595 3253 ratus,
620 3178 713 3241 donec
737 3198 840 3242 omnes
862 3189 988 3243 naturae
1011 3188 1114 3261 partes
1136 3198 1333 3260 pervagarcr,
1356 3199 1410 3241 uec
1432 3179 1488 3241 hoc
1510 3179 1665 3242 inventum

315 3282 411 3346 obiter
434 3284 648 3365 evulgandum,
672 3286 840 3365 conjectum
862 3288 893 3349 in
917 3288 1064 3349 cumulum
1082 3287 1288 3368 quaestionum
1312 3294 1487 3363 ceteramm,
1511 3286 1570 3347 levi
1584 3305 1663 3367 qna-

316 3392 387 3454 dam
407 3391 622 3472 probabilitate
645 3393 802 3457 utentium.
849 3392 929 3466 Quin
951 3395 1052 3475 potius
1075 3393 1113 3456 ab
1136 3393 1225 3475 hujus
1252 3394 1366 3456 inventi
1395 3394 1524 3456 editione
1545 3393 1664 3456 initium

317 3499 561 3561 dissertationum
591 3518 723 3562 meamm
753 3501 852 3563 facere
882 3501 1016 3581 placuit:
1050 3518 1198 3581 aususque
1228 3519 1294 3561 sum
1320 3501 1349 3562 in
1378 3501 1513 3562 omnibns
1540 3500 1663 3581 reliquis

317 3605 542 3686 quaestionibus
566 3606 693 3669 similem
714 3625 836 3687 sperare
858 3626 1048 3691 successum:
1074 3608 1129 3669 sed
1152 3608 1273 3682 frustra,
1298 3607 1412 3669 coelum
1435 3607 1523 3683 enim,
1546 3607 1661 3690 prinoi-

315 3711 396 3792 pinm
414 3730 537 3792 operum
553 3712 622 3784 Dei,
645 3714 733 3794 longe
752 3714 1003 3794 praestantiorem
1027 3721 1162 3775 ornatum
1185 3713 1286 3789 habet,
1310 3732 1397 3793 quam
1413 3714 1528 3794 reliqua
1546 3714 1662 3776 minuta

316 3825 349 3879 et
361 3817 442 3880 vilia.
476 3819 582 3900 Itaque
600 3822 811 3901 prodromos
830 3820 950 3901 quidem
964 3822 1102 3901 egregins
1117 3821 1192 3882 fnit:
1217 3819 1421 3900 epidromos
1440 3839 1520 3896 vero,
1544 3821 1660 3900 qualem

317 3943 373 4004 ego
396 3932 466 3986 tunc
488 3943 710 4006 proposueram,
733 3927 832 3989 nullus
855 3935 903 3988 est
921 3936 1058 3989 secutus:
1083 3928 1152 4008 quia
1174 3927 1205 3987 in
1223 3927 1345 4007 reliquis
1364 3925 1586 4005 quaestionibus
1605 3946 1660 3988 ue-

316 4048 464 4112 quaquam
491 4030 563 4093 mihi
590 4049 684 4112 aeque
712 4032 946 4094 satisfaciebam.
993 4033 1103 4094 Lector
1130 4040 1230 4094 tamen
1258 4051 1350 4112 opera
1371 4052 1438 4095 mea
1460 4035 1660 4096 astronomica

315 4145 347 4201 et
374 4136 508 4219 inprimis
536 4136 629 4200 libros
651 4138 912 4213 Harmonicomm,
943 4157 997 4218 pro
1019 4139 1146 4219 genuino
1174 4150 1207 4201 et
1232 4139 1351 4220 proprio
1374 4140 1527 4220 epidromo
1549 4141 1658 4204 hahere

314 4247 427 4326 poterit
450 4227 538 4326 hujus
562 4245 672 4321 libelli;
696 4246 765 4328 qnia
787 4246 891 4308 eadem
915 4246 1051 4328 utrinque
1074 4247 1125 4309 via
1147 4247 1288 4309 curmtur:
1313 4265 1446 4327 quaeque
1469 4256 1540 4310 tunc
1562 4248 1657 4330 impe-

315 4356 381 4420 dita
398 4357 475 4420 satis
498 4364 573 4431 erat,
598 4355 681 4417 iacta
702 4372 779 4415 nuuc
802 4360 851 4415 est
873 4353 1039 4429 tritissima,
1061 4361 1093 4415 et
1109 4373 1185 4435 quae
1202 4361 1273 4417 tuuc
1287 4353 1387 4416 brevis
1405 4374 1460 4416 uec
1479 4356 1518 4416 sd
1536 4374 1657 4435 scopum

317 4463 501 4544 pertingens,
524 4464 578 4526 illa
601 4472 632 4524 et
655 4460 844 4522 continuatur
867 4460 896 4521 in
911 4460 1111 4535 Harmonicis,
1134 4472 1166 4523 et
1188 4479 1289 4522 currus
1311 4459 1392 4522 circa
1413 4469 1525 4524 metam
1547 4462 1655 4542 agitur.

316 4568 399 4631 Talis
414 4570 471 4632 init
484 4569 669 4651 promamus,
693 4566 847 4645 navigatio
866 4567 964 4647 prima
977 4567 1110 4630 Americi
1125 4568 1278 4647 Vespucii,
1300 4567 1380 4629 tales
1403 4567 1545 4648 epidromi
1567 4569 1655 4631 navi-

316 4676 454 4755 gationes
476 4675 638 4738 hodiernae
662 4692 777 4736 annuae
800 4672 831 4733 in
853 4673 1055 4735 Americam.“

402 4781 449 4843 De
464 4782 550 4843 titulo
569 4779 767 4863 „Mysterium
782 4777 1085 4862 Cosmographicum“
1105 4782 1180 4843 haec
1193 4781 1298 4843 eodem
1312 4780 1377 4843 loco
1392 4782 1496 4845 addit:
1521 4781 1657 4858 „Extant

316 4889 395 4970 apud
420 4887 587 4951 Gennanos
609 4886 868 4966 cosmographiae,
900 4887 1048 4950 Munsteri
1076 4888 1273 4968 aliommqne,
1303 4888 1353 4951 uhi
1379 4889 1417 4951 de
1444 4897 1510 4951 toto
1537 4889 1654 4970 quidem

1789 1815 1791 1952 l
