3609 5634
763 374 851 433 ffl
868 367 966 425 Um
1464 368 1541 435 -239

177 520 321 589 entibus
344 523 510 604 generatim
533 523 661 603 rigeret,
683 532 717 587 et
738 525 803 589 sine
827 545 887 608 qno
908 525 985 589 nihil
998 533 1090 600 esset,
1115 526 1201 606 cqius
1215 525 1419 606 cogsihosern
1432 545 1540 607 capere

176 630 268 675 mem
291 621 398 677 nostra
418 620 533 692 posset.
579 614 687 693 Itaque
709 615 787 677 hanc
811 614 1037 677 demonstrandi
1061 614 1209 677 rationem
1237 634 1276 677 ex
1299 615 1465 695 geometria
1487 634 1543 678 ceu

178 700 321 781 exemplo
351 702 520 765 deenmtam
552 703 747 765 excoluerunt
779 711 811 764 et
839 704 869 764 in
902 704 1030 765 formam
1061 703 1138 765 artis
1167 704 1301 784 adeoque
1334 711 1366 766 et
1396 704 1542 769 scientiae
1642 709 1644 712 ’

176 788 377 869 redegerunt,
401 809 478 871 quae
502 790 627 869 logica
652 791 771 853 dicitur.
819 790 982 853 Vocabula
1004 800 1037 854 et
1058 799 1093 854 ut
1114 792 1261 871 loquimur
1283 791 1446 866 terruisos,
1467 812 1542 874 qnos

178 876 212 938 in
237 880 406 956 geometria
436 888 624 958 repererunt,
659 880 850 941 retinuerunt
872 880 948 943 adeo
973 881 1094 954 crebro,
1129 888 1163 941 ut
1185 898 1296 959 negare
1312 874 1412 942 ¹nemo
1434 881 1542 960 possit.
1656 898 1662 909 ·

177 966 234 1027 lta
255 966 517 1047 hypotheseos
536 985 596 1031 vox
619 986 734 1049 quoqne
758 968 962 1033 usitatissima
982 977 1032 1030 est
1058 969 1090 1033 iu
1104 968 1241 1031 decuma
1254 968 1542 1032 demonstrationum

177 1055 263 1136 apud
284 1056 494 1121 Aristotelem.
542 1054 619 1119 Cum
642 1057 749 1137 itaque,
769 1056 885 1136 logicae
908 1057 1080 1136 jurisdictio
1108 1076 1162 1137 per
1184 1076 1292 1119 omues
1309 1065 1417 1136 pateat
1439 1057 1541 1121 scisn-

178 1145 260 1219 tias,
291 1164 330 1206 er
358 1144 458 1225 logica
480 1163 596 1226 quoque
624 1145 655 1205 in
678 1146 946 1209 astronomiam
970 1164 1028 1207 vox
1056 1145 1258 1227 hypotheseos
1286 1145 1460 1211 introducta
1482 1155 1539 1222 eat,

82 1308 87 1313 .
179 1251 260 1312 quae
282 1234 332 1295 rol
354 1233 419 1297 sine
443 1233 545 1313 logica
564 1240 689 1313 propter
711 1234 794 1305 solas
817 1236 1090 1297 demonstrationes
1113 1234 1146 1297 in
1163 1235 1351 1297 asmonomia
1372 1235 1540 1314 geometri·-

178 1340 235 1381 cas
269 1329 301 1382 et
324 1321 368 1383 sic
392 1322 520 1400 genuino
542 1322 662 1385 nomine
685 1323 896 1402 usurpabatur.
944 1324 1137 1404 Hypothesin
1156 1322 1260 1385 autern
1281 1322 1312 1385 in
1330 1342 1439 1404 genere
1464 1323 1541 1385 diei-

178 1427 263 1482 mus,
298 1410 439 1490 quidquid
463 1411 502 1471 ad
531 1429 737 1492 quameunque
769 1412 1057 1475 demonstrationem
1088 1421 1249 1491 procerte
1276 1420 1310 1473 et
1335 1412 1541 1475 demonstrato

181 1498 319 1561 ιῆιιιιιι.
366 1500 417 1559 Ιιι
445 1499 474 1575 in
499 1499 578 1561 omni
602 1499 776 1580 syllogismo
799 1501 982 1582 hypotheses
1009 1500 1079 1562 illae
1103 1508 1188 1575 seut,
1217 1518 1292 1580 quas
1320 1501 1541 1580 propositiones

181 1587 248 1648 sive
271 1587 455 1665 praemissas
479 1587 569 1650 aliter
592 1587 729 1651 dicimus.
778 1590 813 1650 In
836 1589 970 1668 longiore
984 1608 1055 1651 vero
1075 1588 1344 1663 demonstratione,
1367 1607 1443 1669 quae
1461 1590 1540 1652 mul-

181 1682 232 1735 tos
264 1674 359 1737 habet
388 1674 579 1755 syllogismos
612 1676 838 1750 subordinatus,
876 1678 1040 1756 primorum
1076 1677 1317 1758 syllogismorum
1353 1678 1539 1756 praemissae

182 1763 323 1827 dicuntur
353 1763 546 1844 hypotheses.
595 1767 645 1827 Ita
675 1764 705 1833 in
734 1765 962 1840 astronomicis„
995 1765 1113 1846 quoties
1144 1785 1184 1826 ex.
1209 1765 1260 1839 iis,
1290 1784 1366 1846 quae
1395 1766 1425 1827 in
1454 1765 1539 1829 coslo

182 1852 344 1931 diligenter
368 1860 400 1913 et
421 1861 492 1935 apte
516 1853 627 1915 ettemi
650 1854 793 1926 vidimus,
823 1854 935 1933 aliquid
968 1872 1156 1916 numeromm
1179 1862 1212 1916 et
1238 1854 1398 1932 figurarum
1422 1873 1477 1933 ope
1502 1855 1539 1917 de

181 1941 284 2014 stella,
309 1959 398 2020 quam
421 1941 699 2015 observaveramns,
725 1943 982 2005 demonstramus:
1007 1951 1078 2006 tunc
1097 1962 1143 2016 ea,
1168 1961 1257 2022 qnam
1275 1943 1337 2004 dixi
1356 1943 1540 2018 observatio,

180 2030 212 2091 in
235 2029 377 2093 instituta
399 2029 654 2093 demonstratione
674 2031 708 2092 fit
730 2030 917 2112 hypothesis,
942 2049 1139 2112 superquam
1161 2031 1322 2112 praecipue
1347 2031 1539 2093 demonstra-

181 2118 226 2180 tio
249 2116 425 2185 exstruitur.

271 2204 411 2271 Gonuina
433 2204 509 2267 haec
532 2214 581 2267 est
601 2207 686 2268 vocis
710 2206 887 2288 hypothesis
911 2206 1005 2270 notio.
1052 2207 1088 2268 In
1110 2206 1211 2285 specie
1239 2214 1358 2282 tamen,
1388 2225 1455 2268 cum
1477 2228 1536 2270 nu-

107 2303 117 2315 '
181 2313 266 2357 mero
289 2293 490 2359 multitudinis
513 2295 794 2357 astronomicae
819 2295 945 2357 dicimus
978 2295 1222 2375 hypotheses,
1256 2294 1381 2357 facimus
1404 2294 1436 2355 id
1459 2314 1540 2358 more

181 2383 354 2447 scholarum
376 2382 465 2460 huius
488 2382 593 2456 seculi,
617 2383 814 2463 designantes
838 2402 985 2445 summam
1001 2383 1150 2462 quandum
1169 2382 1397 2461 conceptionum
1411 2382 1540 2446 celebris

185 2472 313 2550 alicujus
337 2470 479 2543 artificis,
508 2490 545 2533 er
565 2468 672 2552 quibus
690 2480 785 2533 totam
809 2472 861 2534 ille
884 2472 1031 2534 rationem
1054 2478 1187 2532 motuum
1215 2471 1392 2533 coelestium
1414 2471 1540 2533 demon·

184 2570 279 2623 strat:
314 2580 374 2640 qua
401 2558 431 2620 in
465 2579 580 2623 summa
602 2559 705 2625 insunt
736 2578 802 2621 cnm
825 2559 969 2640 physicae
995 2566 1058 2621 tum
1085 2559 1288 2639 geometricae
1318 2557 1540 2638 propositiones

185 2668 298 2723 omnes,
325 2656 474 2728 quotquot
494 2650 533 2710 ad
557 2656 653 2711 totum
677 2666 751 2727 opus
774 2657 947 2709 astronomo
971 2647 1014 2710 illi
1036 2646 1221 2727 propositum
1245 2647 1447 2709 asciscuntur:
1476 2648 1548 2710 sive·

185 2737 255 2799 illas
279 2736 401 2798 aliunde
425 2736 466 2797 ad
487 2756 572 2799 suum
597 2737 783 2798 commodum
806 2736 998 2799 transtulerit
1019 2736 1147 2805 artifex,
1171 2736 1235 2797 aive
1258 2745 1351 2798 antea
1373 2755 1412 2798 en
1435 2738 1541 2800 obser-

188 2824 360 2889 uationibus
393 2825 665 2899 demonstraverit,
709 2833 741 2889 et
768 2826 833 2904 jam
870 2825 923 2887 via
951 2825 1110 2904 reciproca
1142 2843 1244 2887 secum
1282 2825 1492 2887 demonstrate
1523 2844 1543 2886 a

183 2914 318 2977 discente
342 2911 400 2974 sibi
422 2932 477 2975 ceu
501 2913 686 2994 hypotheses
710 2913 832 2974 concedi
855 2913 1003 2992 postulet,
1028 2912 1196 2992 exquibus
1219 2913 1264 2974 illi
1289 2920 1319 2974 et
1342 2931 1397 2974 eos
1418 2915 1541 2994 (quibus

182 3003 267 3069 initio
291 3021 393 3065 secum
414 3001 626 3082 hypothesium
649 3003 716 3064 loco
740 3021 811 3063 usus
835 3004 917 3075 erat)
941 3002 1118 3064 observatos
1133 3001 1291 3063 stellarum
1315 3000 1393 3062 situs
1416 3008 1449 3062 et
1467 3019 1541 3083 quoe

181 3110 269 3171 porro
284 3090 425 3153 similiter
438 3089 628 3170 appetituros
643 3098 757 3169 sperat,
775 3090 960 3152 necessitate
975 3090 1165 3172 syllogistica
1182 3089 1458 3153 demonstraturum
1470 3091 1540 3170 pol·
1579 3098 1582 3111 ‘

182 3181 317 3243 liceatur.
362 3178 434 3241 Diri
458 3179 529 3259 qnid
551 3179 593 3241 sit
615 3179 801 3259 hypothesis.
851 3178 961 3241 Dicam
988 3186 1021 3241 et
1044 3181 1163 3259 qualem
1187 3197 1256 3241 esse
1279 3178 1420 3258 justam
1441 3180 1540 3261 hypo·

182 3268 281 3333 thesin
306 3267 347 3330 sit
369 3285 503 3329 necesse.

271 3355 401 3421 Cumin
425 3356 506 3419 omni
534 3355 695 3435 disciplina
725 3356 841 3419 lumin
865 3354 1050 3419 astronomia
1073 3374 1204 3436 quoqne,
1237 3376 1313 3437 qnae
1337 3356 1540 3419 concludendo

182 3448 326 3519 lectorem
350 3445 506 3520 docemus,
540 3464 578 3505 ea
601 3444 680 3506 serio
704 3444 848 3517 iacimus,
878 3444 996 3506 omnino
1024 3444 1117 3505 ludos·
1140 3464 1199 3508 uon
1223 3444 1386 3526 agitantes.
1431 3446 1539 3525 Itaque

182 3534 321 3616 quicquid
355 3542 402 3595 est
433 3532 463 3595 in
494 3532 606 3595 nostris
638 3532 890 3602 conclusionibus,
930 3551 1033 3594 verum
1066 3552 1134 3595 esse
1169 3551 1345 3612 persuasum
1382 3532 1538 3597 hahemus.

182 3625 277 3686 Porro
299 3630 334 3685 ut
356 3640 458 3683 verum
482 3622 676 3683 concludatur
699 3622 846 3701 legitime,
879 3621 1102 3701 propositiones
1133 3621 1165 3682 in
1188 3621 1379 3701 syllogismo,
1412 3621 1469 3683 hoc
1492 3629 1540 3683 eat

183 3711 365 3793 hypotheses
389 3729 477 3772 veras
502 3730 569 3771 esse
593 3728 717 3771 necesse
742 3718 799 3771 est
845 3709 922 3771 Tum
945 3710 1064 3771 demum
1087 3710 1165 3771 enim
1189 3709 1245 3770 fine
1269 3716 1373 3771 nostro
1395 3710 1537 3789 potimur,

183 3810 216 3861 ut
238 3819 341 3861 verum
364 3799 470 3861 lectori
493 3799 702 3872 ostendamus,
726 3817 794 3859 cum
816 3797 994 3878 hypothesis
1017 3806 1142 3876 utraque
1167 3797 1354 3877 undiquaque
1377 3816 1450 3859 vera
1472 3799 1539 3878 lege

184 3887 372 3968 syllogistica
403 3886 433 3949 in
462 3887 684 3949 conclusionem
711 3886 830 3947 directa
854 3885 956 3948 fuerit.
1000 3886 1049 3947 At
1078 3886 1104 3946 si
1135 3903 1218 3948 error
1248 3886 1299 3947 vel
1324 3885 1354 3946 in
1383 3894 1540 3966 utramque

183 3977 233 4039 vel
254 3974 285 4037 in
310 3976 488 4051 alterutram
511 3975 745 4054 praemissarum
769 3975 980 4056 hypothesium
1002 3974 1166 4055 irrepserit,
1191 3973 1250 4036 etsi
1273 3992 1376 4037 verum
1389 3974 1541 4037 interdum

184 4065 213 4125 in
237 4065 427 4133 conclusione
451 4065 596 4142 sequitur,
621 4063 651 4125 id
674 4072 787 4140 tamen,
812 4071 845 4125 ut
863 4063 930 4143 jam
952 4063 1067 4143 pridem
1087 4061 1163 4144 Gap.
1191 4061 1219 4125 l.
1244 4061 1540 4143 marmaredae.

185 4152 332 4233 allegavi,
358 4152 481 4213 fortuito
505 4152 547 4227 fir,
572 4170 627 4213 nec
650 4170 782 4233 semper,
811 4152 865 4213 sed
892 4160 956 4214 tum
984 4153 1103 4214 demum
1130 4171 1198 4215 cnm
1221 4170 1303 4213 error
1324 4150 1540 4230 propositionis

184 4242 271 4303 unius
304 4239 433 4303 occurrit
464 4248 572 4319 aptae,
605 4241 653 4301 vel
683 4259 773 4301 uerae
801 4241 850 4302 vel
882 4241 994 4316 falsae,
1028 4239 1118 4302 alteri
1146 4240 1185 4301 ad
1213 4258 1317 4301 rernm
1349 4238 1537 4302 eliciendum.

97 4376 104 4395 .
184 4329 324 4409 Exempli
346 4331 412 4391 loco
437 4327 626 4393 latitudinem
648 4328 753 4389 Lunae
777 4326 961 4407 Coporniuus
976 4329 1134 4408 supposuit
1151 4347 1210 4390 nou
1224 4334 1449 4405 satmrgnarm
1471 4328 1538 4389 visa

185 4427 234 4481 est
255 4420 310 4481 illa
331 4417 402 4481 olim
426 4435 477 4479 cor
501 4416 610 4494 scorpii
625 4423 738 4495 tegere.
786 4415 973 4495 Cepernicus
995 4417 1075 4477 falsa
1103 4417 1160 4477 hac
1179 4413 1363 4477 latitudinis.
1378 4415 1539 4497 hypothesi

187 4499 318 4586 conjecit
334 4513 446 4580 tamen,
471 4523 507 4567 eo
522 4513 656 4585 tempore
681 4504 849 4584 oportuisse
873 4505 937 4584 tegi
960 4504 1081 4567 stellam
1105 4504 1234 4566 uLuns.
1280 4501 1442 4567 Sedslter
1456 4522 1539 4567 error

185 4594 334 4661 accessit:
370 4594 516 4657 assumsit
546 4593 625 4655 enim
652 4592 843 4671 latitudinem
870 4593 979 4655 stellae
1009 4600 1097 4655 tanto
1122 4591 1269 4654 minorem
1295 4592 1399 4672 justo,
1426 4600 1539 4674 quanto

185 4684 280 4749 minor
298 4683 383 4763 justo
406 4681 537 4747 latitudo.
557 4681 661 4747 Lunae
684 4681 851 4743 constituta
873 4682 984 4743 iuerat
1030 4681 1146 4761 Atque,
1176 4687 1211 4742 ut
1233 4680 1264 4743 in
1286 4680 1455 4761 proverbio:
1468 4702 1541 4746 mor·-

186 4783 294 4837 nentur
315 4772 477 4834 mendaces
500 4778 534 4833 nt
556 4771 620 4833 sint
640 4788 806 4842 memores,
839 4769 885 4830 ita
906 4768 954 4830 hic
978 4768 1074 4830 falsae
1097 4770 1299 4852 hypotheses,
1322 4788 1425 4832 verum
1448 4771 1538 4835 simul

187 4861 311 4929 osuio
335 4861 547 4933 conducentes,
570 4858 601 4922 in
623 4876 789 4941 progressu
809 4857 1090 4935 demonstrationis,
1111 4858 1164 4921 uhi
1181 4857 1259 4921 aliis.
1273 4864 1364 4939 atque
1379 4858 1456 4922 aliia.
1469 4861 1542 4924 ine·-
