3609 5634
309 395 374 464 292
787 381 790 388 ¹
907 392 1069 445 mantum,

308 555 458 637 plerisque
480 553 578 634 iisque
601 551 681 616 haud
704 551 867 615 levioribus
889 553 1020 615 maxima
1038 552 1275 633 gravissimaque
1293 569 1366 632 pars
1381 548 1591 614 aeconomiae
1619 547 1685 608 ha-

309 645 439 707 beretur.
485 641 555 713 Qua
581 635 698 704 ratio'ne
722 642 850 703 officium
874 661 958 703 suum
983 649 1142 704 exsecutus
1167 641 1222 715 sit,
1255 660 1315 721 qua
1345 649 1445 702 mente
1469 635 1687 716 astrologiam

308 733 366 813 ipsi
389 732 568 810 imperatam
590 731 779 804 tractaverit,
805 748 871 792 cum
886 728 1070 793 Calendaria
1093 738 1124 791 et
1147 729 1356 810 Prognostica,
1389 739 1452 790 tum
1476 746 1582 789 omnes
1613 725 1686 786 fere

308 820 404 902 ipsius
427 819 508 894 libri,
542 820 573 880 in
595 820 690 900 iisque
717 818 877 899 praecipue
907 818 982 881 liber
1004 820 1055 881 De
1079 817 1248 881 StellaN
1255 836 1339 887 ova,
1369 825 1531 879 testantur.
1582 809 1686 884 Quae

310 928 348 972 ex
392 907 582 987 astrologicis
620 908 808 969 vanitatibus
849 907 1007 970 retinenda
1035 906 1200 981 censuerit,
1245 907 1336 986 paulo
1366 913 1526 988 postquam
1560 919 1686 965 munus

309 997 507 1072 „astronomi
531 994 698 1058 Caesarei“
729 1004 838 1058 nactus
870 1003 933 1071 est,
967 996 1045 1076 quod
1077 1014 1183 1057 munus
1214 996 1379 1073 imperator
1414 992 1601 1072 Rndolphus
1636 989 1681 1052 11.

308 1105 363 1167 par
382 1085 536 1167 judicasse
560 1085 680 1146 ridetur
702 1084 815 1146 muneri
838 1083 1053 1163 „Astrologi,“
1076 1103 1114 1146 ea
1135 1085 1229 1145 refert
1251 1083 1380 1157 libellus,
1405 1100 1492 1163 quem
1511 1078 1686 1159 inscripsit

314 1173 533 1254 „astrologiae
574 1173 803 1235 fundamenta.“
858 1171 1020 1247 Omnibus,
1061 1191 1137 1253 quae
1170 1173 1227 1233 hac
1255 1173 1299 1239 ,de
1328 1190 1359 1233 re
1391 1170 1516 1251 scripsit
1547 1168 1682 1248 Keple-

309 1282 376 1337 rus,
408 1262 492 1342 inter
515 1281 549 1324 se
581 1261 780 1341 comparatis,
824 1270 956 1330 mentem
989 1261 1056 1341 ejus
1088 1260 1220 1342 assecuti
1260 1280 1328 1322 esse
1362 1259 1514 1328 videmur,
1555 1256 1584 1318 si
1631 1256 1683 1317 ita

313 1350 460 1414 statuisse
484 1369 552 1413 eum
576 1350 715 1412 dicimus:
745 1351 830 1412 Inest
853 1350 965 1413 Terrae
995 1350 1094 1412 anima
1122 1349 1283 1429 quaedam,
1313 1347 1516 1430 comparanda
1538 1353 1681 1408 naturae

202 1501 208 1510 ,
313 1440 478 1513 (1111111111)
502 1438 684 1513 animalium,
708 1437 879 1518 perceptrix
903 1447 1036 1500 motuum
1050 1437 1235 1501 coelestium.
1282 1438 1389 1500 Eidem
1402 1437 1519 1499 animae
1544 1435 1681 1498 occulta

310 1529 429 1591 ratione
453 1529 630 1608 conjunctae
654 1537 725 1589 sunt
739 1528 850 1588 Terrae
874 1527 1011 1590 soboles:
1042 1528 1186 1602 homiues,
1211 1525 1369 1600 animalia,
1387 1526 1522 1606 plantae.
1571 1522 1680 1586 Com-

309 1625 448 1680 movetur
473 1617 549 1678 baec
572 1616 674 1679 anima
703 1615 984 1678 constellationibus
1012 1616 1192 1679 harmonicis
1215 1616 1415 1696 planetarum.
1461 1613 1677 1676 Harmonicae

309 1715 414 1768 autem
436 1705 507 1767 illae
532 1712 618 1775 sunt,
647 1723 724 1784 quae
743 1705 928 1784 respondent
955 1704 1143 1784 aliquatenus
1172 1705 1355 1767 sectionibus
1383 1705 1512 1766 chordae
1538 1701 1674 1764 harmo-

311 1795 405 1864 nicis,
428 1793 485 1855 hoc
509 1799 557 1855 est
580 1794 606 1854 si
625 1793 766 1873 planetae
789 1793 851 1855 bini
873 1793 901 1853 in
926 1793 1037 1856 circuio
1060 1795 1147 1863 ficto,
1171 1812 1257 1873 quem
1281 1793 1335 1856 Sol
1359 1811 1456 1856 annuo
1480 1800 1565 1855 motu
1588 1810 1672 1853 con·

306 1883 378 1957 11111,
394 1883 473 1944 inter
487 1900 553 1943 sese
569 1882 686 1943 distant
699 1881 860 1944 intervallo
883 1877 938 1952 0⁰,
961 1878 1005 1945 30
1015 1878 1035 1957 0,
1061 1878 1103 1944 30
1115 1880 1135 1957 0,
1160 1878 1235 1955 600,
1260 1880 1303 1945 72
1314 1878 1335 1957 0,
1351 1879 1426 1955 900,
1445 1876 1539 1954 1080,
1564 1876 1632 1942 120
1647 1874 1671 1952 0,

310 1966 406 2045 1³5⁰,
434 1965 528 2043 144⁰,
557 1966 651 2045 1800,
677 1970 740 2032 1111
763 1978 851 2050 parte
875 1969 1028 2041 circuiit),
1060 1964 1130 2052 'lm
1164 1966 1232 2054 'lm
1263 1965 1317 2054 1,,
1348 1966 1401 2053 'lv
1430 1963 1481 2052 V„
1513 1964 1583 2052 'lm
1617 1962 1669 2050 Ἄ,

313 2055 368 2142 ⁸1„
399 2053 452 2142 0,,
486 2050 532 2140 'lp
579 2058 778 2139 Praecipuum
808 2060 868 2121 vim
896 2059 1011 2121 habent
1033 2061 1090 2122 bae
1114 2059 1364 2134 constellationes
1394 2062 1422 2122 in
1447 2060 1671 2121 commovenda

307 2154 439 2222 „natura
461 2147 638 2209 sublunari“
661 2166 756 2228 eaque
780 2148 940 2210 commotio
963 2157 1092 2228 apparet
1115 2168 1181 2211 cum
1204 2150 1420 2212 mutationibus
1435 2155 1669 2228 tempestatum,

304 2245 378 2312 tutu,
402 2255 479 2317 quae
502 2255 569 2297 curn
591 2236 639 2298 1111
662 2237 835 2310 cohaerent,
858 2238 1029 2317 plantarum
1052 2237 1245 2301 incrementis
1268 2245 1300 2300 et
1322 2239 1495 2314 sterilitate,
1518 2247 1582 2298 tum
1605 2236 1668 2297 de-

303 2325 393 2406 nique
425 2324 578 2387 bominum
610 2326 769 2388 affectibus
802 2336 834 2388 et
865 2335 984 2389 natura.
1032 2325 1112 2390 Sunt
1135 2337 1234 2390 autem
1266 2328 1295 2388 hi
1319 2329 1444 2390 effectus
1467 2324 1668 2403 „radiornm“

305 2414 544 2477 harmonicorum
572 2433 631 2475 non
656 2415 763 2495 quovis
792 2423 929 2496 tempore
957 2415 1061 2490 iidem,
1094 2415 1149 2478 111
1172 2416 1295 2496 saepius
1318 2417 1407 2490 nulli,
1438 2417 1488 2477 vel
1512 2414 1579 2490 alii,
1612 2414 1665 2475 vel

307 2503 400 2566 etiam
432 2501 577 2566 contrarii
598 2502 758 2583 prioribus.
805 2504 898 2565 Adsit
930 2522 1054 2566 necesse
1087 2512 1136 2566 est
1158 2505 1319 2580 „animae“
1344 2507 1424 2568 illius
1456 2506 1505 2567 vel
1533 2513 1664 2566 naturae

307 2592 493 2673 singulamm
516 2611 614 2654 rerum
638 2592 798 2671 dispositio
823 2600 897 2672 apta
921 2593 960 2653 ad
976 2592 1179 2672 recipiendam
1193 2594 1277 2656 illam
1292 2594 1363 2657 vim.
1410 2592 1512 2665 Quare
1534 2611 1664 2673 prorsus

303 2688 398 2761 negat
421 2680 571 2759 Keplerus
594 2681 727 2762 praedici
750 2700 841 2761 posse
860 2682 935 2743 certi
955 2681 1025 2762 quid
1039 2701 1077 2743 ex
1091 2682 1153 2744 illis
1168 2684 1456 2758 constellationibus,
1481 2681 1664 2745 verisimilia

302 2778 422 2831 tantum
447 2788 526 2843 esse,
550 2788 627 2850 quae
650 2770 719 2832 inde
741 2770 899 2851 prodeant.
946 2770 1131 2833 Praesertim
1161 2772 1312 2834 homiuum
1339 2772 1460 2852 ingenia
1487 2780 1520 2834 et
1541 2771 1661 2834 indoles

303 2867 444 2921 natorum
467 2867 619 2939 tempore,
649 2877 706 2940 quo
730 2859 978 2936 constellationes
1001 2860 1073 2922 illae
1103 2859 1133 2921 11
1157 2861 1241 2922 coelo
1264 2870 1446 2942 appareant,
1475 2880 1533 2925 non
1558 2860 1658 2940 dirigi,

305 2948 360 3011 111
383 2949 497 3010 moveri
520 2955 638 3010 tantum
662 2967 763 3010 earum
787 2948 817 3010 vi
841 2967 955 3010 arcana
977 2958 1010 3011 et
1031 2949 1165 3029 disponi,
1191 2950 1217 3011 si
1242 2951 1319 3013 forte
1343 2952 1466 3013 eaedem
1489 2950 1659 3012 constella-

301 3037 416 3112 tiones,
442 3055 518 3116 quae
543 3046 677 3117 ternpore
701 3045 806 3117 partus
831 3038 956 3113 fuerint,
970 3046 1089 3118 postea
1111 3038 1222 3101 iterum
1244 3040 1425 3114 acciderint;
1449 3039 1582 3119 disponi,
1607 3038 1657 3100 in·

302 3143 401 3205 quam,
425 3144 483 3186 non
507 3126 682 3187 necessario
706 3127 774 3207 cogi
789 3126 828 3189 ad
849 3145 899 3189 res
914 3126 1072 3205 gerendas,
1097 3129 1249 3208 quasillis
1264 3128 1544 3191 constellationibus
1559 3128 1657 3208 signi-

300 3213 437 3275 ficentur.
483 3212 531 3273 Ne
564 3222 764 3292 tempestates
794 3214 913 3296 quidem
942 3225 1025 3277 certo
1057 3218 1190 3297 praedici
1218 3236 1309 3297 posse
1338 3226 1464 3282 eventus
1491 3218 1658 3299 Keplemm

301 3301 412 3374 docuit,
438 3319 498 3381 qua
520 3320 553 3364 re
575 3311 674 3363 motus
698 3303 767 3364 inde
792 3305 830 3365 ab
854 3323 932 3365 anno
959 3302 1043 3368 1007
1067 3306 1183 3380 „desiit
1204 3307 1399 3388 prognostica
1421 3308 1468 3382 (11.
1493 3306 1656 3371 101111-

300 3390 401 3463 daria)
426 3389 581 3451 scribere“
604 3389 727 3471 (Comp.
753 3392 859 3454 literas
881 3392 1006 3472 Kepleri
1030 3394 1068 3454 ad
1091 3395 1131 3456 D.
1147 3396 1317 3459 Fabricium
1339 3398 1429 3459 datas
1453 3397 1481 3460 d.
1510 3394 1560 3460 10.
1575 3397 1654 3460 Nor.

302 3475 402 3551 1008,
428 3497 484 3541 nee
507 3497 565 3541 uon
589 3479 698 3542 libmm
721 3480 916 3560 inscriptum:
946 3482 1066 3545 Tertius
1094 3485 1311 3548 Interveniens.
1333 3487 1423 3547 Thes.
1449 3484 1666 3559 oxma).-

300 3567 366 3628 Hoc
383 3565 566 3631 0111111111
589 3569 797 3631 conscribendi
819 3571 972 3651 negotium
998 3570 1094 3633 denuo
1118 3592 1296 3653 aggressum
1320 3593 1387 3637 1111
1402 3575 1566 3655 Keplemm
1579 3594 1607 3637 o.
1624 3594 1653 3635 a

266 3719 270 3727 ,
303 3652 404 3726 1617,
435 3676 526 3737 supra
548 3658 692 3733 diximum
721 3669 860 3721 auctores
889 3661 971 3721 fuere
1001 3661 1066 3722 sine
1095 3662 1185 3724 dubio
1215 3664 1335 3726 ordines
1358 3664 1487 3726 ducatus
1509 3664 1655 3726 Austriae

302 3744 477 3823 superioris,
520 3765 643 3826 quorum
682 3755 764 3810 tuuc=
793 3748 823 3810 in
860 3749 959 3830 operis
998 3758 1074 3812 erat.
1131 3749 1273 3815 Ceterum
1310 3753 1371 3814 alia
1408 3751 1654 3833 „prognostica,“

300 3833 479 3895 nativitates
502 3835 628 3910 scilicet,
654 3854 730 3915 quas
754 3837 864 3917 singuli
887 3838 1021 3918 cujusvis
1046 3841 1164 3919 generis
1187 3841 1322 3904 homines
1346 3843 1385 3903 ab
1408 3843 1475 3922 ipso
1498 3842 1654 3923 petebant,

302 3922 477 4000 petentibus
500 3941 688 4004 nequaquam
711 3928 836 4005 negavit
857 3946 926 3988 eam
948 3927 1078 3990 maxime
1102 3930 1139 3991 ob
1163 3949 1301 4005 causam,
1325 3940 1358 3994 ut
1380 3933 1493 3994 victum
1515 3931 1574 3994 sibi
1595 3951 1653 4013 pa-

302 4016 384 4071 11111
407 4012 619 4074 necessarium.
666 4013 759 4075 Nulla
782 4016 844 4077 1111
868 4017 930 4078 alia
948 4035 1041 4078 causa
1063 4028 1175 4080 motum
1191 4018 1354 4100 Keplerum
1377 4021 1454 4082 hanc
1470 4022 1653 4102 astrologiae

300 4106 420 4179 partem
443 4100 587 4173 coluisse,
611 4122 628 4163 e
651 4103 754 4163 multis
776 4103 891 4182 passim
915 4104 1009 4186 ipsius
1033 4106 1123 4169 dictis
1147 4119 1287 4188 apparet,
1320 4128 1337 4171 e
1361 4110 1468 4190 quibus
1500 4111 1558 4173 dno
1582 4118 1652 4172 tan·

301 4195 364 4249 turn
393 4187 567 4252 testimonia
590 4191 744 4253 afferenda
766 4211 937 4269 censemus,
963 4194 1091 4258 alterum
1114 4216 1130 4259 e
1161 4197 1258 4260 literis
1286 4199 1326 4260 ad
1348 4199 1545 4261 Maestlinum
1572 4200 1652 4261 datis

298 4276 382 4349 (vide
406 4296 497 4357 supra
524 4295 553 4358 p.
584 4275 655 4354 48.)
684 4281 868 4359 desumtnm,
907 4283 1035 4345 alterum
1067 4305 1083 4348 e
1121 4285 1212 4348 libro:
1247 4288 1388 4363 „Tertius
1410 4289 1651 4351 Interveniens“.
1730 4317 1735 4324 ·

299 4365 464 4429 Maestlino
488 4367 566 4430 douo
589 4369 666 4431 dans
688 4372 828 4454 poculum
852 4383 1042 4452 argenteum,
1076 4375 1155 4455 quod
1178 4375 1217 4437 ab
1240 4376 1457 4439 Herberstenio
1481 4386 1678 4459 acceperat.

299 4454 400 4517 addit:
433 4456 614 4536 Huiusmodi
643 4460 770 4539 aucupia
799 4480 869 4523 rara
899 4470 978 4525 sunt.
1025 4461 1185 4548 Quamvis,
1218 4465 1244 4527 11
1267 4466 1351 4528 Deus
1381 4467 1503 4530 cuilibet
1531 4467 1652 4530 animali

298 4544 383 4606 dedit
405 4544 606 4608 instrumenta
627 4547 709 4612 vitae
733 4552 973 4623 conservandae,
1005 4571 1082 4632 quae
1110 4553 1223 4616 invidia
1250 4562 1315 4631 est,
1349 4556 1374 4618 si
1399 4557 1504 4619 eodem
1527 4556 1652 4619 consilio

298 4641 471 4695 astronomo
495 4635 635 4715 adjunxit
657 4639 874 4719 astrologiam?
919 4642 954 4702 In
972 4640 1053 4702 thesi
1069 4642 1139 4704 Vll.
1160 4643 1228 4707 libri
1251 4662 1339 4725 quem
1353 4645 1483 4708 diximus
1506 4646 1650 4726 legimus:

295 4719 339 4782 Es
362 4722 405 4783 ist
426 4724 482 4785 wol
506 4724 588 4787 diese
610 4727 789 4808 Astrologia
812 4731 858 4791 ein
883 4729 1053 4792 ntrrisches
1071 4731 1260 4808 Tdchterlin,
1289 4734 1362 4796 aber
1382 4736 1476 4798 lieber
1491 4733 1583 4808 Gon,
1605 4753 1650 4796 vvo

294 4811 369 4871 volt
381 4810 428 4872 ihr
441 4812 567 4889 Mutter,
596 4814 644 4877 die
668 4817 944 4899 hocbverndnfftige
959 4819 1155 4883 Astronomia
1171 4823 1300 4899 bleiben,
1323 4842 1410 4886 vano
1426 4825 1469 4887 sie
1484 4825 1567 4888 diese
1586 4824 1649 4886 ihre

297 4898 453 4962 1111111111
477 4902 609 4966 Tochter
630 4905 677 4967 nit
700 4906 793 4973 hetta.
840 4910 888 4973 Ist
911 4909 987 4973 doch
1011 4909 1059 4972 die
1083 4910 1170 4975 Welt
1192 4913 1271 4977 noch
1293 4913 1354 4978 viel
1376 4913 1562 4993 1111111111,
1590 4912 1651 4976 vnd
1698 5001 1701 5005 ἢ
