3609 5634
308 323 358 396 ffl
913 324 1075 382 Manium.

315 498 474 571 praestare
493 487 594 568 potnit
616 487 785 574 egregium,
816 488 841 551 si
865 506 1029 552 concursus
1050 488 1254 568 planetarum,
1278 507 1341 554 rom
1363 508 1432 554 cum
1449 490 1514 554 viso
1538 489 1678 552 admira·

314 579 403 641 bilem
428 578 567 653 maxime,
592 585 656 638 turn
679 578 787 639 effectu
809 577 1105 655 praestantissimam
1129 579 1159 640 in
1183 587 1292 641 natura
1315 579 1426 640 omisit.

404 663 466 730 Sed
487 667 568 730 aliud
591 666 684 728 etiam
708 675 771 741 est,
801 667 880 747 quod
911 666 940 728 in
964 687 1020 729 sua
1043 668 1184 732 machina
1207 665 1366 730 Cardenus
1389 667 1511 729 laudat:
1545 686 1677 747 ‚squam-

316 777 440 840 „quam,
466 756 577 837 inquit,
607 775 702 835 neque
726 756 981 836 ponderansque
1005 757 1091 818 luues
1116 757 1227 818 artifex
1251 763 1354 818 noster
1376 755 1565 818 miscuerit.“
1609 756 1678 817 Hoc

309 848 375 927 jam
399 846 487 912 hodie
510 845 583 908 nihil
608 844 728 919 mirum,
753 863 849 925 neque
874 863 931 924 ego
956 845 1115 925 quicquam
1132 845 1235 908 horum
1250 845 1388 907 meditor.
1437 845 1549 906 Veruru
1564 845 1676 907 audia-

314 956 379 998 mus
409 933 578 1002 Cmdanum
609 934 734 996 formam
763 953 836 995 suae
873 935 1022 1013 sphaerae
1053 934 1177 1016 penitus
1205 934 1448 1014 patefacientem.
1502 933 1576 1005 Ait,
1608 934 1677 1009 „sic

314 1033 449 1104 ‚,aptam,
475 1033 507 1086 ut
530 1044 577 1099 ea,
601 1023 707 1104 quibus
732 1031 830 1085 motus
853 1022 1091 1097 administratur,
1115 1024 1196 1085 intus
1221 1024 1352 1085 lateant:
1383 1019 1438 1103 ipsi
1460 1042 1530 1083 vero
1554 1042 1677 1086 errones

313 1135 352 1192 „s
376 1113 488 1177 tabulis
512 1132 578 1175 cum
608 1112 786 1192 quibusdam
809 1112 929 1175 circulis
944 1113 1147 1192 prominentes
1171 1112 1284 1193 absque
1308 1112 1519 1192 impedimento
1544 1112 1676 1193 spectari

312 1203 485 1286 ,‚possint.“
515 1200 693 1273 Quomodo
717 1202 818 1263 nescio
842 1221 879 1262 au
904 1202 1041 1264 obtineat
1064 1202 1093 1270 in
1119 1222 1174 1263 sua
1197 1202 1339 1282 sphaera,
1368 1201 1446 1282 quod
1471 1200 1541 1262 mihi
1565 1219 1675 1270 neces·

313 1293 424 1356 sarium
453 1290 581 1364 omissu,
620 1291 748 1352 unanime
786 1310 832 1352 me
870 1298 977 1365 vexat,
1021 1291 1135 1353 indices
1172 1291 1288 1351 scilicet
1323 1309 1377 1368 per
1414 1290 1527 1369 gradus
1558 1289 1676 1352 zodiaci

312 1391 476 1445 eumentes.
522 1381 602 1444 Nam
626 1380 684 1442 etsi
708 1388 869 1459 separatas
893 1379 980 1441 nobis
1002 1380 1143 1458 proponit
1167 1380 1298 1441 tabellas
1319 1378 1453 1457 singulas
1472 1397 1527 1458 pro
1542 1378 1676 1457 planetis

312 1471 455 1550 singulis,
480 1471 664 1548 totidemque
688 1468 844 1541 zodiacos;
868 1487 964 1549 neque
988 1469 1015 1530 in
1041 1489 1076 1530 eo
1101 1475 1182 1530 metu
1206 1477 1267 1542 est,
1302 1467 1498 1547 impedituros
1523 1486 1556 1528 se
1570 1475 1675 1529 mutuo

312 1560 426 1623 indices
450 1559 479 1621 in
504 1566 605 1620 mutuo
630 1577 771 1620 occursu:
797 1567 898 1618 tamen
923 1565 1135 1636 necesseest,
1159 1567 1265 1618 centra
1286 1557 1488 1632 zodiacorum,
1514 1556 1542 1617 in
1567 1556 1676 1637 quibus

313 1649 395 1730 affigi
419 1648 530 1710 debent
554 1645 682 1719 indices,
713 1666 781 1708 esse
805 1666 872 1708 cum
895 1647 1005 1708 circulo
1034 1647 1176 1726 planetae
1200 1645 1333 1708 mobilia.
1381 1643 1470 1716 Quod
1498 1646 1576 1706 enim
1598 1646 1678 1707 dicit

314 1738 487 1811 Cardanus,
513 1736 604 1800 certis
629 1726 804 1815 qlliousdam
829 1735 949 1798 circulis
973 1754 1095 1798 errones
1118 1735 1299 1816 prominere,
1330 1733 1361 1795 id
1384 1734 1556 1797 necessario
1579 1734 1676 1796 intel-

315 1828 418 1908 ligitur
446 1827 483 1888 de
514 1825 614 1906 planis
644 1824 849 1888 circularibus.
895 1825 976 1903 Ergo
1008 1824 1123 1886 iudices
1152 1824 1180 1885 io
1204 1825 1294 1903 plano
1318 1823 1469 1899 circulari,
1504 1823 1582 1904 quod
1605 1842 1676 1885 cnm

313 1917 438 1998 planeta
465 1914 573 1977 mobile
597 1923 662 1989 est,
696 1913 780 1977 affixi
803 1933 861 1974 non
885 1914 1059 1993 pendebunt
1082 1922 1259 1976 constanter
1283 1932 1320 1974 ex
1342 1920 1445 1975 centro
1469 1912 1585 1987 mundi,
1614 1911 1677 1974 nisi

313 2006 428 2068 tabella
456 2004 610 2066 circularis
635 2005 776 2083 planetae
801 2002 969 2084 aequaliter
998 2005 1153 2065 moveatur
1184 2002 1264 2064 circa
1287 2002 1375 2065 idem.
1423 2000 1485 2064 Sed
1516 1999 1597 2062 hisce
1620 2010 1676 2062 ut-

314 2114 427 2175 cunque
451 2094 565 2155 occurri
590 2093 721 2154 sortasse
744 2099 863 2173 potest,
895 2092 935 2153 ad
962 2091 1114 2154 minimum
1146 2099 1246 2152 tamen
1270 2090 1384 2153 indices
1414 2098 1537 2171 propter
1559 2097 1677 2152 motum

313 2182 481 2246 latitudiuis
509 2183 664 2244 zodiacum
697 2181 838 2245 deserent
865 2182 895 2260 in
924 2181 1019 2243 latum
1042 2189 1201 2256 exeuntes,
1233 2181 1332 2242 etsie
1361 2180 1434 2241 fient
1460 2178 1675 2260 propemodum

312 2273 449 2346 inutiles,
482 2289 548 2333 cnm
572 2270 669 2332 officio
693 2290 748 2332 suo
776 2270 929 2332 indicandi
952 2270 1066 2351 gradus
1092 2269 1209 2332 zodiaci
1236 2269 1355 2332 minime
1375 2269 1547 2349 fungantur.
1595 2265 1675 2330 Cre-

313 2361 439 2423 diderim
463 2379 519 2440 ego
544 2380 601 2422 non
627 2359 778 2422 adhibitos
802 2359 931 2434 indices,
955 2360 1010 2421 sed
1029 2368 1214 2420 monstrasse
1240 2378 1272 2421 se
1296 2358 1380 2439 ipsos
1394 2358 1534 2439 planetas
1557 2356 1587 2417 in
1611 2356 1678 2418 suis

312 2451 445 2513 zodiacis
468 2449 643 2520 immediate
668 2450 725 2511 sibi
755 2449 965 2529 suprapositis.
1013 2446 1081 2520 Quo
1111 2447 1209 2510 minus
1239 2467 1285 2509 me
1314 2466 1424 2527 angere
1454 2446 1563 2519 debat,
1595 2446 1676 2525 quod

313 2549 423 2620 erogo
447 2540 476 2602 in
501 2538 639 2600 machina
662 2541 750 2618 louge
775 2537 936 2600 difficiliori
959 2556 1047 2600 careo
1072 2536 1229 2598 iudicibus.
1275 2534 1337 2598 S'ed
1360 2536 1469 2616 pedem
1487 2536 1676 2615 proferamus

314 2631 352 2690 ad
376 2628 529 2708 egregium
554 2626 687 2690 Oardani
710 2627 926 2689 testimouium.

401 2717 470 2791 „Ex
494 2736 566 2798 quo,
592 2716 701 2797 inquit,
725 2715 918 2778 manifestum
941 2723 1003 2788 est,
1028 2714 1182 2796 antiquam
1197 2720 1380 2775 structuram
1397 2713 1485 2792 longe
1499 2711 1556 2774 hac
1569 2720 1678 2774 nostra

313 2806 513 2884 „nobiliorem
543 2825 610 2867 esse
636 2826 670 2868 ac
698 2805 912 2886 pulchriorem,
941 2812 1076 2866 nostram
1105 2822 1175 2865 vero
1207 2802 1453 2864 diuturniorem.“
1499 2800 1595 2882 Atqui
1618 2819 1677 2881 ego

313 2895 455 2976 antiquos
485 2895 556 2957 mihi
584 2913 718 2977 propono
749 2893 911 2957 imitandos
940 2894 969 2956 in
994 2912 1059 2954 mea
1083 2892 1227 2973 sphaera,
1258 2909 1333 2971 quae
1358 2891 1435 2953 vitro
1465 2889 1596 2970 tegenda
1614 2898 1675 2953 est.

312 2984 363 3048 Ad
396 2984 475 3065 quod
506 2983 716 3047 subministrat
748 2982 820 3046 mihi
844 2982 1014 3056 consilium,
1049 2982 1092 3043 sic
1115 2999 1261 3061 pergens:
1296 2977 1457 3056 „Quodsi
1486 2999 1523 3042 ex
1545 2978 1677 3041 materia
1780 3005 1784 3012 ¹

311 3074 409 3148 „dura
433 3081 465 3134 et
482 3072 640 3152 perspicua
664 3073 783 3148 fierent,
810 3071 1057 3153 quemadmodum
1073 3070 1363 3149 diximus'superins
1387 3070 1424 3130 de
1444 3069 1600 3151 crystallo,
1625 3068 1676 3129 cui

312 3171 492 3241 „argentum
515 3161 556 3223 sit
579 3160 755 3235 immistum,
785 3170 856 3223 tune
880 3167 912 3222 et
935 3159 1066 3221 naturali
1090 3158 1236 3221 rotundae
1261 3159 1376 3221 formae
1400 3165 1432 3218 et
1454 3155 1673 3220 constructioni

312 3249 465 3324 ,‚orbium,
498 3269 558 3330 quo
580 3270 655 3312 unus
680 3249 769 3312 alteri
797 3248 972 3321 includitur,
1003 3256 1034 3309 et
1056 3247 1266 3329 perspicuitati
1300 3267 1336 3308 ac
1362 3246 1575 3332 pulchritudini
1607 3264 1676 3308 cum

312 3338 532 3414 „diuturnitate
556 3339 726 3401 consultum
751 3337 867 3400 esset.“
909 3336 1015 3412 Addit,
1040 3344 1111 3399 tunc
1131 3336 1218 3416 longe
1233 3338 1361 3417 majores
1376 3336 1441 3398 fieri
1456 3336 1564 3398 solitas
1578 3335 1676 3397 moles

312 3427 399 3502 illas,
425 3446 513 3508 quam
538 3446 614 3507 quae
635 3447 671 3489 ex
686 3427 811 3489 metallo
826 3444 914 3488 nunc.
961 3423 1048 3497 Quod
1064 3425 1090 3487 si
1110 3444 1212 3487 verum
1232 3435 1294 3505 est,
1318 3431 1460 3506 poterunt
1474 3443 1546 3504 ergo
1561 3425 1673 3486 eham-

313 3536 381 3578 num
405 3516 506 3597 magni
529 3516 610 3596 globi
635 3517 722 3579 vitrei
746 3517 826 3590 fieri,
849 3523 941 3594 atque
964 3515 1021 3576 hae
1044 3515 1073 3578 iu
1097 3524 1185 3596 parte
1210 3513 1324 3576 iuirtilis
1339 3522 1388 3575 est
1407 3534 1474 3576 mea
1489 3513 1673 3576 sollicitudo.

313 3605 346 3666 In
375 3605 569 3685 sequentibus
598 3606 676 3668 omni
705 3603 762 3666 me'
780 3605 869 3667 laude
899 3602 1082 3666 inventionis
1112 3603 1238 3684 spoliat,
1273 3604 1403 3666 eumad
1436 3623 1502 3665 eam
1535 3604 1673 3675 formam,

312 3712 401 3773 qnam
425 3712 481 3773 ego
505 3694 648 3767 meditor,
672 3695 882 3756 concinnatam
907 3692 1063 3755 existimat
1081 3692 1240 3773 sphaeram
1263 3692 1506 3754 Archimedeam.
1555 3688 1673 3765 „Orbi-

313 3780 405 3856 ,‚bus,
430 3782 526 3863 inquit
549 3784 602 3855 (ex
625 3783 821 3864 conjectura?
845 3802 883 3844 an
908 3783 979 3863 quia
996 3788 1132 3843 autorem
1144 3781 1287 3855 habet?)‚
1312 3801 1401 3844 unum
1421 3790 1541 3844 tantum
1559 3787 1673 3842 motum

312 3870 511 3945 ‚,addiderat,
537 3891 697 3954 omnesque
722 3873 803 3934 circa
825 3871 905 3933 idem
928 3879 1065 3934 centrum
1088 3869 1273 3947 collocabat,
1299 3878 1333 3933 ut
1351 3869 1498 3951 Calippus
1523 3868 1673 3931 etEudo·

312 3978 407 4034 ,‚xus,
435 3960 532 4040 ipsam
555 3980 625 4023 vero
648 3961 789 4036 Terram,
819 3959 957 4040 exiguam
978 3959 1170 4040 sphaerulam
1192 3958 1349 4040 multiplici
1373 3968 1457 4022 motu
1480 3958 1619 4039 agitabat
1642 3957 1673 4019 in

313 4047 447 4123 ‚,medio,
472 4049 588 4120 nescio,
619 4050 726 4130 quibus
750 4049 894 4112 artificiis.
942 4050 1022 4111 Nam
1045 4048 1091 4110 sic
1114 4048 1302 4111 existimavit
1325 4048 1406 4112 orbis
1429 4057 1533 4128 partes
1557 4067 1591 4109 se
1613 4047 1673 4109 ha-

313 4138 419 4212 „bere,
444 4146 478 4200 ut
500 4138 529 4198 in
554 4137 655 4200 libello
680 4139 717 4200 de
740 4157 851 4201 arenae
875 4157 998 4200 numero
1012 4138 1173 4200 manifeste
1198 4144 1340 4200 testatur.
1389 4134 1488 4209 Quam
1503 4136 1673 4217 opinionem

313 4234 457 4300 „secutus
481 4233 527 4288 est
551 4225 698 4289 Nicolaus
717 4225 902 4308 Copernicus
926 4234 1028 4289 aetate
1052 4234 1168 4290 nostra.
1213 4226 1262 4288 An
1288 4244 1359 4288 vero
1384 4228 1422 4288 ad
1446 4245 1588 4307 unguem,
1613 4243 1674 4287 nou

313 4314 411 4389 „satis
436 4322 569 4388 constat,
603 4334 670 4378 cum
692 4315 839 4378 incertum
861 4315 916 4390 sit,
950 4336 988 4378 au
1012 4315 1211 4400 Archimedes
1234 4316 1338 4378 Lunae
1362 4316 1467 4390 orbes,
1498 4323 1531 4376 ut
1555 4313 1673 4395 Coper-

313 4402 433 4478 ‚,nieus,
467 4423 533 4466 cum
557 4405 714 4468 elementis
737 4404 812 4483 ipsis
836 4403 1028 4467 circumvolvi
1051 4404 1213 4466 voluerit.“
1259 4405 1344 4466 Haec
1369 4404 1538 4467 Cardenus.
1584 4401 1673 4474 Quas

313 4491 338 4553 si
363 4502 395 4554 tn
418 4491 545 4573 legeris,
578 4493 685 4556 mirum
707 4493 764 4555 nisi
788 4492 922 4568 dubites,
953 4513 991 4554 au
1016 4512 1074 4555 non
1099 4511 1154 4573 ego
1178 4494 1323 4575 proximis
1347 4493 1444 4556 literis
1467 4493 1610 4573 pleraque
1634 4510 1674 4554 ex

314 4579 459 4643 hocloco
483 4582 736 4663 transcripserim,
767 4582 842 4648 adeo
867 4582 1058 4644 convenimus
1086 4589 1118 4644 et
1140 4581 1170 4644 in
1194 4583 1329 4664 sphaera
1348 4581 1557 4654 Archimedis,
1588 4582 1673 4643 etin

314 4670 435 4747 propria
457 4669 637 4734 inventione.

310 4771 314 4776 ·
402 4756 445 4819 Et
467 4758 536 4838 quia
558 4757 657 4839 incepi
681 4760 719 4822 ab
742 4760 800 4822 hac
823 4757 961 4833 materia,
986 4758 1095 4819 addam
1120 4764 1151 4818 et
1175 4758 1265 4833 illud,
1296 4759 1374 4842 quod
1389 4757 1525 4838 proxima
1540 4764 1673 4820 testatus

314 4863 381 4908 sum
407 4864 462 4908 me·
478 4845 507 4908 in
531 4865 678 4938 suspenso
702 4848 883 4930 relinquere,
910 4846 1028 4912 scilicet
1051 4845 1088 4908 de
1113 4846 1268 4930 multiplici
1289 4855 1373 4928 motu
1388 4843 1518 4912 Veneris
1537 4854 1570 4908 et
1585 4837 1671 4909 Me'r-
