3609 5634
285 380 351 451 aas
849 383 888 435 a
908 383 1086 436 ruamus·
1157 436 1165 462 ,

287 545 398 621 efficit3
431 542 558 653 deqique
583 543 644 607 fere
667 550 879 606 momentanea
890 529 965 618 lest
1000 549 1032 606 et
1059 550 1242 607 commutato
1271 546 1380 627 angulo
1403 544 1619 626 geometrico
1608 566 1641 608 ιιι

288 634 395 713 ἀλογοι
418 640 449 694 et
472 631 677 714 ἀναρμοστοι,
700 632 805 695 statim
828 641 881 694 aut
903 632 993 713 paulo
1015 641 1088 714 post
1111 633 1255 714 quiescit,
1285 635 1477 740 quantumvis
1500 653 1643 696 crescen-

288 723 368 785 tibus
392 722 548 784 stellarum
571 723 738 785 luminibus
784 720 872 793 Quae
905 740 972 783 cum
1003 723 1041 783 ab
1065 723 1253 802 experientia
1280 725 1341 787 sint
1363 724 1544 787 confirmata
1561 724 1642 785 vah-

289 812 427 874 dissime:
453 812 684 890 suppeditarunt
705 811 777 874 mihi
801 812 946 890 dogmata
969 813 1135 891 sequentia.

805 900 935 962 Thesis
958 899 1124 963 XXXVII
1212 900 1215 907 ’

379 988 455 1052 (lum
479 986 608 1051 Creator
630 988 714 1050 Deus
742 989 843 1052 mundi
867 989 954 1068 hujus
977 990 1112 1068 corporei
1140 994 1279 1051 ornatum
1303 1006 1341 1049 ex
1365 988 1462 1051 forma
1485 1007 1644 1069 corporea,

287 1098 363 1160 quae
388 1078 543 1159 quantitas
567 1085 626 1151 est,
650 1078 845 1140 desumserit:
870 1085 1105 1140 consentaneum
1128 1086 1184 1153 eat,
1208 1079 1292 1158 Ipsus
1315 1077 1435 1159 quidem
1454 1077 1583 1152 locos,’
1574 1096 1645 1158 rpaa

288 1169 390 1249 spatia
413 1168 566 1248 molesque
590 1185 747 1247 corporum
770 1187 838 1230 eam
861 1167 900 1228 ad
915 1186 947 1229 se
963 1175 1064 1230 mutuo
1088 1166 1312 1248 proportionem
1334 1186 1402 1229 esse
1419 1167 1541 1242 sortita,
1566 1186 1645 1247 quae

289 1258 331 1319 sit
354 1264 422 1319 orta
445 1275 484 1318 ex
507 1256 669 1318 solidarum
691 1257 852 1337 figurarum
875 1256 1022 1317 ordinatis
1046 1258 1222 1336 generibus:
1248 1255 1357 1336 quod
1348 1275 1379 1318 ιιι
1399 1257 1550 1337 Mysteriu
1575 1274 1645 1318 meo

291 1344 547 1425 Ooamographico
570 1345 712 1426 probari:
737 1346 884 1408 motiones
907 1363 978 1421 verp
1003 1364 1168 1425 corporum,
1194 1364 1270 1426 quae
1289 1345 1354 1407 vita
1368 1345 1471 1407 mundi
1486 1352 1545 1419 est,
1572 1352 1646 1405 tnnc

183 1481 185 1487 ,
286 1436 335 1496 vel
365 1434 500 1497 suaviter
531 1453 696 1498 consonare
724 1435 774 1496 vel
803 1434 960 1516 cooperari
993 1434 1128 1509 fortiter,
1162 1434 1281 1515 quando
1304 1453 1343 1495 ex
1368 1433 1471 1513 planis
1494 1432 1647 1495 ordinatis

288 1524 457 1586 desumtam
481 1524 595 1585 habent
616 1525 850 1604 proportionem.
897 1524 977 1586 Nam
999 1531 1034 1585 ut
1056 1523 1180 1603 planum
1203 1522 1302 1598 solidi,
1327 1523 1371 1585 sic
1393 1530 1493 1586 motus
1508 1522 1647 1602 corporis

286 1620 336 1674 est
357 1613 469 1693 imago.
518 1610 776 1683 Quemadmodum
802 1631 875 1675 vero
902 1611 1001 1673 solida
1023 1611 1218 1674 ordinatam
1247 1611 1414 1693 geometria
1441 1611 1646 1692 pluraquam

287 1702 415 1783 quinque
436 1702 625 1782 impossibile
649 1709 805 1764 estesse.
833 1702 879 1763 ita
900 1700 1036 1763 rationes
1060 1720 1176 1782 quoqne
1203 1700 1394 1763 harmonicas
1422 1719 1460 1762 ex
1481 1701 1645 1780 planorum

286 1791 491 1852 ordinatorum
514 1793 739 1871 comparatione
763 1797 847 1852 ortas
869 1791 971 1869 plures
995 1797 1065 1851 octo
1089 1809 1148 1852 non
1172 1810 1250 1867 esee,
1274 1789 1335 1852 alio
1354 1797 1489 1871 ternpore
1512 1790 1543 1851 in
1557 1789 1644 1851 Har-

285 1878 419 1954 manicis,
442 1879 508 1940 Deo
531 1880 663 1955 volente,
688 1879 915 1942 demonstrabo.

335 2040 337 2045 s
793 1967 923 2030 Thesis
945 1964 1128 2029 XXXVIII.

372 2057 509 2118 Mutuum
534 2073 605 2136 ergo
630 2056 820 2120 formatrices
847 2056 981 2119 rationes
1006 2063 1076 2117 octo
1101 2074 1167 2117 cum
1190 2054 1260 2131 sint,
1285 2054 1362 2117 coeli
1385 2073 1456 2117 vero
1480 2053 1510 2117 in
1531 2054 1644 2117 'l'erraa

284 2145 364 2208 actio
388 2145 453 2218 (vel
476 2145 578 2225 quasi)
602 2153 701 2207 motus
725 2145 768 2207 sit
792 2146 910 2226 aquuis‚
936 2153 969 2206 et
991 2144 1148 2224 contingat
1170 2143 1401 2206 intermediaute
1419 2143 1506 2205 radio
1521 2144 1641 2217 stellae,

286 2235 336 2315 qui
360 2234 467 2307 (radii)
485 2234 516 2294 in
532 2235 633 2296 Terris
648 2240 757 2297 coeunt
772 2236 945 2315 faciuntque
965 2235 1110 2313 angulos:
1134 2232 1269 2295 rationes
1284 2250 1356 2313 ergo
1370 2233 1560 2295 harmonicas
1575 2240 1644 2294 ecto

285 2324 314 2386 in
335 2322 518 2385 dimensione
541 2323 645 2385 horum
668 2325 844 2404 angulorum
867 2322 1076 2386 versabuntur.
1123 2322 1170 2384 Ac
1189 2330 1308 2383 veteres
1325 2322 1443 2401 quidem
1466 2322 1642 2401 conplures

285 2412 413 2494 quinque
443 2421 624 2491 receperunt
646 2415 838 2493 (aspectus
867 2413 958 2491 vulgo
986 2411 1100 2485 dictos)
1124 2411 1377 2491 cunjunctionem,
1412 2409 1641 2490 oppositionem,

285 2503 475 2582 quadratum,
505 2501 631 2575 trinum,
660 2502 810 2564 sextilem.
857 2501 903 2563 At
935 2519 982 2561 me
1011 2501 1089 2562 ratio
1118 2499 1247 2579 primum
1281 2507 1345 2561 tres
1374 2499 1485 2562 addere
1517 2499 1641 2561 docuit:

285 2590 450 2669 quintilem,
471 2588 669 2669 biquintilem,
696 2590 996 2671 sesquiquadratum:
1022 2607 1096 2669 quos
1119 2589 1313 2691 postmodum
1332 2587 1521 2671 experientia
1535 2588 1640 2692 multi-

283 2680 355 2759 plex
376 2678 575 2740 confirmavit

807 2766 943 2829 Theeis
966 2765 1117 2829 XXXIX.

374 2853 506 2918 Causam
538 2874 591 2918 cur
617 2856 753 2936 operatio
782 2857 971 2935 planetarum
999 2855 1137 2917 binorum
1166 2852 1354 2929 tamvalide
1383 2853 1558 2916 iutendatur
1586 2854 1641 2916 snb

269 2945 367 3024 ,ipsos
390 2954 566 3025 aspectuum
592 2945 746 3017 articulos,
771 2947 861 3007 aliam
885 2953 1022 3007 statuere
1035 2954 1105 3013 ,nou
1126 2961 1268 3023 possum,
1293 2962 1383 3023 quam
1407 2943 1569 3006 animalem
1592 2944 1640 3005 fa-

284 3034 439 3102 cultatem,
464 3053 540 3114 quae
563 3053 601 3095 ex
624 3054 683 3095 una
705 3044 793 3113 parte
817 3035 859 3095 sit
882 3034 1084 3115 geometricae
1112 3032 1243 3094 rationis
1266 3033 1359 3112 (quae
1383 3039 1541 3113 aspectum
1565 3051 1640 3094 con·

286 3123 412 3196 format)
436 3141 535 3201 capax
563 3130 595 3184 et
617 3124 715 3184 altera
737 3132 825 3204 parte
848 3123 983 3202 corporis
1007 3123 1074 3201 ejus
1097 3130 1221 3201 potens,
1255 3121 1287 3182 in
1310 3139 1369 3200 quo
1393 3120 1643 3184 animadvertitur

285 3211 429 3290 operatio.
473 3211 554 3273 Nam
578 3230 634 3273 nen
657 3212 693 3273 tit
713 3212 788 3286 hoc,
821 3213 891 3293 qnia
916 3212 1057 3273 uniuntur
1078 3211 1154 3272 radii
1183 3211 1214 3271 in
1236 3228 1295 3270 nno
1320 3210 1441 3290 angulo.
1487 3210 1642 3290 Angulum

287 3297 365 3360 enim
388 3305 420 3360 et
441 3298 536 3379 pridie
561 3308 592 3359 et
614 3300 760 3379 postridie
786 3309 940 3379 aspectus,
965 3309 997 3361 et
1018 3307 1163 3380 perpetuo
1189 3297 1304 3360 faciunt
1326 3298 1456 3378 aliquem
1471 3298 1534 3360 bini
1548 3298 1641 3373 radii;

287 3387 422 3467 operatio
445 3405 517 3449 vero
540 3395 612 3449 tuuc
636 3389 756 3451 demum
779 3390 895 3464 existit,
921 3409 988 3451 cum
1011 3387 1138 3469 angulus
1161 3387 1255 3449 habet
1269 3386 1417 3449 rationem
1439 3388 1641 3450 harmonicam

286 3496 461 3557 ιοιισχημα
484 3476 692 3549 (Ptolemaeus
716 3480 795 3541 enim
820 3500 1045 3561 σχηματισμους
1067 3477 1165 3551 dicit).
1212 3475 1375 3539 Rationum
1398 3496 1471 3539 vero
1496 3484 1529 3539 et
1551 3476 1640 3539 sche-

287 3574 401 3627 matum
428 3583 482 3645 per
505 3585 539 3627 se
563 3566 646 3628 nulla
669 3575 717 3643 est
740 3568 913 3629 efficientia.
958 3568 1067 3647 Fitque
1090 3566 1138 3628 hic
1161 3565 1251 3646 plane
1274 3565 1369 3636 idern,
1399 3566 1479 3647 quod
1502 3566 1533 3627 iu
1556 3566 1640 3628 loeo·

286 3654 417 3716 motione
448 3654 621 3718 animalium
648 3656 711 3718 fieri
735 3658 823 3719 solet.
871 3655 906 3718 Si
936 3657 1001 3738 quia
1025 3656 1155 3729 diceret,
1188 3654 1308 3717 obiecta
1335 3656 1418 3718 visus
1445 3672 1500 3735 per
1522 3655 1639 3717 oculum

286 3743 485 3822 ingredientia
508 3762 629 3807 movere
653 3745 762 3807 animal
787 3764 895 3825 posse,
930 3764 984 3808 nec
1007 3762 1083 3824 opus
1106 3762 1173 3805 esse
1202 3743 1241 3805 ad
1263 3744 1320 3806 hoc
1344 3744 1467 3806 anImali
1491 3744 1637 3807 facultate

285 3831 315 3892 in
338 3831 404 3912 ipso
427 3849 552 3912 corpore
575 3841 667 3910 moto,
691 3844 860 3897 monstrose
883 3834 1158 3916 philosopharetur.

850 3923 987 3985 Thasie
1008 3923 1078 3984 XL.

373 4007 459 4069 Haec
483 4014 583 4070 autem
607 4010 747 4087 facultas,
772 4031 848 4093 quae
872 4014 934 4074 viru
957 4012 1042 4073 addit
1065 4008 1248 4091 aspectibus,
1273 4027 1331 4071 non
1355 4017 1404 4072 est
1426 4009 1456 4071 in
1471 4006 1545 4089 ipsis
1561 4008 1635 4070 stel-

286 4096 332 4159 lis.
378 4096 459 4158 Nam
482 4107 624 4177 aspectus
646 4100 687 4174 hi,
713 4101 870 4181 dequibus
894 4101 1030 4174 dicimus,
1054 4101 1084 4161 in
1099 4099 1194 4160 Terra
1213 4098 1390 4179 contingunt
1414 4106 1542 4178 suntque
1558 4115 1637 4159 mera

183 4181 188 4185 “
286 4206 401 4267 qaeu,
423 4205 481 4247 non
507 4205 544 4247 ex
567 4196 649 4250 motu
673 4190 831 4251 stellarum
854 4189 1022 4252 formaliter
1044 4187 1206 4268 profluens,
1231 4189 1287 4248 sed
1311 4208 1349 4248 ex
1364 4186 1569 4250 accidentaria
1583 4186 1639 4247 situ

284 4275 422 4336 binarum
445 4274 603 4337 stellarum
627 4295 693 4340 cum
717 4278 821 4340 Terra.
869 4277 1130 4349 Quemadmodum
1159 4294 1230 4356 ergo
1258 4276 1359 4339 anima
1387 4295 1513 4339 movens
1537 4288 1639 4356 eorpus

285 4383 343 4424 non
368 4371 416 4425 est
438 4358 468 4425 in
492 4362 623 4442 objecto,
649 4367 704 4427 sed
722 4367 764 4429 ibi
787 4367 838 4430 nbi
860 4367 972 4446 objecti
992 4366 1110 4446 species
1125 4372 1387 4445 repraesentatur:
1411 4366 1458 4427 ita
1476 4366 1634 4439 benevim,

284 4471 360 4530 quae
384 4452 523 4514 efficaces
546 4454 640 4516 efficit
662 4463 813 4536 aspectus,
839 4475 906 4518 curn
930 4456 959 4517 in
984 4454 1120 4516 omnibus
1142 4454 1353 4517 sublunaribus
1368 4454 1553 4535 corporibus,
1577 4458 1636 4516 tun

242 4575 245 4578 ·
285 4541 314 4600 itt
346 4541 413 4620 ipso
435 4559 546 4621 magne
570 4543 682 4605 Terrae
706 4545 795 4625 globo
823 4546 926 4607 inesse
954 4562 1080 4605 necesse
1110 4550 1168 4606 est.
1218 4543 1348 4606 Scilicet
1378 4543 1475 4605 omnis
1504 4541 1638 4605 animalis

287 4629 416 4691 facultas
447 4638 495 4692 est
521 4629 619 4711 imago
651 4633 708 4694 Dei
735 4656 971 4715 ysopaapeonou
1006 4633 1035 4695 in
1064 4633 1230 4707 creatione,
1265 4632 1473 4713 excitaturqu'e
1502 4632 1541 4693 ad
1570 4650 1639 4710 opus

287 4736 371 4778 suum
385 4719 451 4780 hac
476 4718 603 4782 coelesti
622 4731 797 4802 aspectuum
821 4724 989 4804 geometria
1012 4742 1066 4785 seu
1088 4722 1255 4785 harmonia.

838 4813 976 4875 Thasie
997 4810 1083 4873 XLI.

375 4892 612 4959 hounsideratis
644 4917 724 4961 nova
745 4901 953 4982 philosophiae
977 4901 1074 4963 forma
1095 4899 1260 4975 videbitur,
1296 4918 1373 4980 quae
1401 4914 1461 4959 non
1485 4905 1553 4961 est:
1585 4895 1639 4959 nisi
