3609 5634
285 385 351 454 344
712 387 813 438 essese
831 384 934 450 ιιφιιιι
952 385 1103 450 mm·
1119 391 1222 474 mue

285 551 316 612 in
340 543 389 612 2ο
409 545 438 624 ὅ
460 547 666 627 perailactice‚
690 553 862 610 esttamen
886 546 968 607 nitra
996 539 1059 606 17ο
1080 543 1109 619 ὅ
1132 544 1310 618 eccentrioe‚
1334 550 1368 606 et
1389 561 1462 605 vero
1489 542 1564 622 ipse
1585 558 1661 621 pre-

284 638 368 720 prins
391 636 501 700 Martie
525 646 625 700 motus
650 636 724 699 iacit
747 635 941 708 latitudines3
965 633 1138 713 parsiiauee
1163 641 1281 695 tanturn
1296 641 1410 712 augent
1427 633 1479 694 eei
1502 631 1660 707 minuunt

285 727 391 809 quales
414 725 579 788 inveniunt.
625 726 672 787 De
702 725 866 787 directione
894 722 1093 803 objectionem
1117 721 1190 783 dilui
1222 723 1311 784 modo
1335 741 1402 782 meo
1430 740 1535 802 supra
1559 738 1659 799 expo·

269 815 356 890 sito,
381 814 431 894 qni
453 814 548 876 hebet
570 824 806 876 consentaneum
830 820 862 874 et
885 812 1054 873 naturalem
1070 811 1199 884 modum,
1223 820 1257 873 nt
1272 811 1336 873 dies
1355 810 1515 889 significet
1530 826 1661 870 anunm.

355 903 542 954 Fabricius:
570 902 752 969 Tengneglium
778 902 811 952 sd
829 900 1027 965 respondendnm
1045 913 1146 950 moress
1169 906 1196 950 et
1214 901 1280 950 brevi
1297 898 1448 963 respondeus
1465 898 1504 949 ed
1525 897 1618 947 omnis
1636 907 1663 947 et

284 974 397 1041 durnin
416 975 452 1025 sic
470 988 511 1023 me
529 974 563 1024 sd
579 974 652 1038 pinse
670 972 837 1039 excogitanda
853 972 978 1028 incitabit,
996 978 1026 1021 ut
1042 970 1165 1022 hactenus
1183 971 1287 1022 iactum.

355 1045 421 1096 Veie
445 1046 660 1109 pnesteutissiins
685 1047 736 1100 sir,
759 1046 816 1110 vige
834 1050 861 1095 st
877 1043 938 1094 flore
965 1048 992 1093 et
1008 1041 1133 1107 triumpha
1151 1041 1176 1102 ὁ
1196 1049 1223 1093 et
1241 1049 1327 1093 cetera
1345 1047 1429 1100 esser
1453 1056 1504 1091 nos
1525 1038 1662 1103 sumptui

284 1117 406 1168 tubicines
424 1116 518 1182 gloriae
536 1123 596 1167 tuse
613 1118 709 1168 menni
727 1117 816 1167 erirnm
835 1120 861 1166 et
880 1129 935 1164 esse
954 1114 1073 1164 volumus.
1110 1112 1201 1164 Seiuts
1212 1114 1331 1164 circulum
1344 1120 1414 1164 mum
1427 1127 1458 1164 es
1469 1127 1516 1163 nse
1531 1111 1659 1167 officiose.

285 1187 419 1239 Dominum
437 1185 595 1239 Msttbseum
614 1185 787 1252 (Seyierdum)
805 1193 831 1237 et
849 1186 918 1236 aiios.

354 1258 420 1309 Vale
439 1256 484 1309 dte.
522 1259 620 1310 Essnae
639 1260 663 1309 d.
683 1256 725 1307 st.
745 1258 804 1309 Jnn.
825 1273 848 1306 ι.
866 1262 898 1306 st.
921 1253 998 1306 1003.
1573 1263 1579 1270 “

354 1329 385 1380 ln
402 1329 481 1380 literis
498 1330 656 1388 brevioribus,
675 1344 739 1395 quse
757 1329 804 1380 bss
822 1335 925 1380 mutes
944 1333 1012 1388 snut,
1029 1326 1093 1379 baec
1112 1324 1318 1390 deprehendimus
1335 1325 1384 1375 bue
1401 1325 1559 1377 miscenda:

354 1400 385 1452 In
397 1400 541 1462 Hodsndis,
560 1403 646 1453 scribit
657 1401 841 1458 Fabricius,
860 1401 963 1449 moritssr
973 1406 1033 1449 ente
1052 1413 1145 1450 suarm
1157 1397 1318 1447 Martinus
1337 1396 1517 1448 Erersrtus
1537 1403 1657 1446 mono

283 1487 347 1522 mus.
384 1471 454 1521 Duos
472 1473 505 1522 ibi
524 1474 619 1530 inveni,
638 1474 692 1539 qui,
720 1477 820 1536 praeter
838 1469 1001 1535 Sanigarum.
1026 1470 1203 1535 quadraturam
1224 1467 1307 1518 circuli
1332 1475 1454 1519 “serunt
1492 1469 1656 1518 Geometrse

284 1543 335 1594 illic
352 1544 463 1599 maximi.
482 1546 616 1593 astronomi
636 1544 773 1608 proletarii.
793 1541 913 1606 sstrologi
932 1540 1000 1591 nulii.
1037 1540 1118 1590 'lirum
1138 1538 1296 1589 Prodsomnm
1315 1538 1398 1588 multis
1417 1539 1607 1589 commendari.

355 1611 432 1664 Piure
449 1628 517 1664 nunc
534 1629 584 1665 nen
601 1613 696 1672 babeo,
724 1613 789 1679 quod
813 1619 859 1663 tue
885 1612 919 1663 ed
936 1612 1018 1662 series
1035 1627 1105 1663 mess
1123 1611 1224 1660 diversis
1243 1609 1393 1674 temporibus
1416 1615 1443 1659 st
1460 1610 1544 1660 literis
1565 1623 1655 1674 propo·

285 1686 348 1735 sites
366 1686 526 1749 questiones
545 1685 650 1736 sollicite
668 1692 809 1750 exspectem
827 1697 962 1748 responssr
980 1683 1046 1748 quod
1064 1698 1111 1748 quo
1130 1683 1202 1733 citius
1220 1682 1316 1742 feceris,
1336 1695 1365 1731 eo
1383 1682 1478 1746 grstius
1497 1683 1559 1731 erit.
1600 1680 1656 1730 Hs·

285 1756 355 1807 bebis
372 1761 461 1818 postea
476 1757 637 1813 mirabiliora,
656 1771 721 1822 qnae
739 1755 787 1805 huc
805 1755 864 1805 iiiuc
882 1756 908 1804 in
926 1754 1035 1805 Batavis
1053 1761 1200 1804 consecutus
1218 1768 1280 1802 sum.

356 1824 446 1876 Seiuts
463 1826 496 1875 D.
517 1826 699 1878 Cuneeiiarium
716 1834 826 1876 noevum
845 1833 871 1875 et
888 1825 922 1876 D.
936 1825 1035 1875 Petrum
1048 1824 1202 1881 Vsscherum.
1221 1831 1338 1889 patronos
1356 1836 1425 1872 meos
1443 1823 1576 1887 quondam
1587 1823 1655 1888 opti·

283 1910 346 1954 mus,
364 1911 466 1961 quornm
485 1898 618 1948 destituam
636 1898 737 1947 consilio
756 1903 783 1947 et
800 1897 890 1947 auxilio
909 1911 976 1947 nunc
994 1897 1083 1947 misere
1101 1898 1154 1944 rivo
1173 1901 1200 1944 et
1218 1895 1249 1945 de
1267 1892 1430 1956 relinquenda
1447 1896 1535 1958 petris
1556 1896 1654 1961 cogito.

281 1966 308 2026 Ι0
325 1967 469 2018 instabilem
487 1969 584 2019 aulem!
603 1968 625 2019 0
643 1970 724 2019 resins
742 1968 816 2018 sulse
834 1968 928 2017 mores!
958 1965 1110 2017 Omeustrs
1128 1965 1212 2016 eulies
1229 1965 1289 2015 airis
1307 1964 1414 2014 diriore!

355 2037 489 2089 Debentur
505 2039 605 2091 Renes
624 2055 654 2089 ex
671 2046 766 2090 moesto
784 2052 899 2097 musteo,
928 2037 1005 2088 dente
1031 2044 1059 2087 et
1076 2039 1226 2103 egoniseute
1243 2036 1341 2087 Uranie
1364 2042 1451 2085 metes
1468 2035 1493 2084 d.
1516 2032 1561 2083 11.
1582 2033 1654 2098 (21.)

285 2110 350 2176 Aug.
371 2105 449 2158 1603.
1053 2108 1123 2159 Tnse
1142 2108 1317 2158 Praestantiae
1336 2106 1521 2157 addictissimus

1155 2177 1188 2228 D.
1207 2179 1384 2229 Fabricius.

357 2247 462 2314 Spectet
488 2247 526 2299 bis
548 2250 653 2315 querelis
678 2249 765 2316 (ques,
796 2250 827 2299 ob
850 2262 952 2299 menum
978 2250 1023 2299 siri
1051 2250 1117 2300 iectu
1139 2250 1309 2300 difficillimum
1336 2264 1386 2299 non
1413 2248 1488 2312 plens
1514 2247 1652 2298 enucleare

284 2317 420 2384 potuimus)
445 2321 572 2371 Fabricius
590 2336 658 2386 spera
677 2323 740 2372 torte
762 2327 815 2372 tsm
833 2322 950 2383 temporis
966 2327 1077 2377 tenuem
1094 2321 1299 2385 peneadem
1316 2319 1467 2382 (subiissem
1486 2321 1549 2370 anni
1571 2316 1650 2369 1003.

287 2391 372 2456 Comp.
391 2408 415 2457 p.
435 2388 500 2452 311)
519 2393 552 2443 sd
569 2400 684 2445 eventum
702 2393 848 2458 perductam
865 2392 951 2444 Esene
968 2390 1081 2444 Ostelsm
1098 2393 1299 2457 munique&

354 2471 512 2535 Keplerus
538 2472 603 2523 bue
629 2479 728 2524 uncum
752 2473 890 2536 arpenne:
930 2462 1016 2535 Quae
1049 2463 1200 2525 mirabilia
1231 2462 1359 2543 Belgica
1387 2463 1509 2542 jactae,
1549 2464 1650 2543 primo

284 2570 400 2633 quoque
423 2559 560 2632 tempore
584 2552 693 2615 scribe.
740 2552 981 2616 Commentarios
1000 2549 1263 2633 supersedeatur
1286 2553 1371 2632 parvi
1387 2551 1483 2624 senior
1507 2571 1575 2614 rem
1590 2551 1649 2614 isn-

282 2640 457 2719 possibiiem
481 2649 611 2716 tentant,
635 2643 715 2724 qnod
738 2643 820 2714 scio;
844 2640 998 2715 ιἰιιςαμαι,
1023 2642 1154 2721 inquam.
1179 2647 1277 2713 (Ocmp.
1301 2664 1327 2713 p.
1346 2645 1422 2711 338.)

354 2729 525 2780 Fabricius
549 2727 585 2790 (d.
605 2728 647 2779 22.
667 2730 730 2782 Dec.
750 2746 773 2779 s.
791 2736 824 2779 st.
849 2727 941 2792 1603)ε
970 2730 1071 2791 Quaeso
1094 2730 1242 2794 pmnmmn.
1268 2734 1298 2778 ut
1321 2729 1481 2793 respondeas.
1519 2728 1604 2779 Video
1623 2734 1648 2777 te

282 2800 451 2865 tergiversari,
478 2801 542 2865 qnod
561 2808 588 2852 et
605 2809 691 2866 aperte
708 2802 841 2860 miniteris,
865 2802 914 2852 nisi
932 2803 965 2853 sd
984 2809 1054 2852 tuem
1072 2800 1316 2852 ἀίιιιιιιιιίιιιιιιιΙιιιι
1337 2800 1515 2863 respondeam,
1543 2800 1603 2865 qnid
1620 2801 1646 2849 in

284 2885 318 2920 ea
334 2870 435 2935 probem
453 2872 491 2921 rei
509 2872 644 2936 improbem
663 2871 761 2937 (comp.
775 2889 799 2938 p.
813 2868 887 2932 326).
924 2873 978 2938 Ego
998 2880 1066 2924 certe
1084 2888 1134 2922 non
1152 2874 1174 2922 is
1192 2883 1255 2928 eum,
1274 2886 1321 2921 nec
1339 2878 1414 2920 tante
1432 2880 1471 2920 est
1488 2873 1585 2937 ingenii
1599 2872 1648 2920 mei

281 2941 418 2999 subtilitas,
442 2949 473 2992 ut
496 2944 599 2993 subtiles
624 2951 681 2993 tuus
706 2946 816 2994 rationes
840 2947 983 3010 percipiam.
1020 2943 1088 2995 Nibii
1109 2959 1167 2994 reso
1191 2943 1273 3008 magis
1296 2949 1449 2997 memoret.
1477 2957 1552 3006 quam
1582 2942 1648 3007 quod

283 3013 376 3063 Teme
395 3013 530 3064 animalem
549 3015 696 3065 iacuitetem
714 3016 817 3069 tribues.
836 3028 941 3080 eamque
960 3022 1105 3081 espectssum
1124 3016 1273 3079 operationis
1296 3027 1380 3064 serem
1398 3027 1501 3064 csusssn
1520 3029 1586 3064 esse.
1617 3014 1645 3063 Iu

283 3085 373 3134 esteris
391 3084 452 3133 nibil
471 3084 591 3135 desidero.
1092 3095 1097 3105 ·

352 3154 383 3203 Iu
402 3155 555 3219 utrologicis
570 3151 671 3218 judiciis
688 3157 817 3220 genesium
841 3171 909 3206 nuuc
927 3158 1082 3208 constantior
1098 3162 1126 3206 et
1142 3155 1343 3218 circumspector
1367 3169 1423 3205 esse
1441 3155 1547 3219 incipio,
1578 3159 1645 3221 past·

284 3238 358 3288 quam
376 3231 446 3274 tuem
466 3225 708 3277 naensuuncuism
725 3226 776 3293 legi
803 3233 830 3277 et
847 3235 905 3277 tuss
922 3230 1033 3278 rationes
1050 3228 1188 3280 contraries
1210 3228 1323 3292 cognovi.
1360 3223 1433 3286 Quod
1451 3228 1645 3291 profectionibus

281 3294 343 3343 nihii
360 3294 461 3355 tribuis,
489 3296 515 3344 iu
534 3310 563 3345 eo
583 3303 609 3348 te
627 3297 731 3347 muitum
750 3312 767 3347 s
784 3311 859 3363 scopo
877 3300 993 3349 aberrare
1011 3314 1056 3349 suo
1073 3305 1184 3362 tempore
1202 3299 1257 3361 ipss
1275 3311 1418 3363 cognosces.
1455 3296 1531 3354 seor
1549 3305 1578 3349 ts
1596 3314 1645 3348 uon

281 3365 356 3417 iseiie
374 3379 442 3416 nune
460 3380 619 3419 assensurum
636 3368 705 3424 mibi.
723 3369 866 3434 priusqam
884 3384 916 3420 es
934 3371 997 3420 reris
1015 3371 1120 3420 motibus
1139 3368 1164 3429 ὀ
1185 3375 1211 3419 et
1228 3367 1244 3422 i
1264 3366 1336 3433 (qnos
1355 3368 1436 3418 adbuc
1453 3366 1579 3431 desidero)
1599 3370 1644 3420 tibi

281 3435 356 3487 tidem
373 3437 469 3495 iecere.
496 3453 543 3488 nec
562 3439 621 3490 mibi
639 3454 735 3505 quoqne
754 3447 832 3491 antee
855 3442 882 3490 in
900 3442 1012 3491 omnibns
1030 3442 1177 3492 satisfacere
1194 3455 1302 3504 possum.
1339 3438 1397 3489 Nou
1416 3440 1510 3498 dubito,
1529 3450 1555 3491 te
1577 3434 1608 3509 ὅ
1626 3441 1642 3502 i

282 3513 308 3555 et
326 3506 348 3569 21
368 3507 499 3575 diiigenter
515 3525 560 3574 per
577 3513 741 3561 instrumente
752 3511 896 3575 Tyehonics
915 3513 1066 3563 observasse.
1104 3511 1285 3570 communices,
1304 3525 1406 3577 quaeso,
1424 3518 1454 3562 ut
1465 3517 1493 3562 et
1508 3512 1536 3562 in
1554 3507 1585 3578 Q,
1607 3503 1644 3576 Ω

197 3613 212 3632 ,
282 3577 336 3644 Ego
354 3592 429 3631 mene
448 3581 515 3632 circs
531 3582 556 3632 b.
578 3581 603 3632 7.
621 3583 728 3647 positum
746 3583 795 3633 ridi
813 3584 892 3635 bunc:

1172 3685 1218 3742 ‘t

925 3791 940 3823 s
1067 3789 1083 3820 s

776 3866 792 3894 s
915 3824 942 3895 i
1062 3829 1086 3889 q

771 3897 794 3963 0

353 4003 483 4057 Distentis
500 4007 523 4069 11
543 4015 570 4057 et
586 4007 602 4068 b
622 4008 719 4058 circiter
739 4001 784 4055 2⁰.
817 4001 839 4067 {5
857 4008 950 4070 optime
968 4006 1090 4057 ridebam

354 4074 478 4140 scripsisti
497 4078 530 4127 sd
549 4078 749 4134 Ridderhnsium,
769 4084 794 4127 te
813 4080 936 4128 ratonem
954 4078 1031 4129 aliem
1049 4077 1286 4143 compendiosiorem
1307 4079 1460 4144 supputandi
1478 4085 1572 4128 motum
1591 4078 1643 4128 Ln-

281 4160 332 4197 sse
349 4148 480 4198 invenisse.
518 4149 699 4207 communices,
721 4164 789 4215 rogo.
1311 4167 1320 4189 0

354 4217 423 4268 Scire
442 4220 528 4283 cupio,
555 4234 588 4270 an
607 4220 730 4284 quaedem
757 4219 905 4284 specialiora
931 4220 963 4269 ds
980 4233 1075 4283 magua
1099 4222 1274 4282 coniunctione
1299 4222 1333 4270 sis
1355 4219 1485 4271 editurus?
1521 4219 1643 4270 Heriicius

283 4289 468 4340 reformatorem
486 4305 516 4340 ex
536 4291 650 4355 aquilone
671 4288 785 4352 (Danum
803 4292 906 4340 innuere
925 4287 1033 4351 ridetur)
1052 4290 1179 4353 producitr
1198 4292 1243 4343 sed
1260 4306 1335 4357 quam
1354 4299 1430 4349 certe,
1450 4307 1500 4341 non
1518 4291 1597 4341 rideo.

354 4359 434 4421 Quem
460 4361 520 4412 dicit
538 4362 674 4418 Fabricius,
693 4360 955 4412 Riddershusius
974 4358 1142 4426 (Ludoipbus)
1161 4362 1268 4413 Bremse
1293 4363 1403 4429 degebat
1430 4371 1456 4414 et
1478 4377 1563 4427 panos
1587 4376 1643 4412 cum

282 4428 392 4493 KepIero
418 4433 470 4498 epit
494 4448 537 4496 per
561 4434 646 4483 literas
673 4432 704 4483 de
732 4432 855 4496 Tycbouis
882 4432 996 4496 operibns
1015 4430 1113 4497 (comp.
1139 4433 1295 4485 Hanscbium
1321 4452 1345 4499 p.
1366 4432 1418 4483 202
1436 4432 1495 4498 sq).
1534 4433 1643 4485 Derides

282 4499 465 4561 Ecdicius,
495 4503 640 4562 „Medicum
668 4505 843 4557 Διιεοιιοιιιιιι.
867 4503 1006 4553 Historieus
1024 4512 1050 4553 et
1067 4504 1162 4555 Poeta“
1183 4503 1248 4567 (nst
1276 4508 1303 4555 in
1321 4508 1410 4570 oppido
1429 4507 1500 4556 Zeita
1520 4520 1543 4555 a·
1565 4503 1641 4554 155⁷.

281 4578 353 4621 mort.
373 4572 502 4639 Stsrgardi
520 4589 544 4625 s„
566 4572 660 4636 1030),
689 4576 840 4641 analogiae
865 4577 1017 4625 sanitatibus
1041 4590 1116 4640 quem
1139 4579 1245 4627 maxime
1264 4577 1379 4634 deditus,
1407 4577 1474 4628 benc
1492 4579 1642 4626 sententiam

283 4642 392 4693 exhibuit
409 4646 471 4695 torte
488 4648 515 4695 in
533 4647 594 4697 libro
615 4645 873 4713 „desumpserint
894 4643 974 4696 1303.
1012 4645 1039 4697 Si
1057 4648 1110 4711 quis
1128 4648 1200 4710 pinca
1219 4649 1249 4699 de
1262 4649 1364 4699 Heriicii
1377 4651 1475 4713 seriptis
1493 4662 1643 4713 cognoscere

282 4712 354 4772 velis,
373 4730 429 4765 eum
447 4718 570 4780 rejicimus
589 4719 621 4769 sd
639 4717 754 4768 Joecberi
772 4719 896 4773 Lesieon,
919 4719 960 4784 qui
978 4725 1094 4768 recenset
1111 4719 1207 4769 iliorum
1226 4720 1328 4785 longum
1346 4722 1442 4770 seriem.

372 4804 585 4886 Kepierns:
617 4805 856 4869 Observationes
871 4816 994 4870 nostrae
1019 4807 1140 4887 frigent.
1188 4809 1394 4871 Instrumenta
1412 4810 1442 4872 in
1458 4810 1544 4870 horto
1560 4807 1642 4870 Cae-

282 4891 363 4955 seris
385 4893 442 4956 snb
465 4894 513 4956 dio
538 4903 725 4975 putrescunt
773 4897 850 4960 Utor
873 4904 1015 4959 sextante
1044 4905 1077 4958 et
1101 4898 1268 4978 quadrante
1293 4917 1387 4978 parvo
1420 4919 1458 4962 ex
1481 4895 1642 4961 Hoisnanui
