3609 5634
282 382 351 451 am
641 465 646 480 ,
703 383 1217 448 mur-ammomum..

283 553 316 603 et
340 547 579 621 temperamenta
601 540 701 603 merul.
748 541 876 606 Nonnisi
900 541 984 621 origo
1007 541 1161 621 utrimque
1183 559 1221 603 ex
1246 541 1345 604 animo
1368 550 1461 618 esset,
1486 549 1644 618 artepos⁴

284 641 335 692 set
356 647 423 691 cnm
447 631 598 692 contrario
622 630 797 709 permutari.
844 626 926 700 Quid
950 637 983 691 tn
1003 628 1092 710 jam?
1138 629 1373 702 Inclinationes‚
1399 631 1465 706 ais,
1489 633 1647 692 mutantur

260 711 350 782 'cum
375 718 546 791 aetatibus;
571 725 605 780 at
627 737 685 781 non
709 727 920 797 permutantur
943 717 1117 790 contrariis,
1142 719 1196 781 sed
1220 718 1446 794 imminuuntur,
1480 725 1643 782 transeunt

284 809 313 870 in
339 816 485 884 cognatos
509 807 671 884 proximos,
697 817 857 885 praeterea
879 808 936 870 hoc
961 807 1034 869 nihil
1057 808 1095 869 ad
1119 828 1192 871 reru.
1240 808 1399 871 inclinatio
1413 809 1494 870 ωὶω
1518 806 1564 869 sic
1586 826 1645 870 eo·

285 906 375 975 cepta
398 896 432 957 lit
454 895 737 975 particularissima,
770 905 803 958 nt
826 897 910 978 pueri
934 896 973 957 ad
997 915 1099 957 nuces.
1145 895 1211 976 Fgo
1235 915 1307 958 vero
1331 899 1435 976 loquor
1458 898 1496 958 de
1518 896 1644 958 nomer·

286 985 342 1046 sali
367 984 544 1048 charactere
568 984 805 1060 inclinationum,
830 984 880 1068 qni
902 985 1007 1064 negari
1026 1003 1083 1047 non
1098 992 1211 1065 potest,
1236 993 1421 1066 apparetque
1434 1003 1489 1066 pro
1506 991 1646 1046 aetatum

284 1072 470 1145 conditione,
500 1071 669 1136 euidentius
693 1071 785 1149 alitis,
820 1071 897 1135 aliis
922 1074 1088 1136 obscurius.
1134 1073 1292 1154 Nusquam
1315 1083 1348 1136 tu
1372 1073 1523 1154 copiosius
1547 1093 1644 1152 argu·

283 1159 429 1225 manans
453 1161 623 1240 probosque
646 1163 750 1236 valde,
784 1163 926 1241 conjungi
956 1171 1199 1241 temperamenta
1223 1163 1465 1225 inclinationibus
1497 1171 1531 1224 et
1554 1162 1645 1224 nnn

285 1250 446 1312 immutari.
494 1247 590 1318 Quasi
620 1269 677 1330 ego
707 1252 764 1311 hoc
791 1252 980 1330 negaverim!
1029 1251 1226 1322 veredicis,
1259 1260 1376 1313 tantum
1399 1270 1436 1312 ee
1461 1252 1561 1325 deas,
1594 1250 1645 1312 vol

286 1345 525 1418 teruperameuta
547 1338 596 1400 vel
621 1338 828 1400 inclinationes
852 1340 1034 1401 naturaiiter
1060 1359 1150 1420 posse
1169 1342 1333 1420 permutari
1356 1339 1446 1421 plane
1470 1338 1644 1401 contrariis.

284 1423 319 1494 In
344 1428 399 1490 hnc
425 1428 518 1488 etiam
542 1427 691 1506 pervertis
714 1447 812 1489 meam
827 1419 1038 1491 senteutiam:
1064 1429 1132 1490 dum
1155 1429 1274 1508 scripsi,
1301 1438 1334 1491 ut
1357 1429 1460 1492 oculus
1484 1430 1523 1490 ad
1543 1423 1646 1490 album

285 1525 317 1578 et
339 1516 472 1595 nigrum,
506 1516 550 1577 sic
574 1516 690 1578 animus
713 1518 751 1578 ad
776 1517 850 1578 heco
873 1522 959 1594 παθη
989 1517 1135 1578 coelestio
1159 1518 1308 1596 (intellige
1333 1518 1537 1598 praemissae.
1555 1518 1645 1589 forte,

285 1605 395 1677 debile,
420 1604 618 1685 eurythmon,
643 1607 867 1679 anarmostonl,
891 1606 1038 1684 inteiligit
1062 1615 1096 1667 tn
1114 1606 1151 1666 ad
1168 1607 1401 1678 inclinationem,
1427 1615 1461 1667 nt
1484 1607 1566 1668 furta
1588 1606 1644 1667 &a

285 1694 367 1754 Male
393 1702 425 1755 tu
450 1711 521 1771 ergo
544 1694 732 1755 relutatnrns
766 1713 860 1773 negas
883 1694 913 1755 in
938 1695 1021 1756 coelo
1054 1694 1278 1770 inclinationes,
1313 1703 1347 1757 nt
1370 1695 1465 1755 torta:
1495 1707 1645 1772 numago

285 1781 332 1843 his
358 1777 456 1843 verbis
480 1777 553 1842 nibil
578 1781 658 1844 alind
684 1782 803 1861 egerim.
850 1781 919 1845 Non
945 1793 1014 1862 peto
1039 1792 1113 1856 ate,
1137 1783 1176 1845 nui
1192 1781 1320 1858 Fabrici,
1347 1791 1379 1846 ut
1398 1782 1492 1844 multa
1515 1783 1644 1857 scribas,

284 1872 339 1931 sed
364 1878 397 1931 ut
421 1888 458 1930 ex
482 1870 683 1932 fundamentis
708 1872 783 1933 bene
807 1873 1003 1935 collectarum
1026 1873 1251 1951 cogitationum.
1300 1874 1344 1935 Tu
1366 1889 1512 1950 namque,
1541 1872 1569 1932 si
1593 1890 1646 1932 re-

287 1958 417 2038 legisses
441 1976 509 2019 mea
531 1966 563 2018 et
584 1967 648 2032 tna,
673 1960 803 2021 vidisses
826 1980 880 2022 noe
905 1961 953 2022 hic
977 1961 1056 2023 idem
1079 1979 1180 2039 agere.

366 2047 409 2112 Jn
434 2046 527 2107 astris
550 2047 626 2127 ipsis
651 2049 761 2110 undam
784 2050 971 2112 caliditatem
996 2056 1027 2110 et
1051 2051 1147 2111 lucem
1161 2049 1282 2121 statuis,
1307 2067 1400 2128 negas
1420 2047 1645 2122 inclinationes,

289 2136 354 2216 ipse
379 2153 495 2217 quoque
520 2137 739 2215 explicatnms.
773 2139 921 2217 quomodo
954 2138 1163 2200 inclinationes
1196 2160 1214 2198 a
1242 2139 1336 2201 coelo.
1384 2135 1474 2200 Nuda
1505 2138 1582 2200 haec
1615 2136 1645 2198 in

286 2226 382 2287 astris
404 2224 535 2287 colloco:
560 2226 671 2299 lucem,
696 2225 832 2299 mbeum,
858 2227 1021 2306 fulgidum,
1046 2227 1203 2307 pallidum,
1228 2226 1340 2301 celere,
1364 2227 1493 2299 tardum,
1518 2226 1645 2306 euryth-

287 2333 366 2386 moo,
392 2320 585 2374 aosrmoston
611 2314 663 2375 hc.
711 2314 934 2387 inclinationes,
959 2324 993 2377 nt
1015 2316 1114 2378 ethice
1138 2315 1379 2400 considerentur,
1402 2329 1489 2395 nego.
1536 2313 1571 2376 Si
1592 2313 1646 2376 ni-

290 2402 381 2463 mium
406 2401 498 2463 astris
521 2401 628 2476 tribui,
658 2404 791 2482 oportuit
818 2411 849 2464 te
877 2404 1020 2464 refutare.
1067 2401 1166 2476 Dicis,
1201 2403 1367 2466 obtinuisse
1390 2404 1450 2466 vim
1483 2401 1647 2483 vegetandi

288 2509 326 2551 ex
351 2489 499 2552 relatione
534 2490 653 2563 divina;
686 2491 854 2552 naturalem
883 2490 942 2552 vim
973 2493 1017 2552 uis
1040 2492 1081 2554 ibi
1110 2501 1286 2564 extenuare,
1321 2493 1376 2554 sed
1401 2491 1498 2555 Deum
1525 2499 1646 2572 partem

289 2588 416 2641 naturae
440 2577 526 2639 facis.
571 2579 639 2642 Non
664 2579 753 2640 ualde
776 2599 925 2659 repugno,
958 2581 1012 2642 sed
1032 2581 1089 2642 hoo
1112 2581 1196 2654 dico,
1230 2588 1261 2642 to
1284 2580 1408 2642 nimium
1431 2582 1529 2643 adhuc
1550 2580 1647 2642 atro

288 2668 431 2729 tribuere.
478 2666 546 2728 'libi
569 2667 653 2729 Deus
678 2668 716 2729 ad
740 2675 826 2730 astra
847 2669 982 2747 respicit,
1009 2678 1043 2730 ut
1064 2676 1305 2747 temperamenta
1328 2670 1438 2731 formet
1460 2677 1492 2731 et
1514 2668 1665 2734 inclina-¹

290 2757 397 2829 tiones,
423 2754 496 2816 mihi
519 2755 638 2818 atrimae
662 2755 840 2818 sublunares
865 2758 902 2817 ad
928 2758 1007 2818 idem
1026 2757 1064 2818 ob
1088 2757 1167 2819 idem
1180 2758 1363 2839 respiciunt.

378 2837 536 2917 Dixeram,
570 2845 718 2906 malitiam
741 2845 874 2908 ethicam
897 2865 955 2907 nou
981 2846 1018 2907 ab
1043 2846 1149 2908 astris:
1186 2843 1271 2925 ergo,
1297 2847 1411 2926 inquis,
1444 2845 1507 2927 alia
1530 2863 1646 2924 qnoque

290 2941 411 3012 praetor
432 2941 521 2994 astra
543 2942 616 2994 sunt
638 2934 838 2996 adsciscendo
860 2934 889 2995 in
911 2934 1056 3013 judicimu
1076 2935 1299 3013 astrologicam.
1342 2935 1498 3015 Equidem.
1545 2934 1592 2996 At
1613 2941 1647 2993 tn

290 3040 385 3100 negas
409 3022 438 3082 id
462 3022 536 3082 fieri.
584 3020 832 3101 Oimproeidam
856 3024 1005 3084 rationem
1028 3023 1235 3102 praedicendil
1282 3023 1400 3086 Deinde.
1419 3023 1475 3091 ais,
1500 3022 1647 3084 iuoertan

289 3110 487 3189 astrologiam
512 3127 598 3182 esse,
615 3108 640 3170 si
663 3110 720 3172 hoc
743 3130 846 3173 verum
870 3112 922 3174 sit.
968 3111 1088 3187 Fateor,
1112 3121 1199 3173 tanto
1217 3111 1359 3174 incertior
1373 3120 1430 3186 est,
1454 3117 1565 3191 quanto
1590 3129 1647 3171 nn-

289 3199 354 3260 dior
377 3198 416 3259 ab
440 3197 563 3271 ethicis,
598 3198 747 3277 politicis,
780 3200 960 3280 theologicis
985 3201 1171 3280 respectibus
1180 3220 1189 3274 ;
1224 3207 1344 3262 etcum
1368 3195 1648 3278 omniacomplcxa

290 3295 349 3358 est,
373 3294 476 3348 tamen
500 3286 616 3347 incerta
639 3295 688 3349 est
710 3288 806 3350 omnis
829 3289 1007 3367 praedictio.

377 3373 468 3448 Ecce,
492 3381 598 3454 aperte
624 3384 656 3435 et
678 3375 815 3454 ingenue,
840 3378 919 3457 quod
943 3376 1032 3457 potis,
1056 3386 1119 3437 tam
1140 3376 1302 3455 diligenter
1324 3376 1409 3437 velut
1431 3391 1522 3446 aureo
1545 3373 1647 3452 gladio

159 3483 165 3490 ·
264 3459 439 3525 ‘Gordium
463 3463 572 3524 nodum
597 3463 698 3538 secni;
722 3473 755 3525 tu
779 3465 850 3527 mihi
875 3466 949 3527 cedo
973 3465 1095 3526 Asiam!

378 3550 441 3615 Sed
464 3551 581 3632 pergis:
616 3555 642 3614 si
674 3551 810 3615 defectus
834 3553 872 3616 ab
897 3554 990 3616 astris
1014 3589 1056 3599 -
1081 3549 1198 3613 malitia
1229 3551 1330 3631 igitur.
1378 3547 1536 3631 Equidem.
1586 3548 1648 3613 Sed

287 3660 347 3706 noo
370 3641 482 3714 ethica,
508 3641 562 3702 sed
586 3641 716 3705 deterior
740 3642 882 3713 conditio,
907 3651 1011 3705 otest
1035 3643 1127 3703 totius
1152 3649 1278 3702 naturae
1302 3643 1385 3715 (cum
1409 3650 1457 3701 est
1483 3638 1647 3720 perfectis-

290 3731 382 3802 sima)
407 3737 547 3809 respectu
571 3729 639 3791 Dei.
686 3731 803 3793 Deinde
827 3751 884 3793 non
910 3731 1134 3793 inclinationum
1150 3729 1338 3791 debilitatem
1363 3737 1395 3790 et
1413 3728 1647 3801 deformitatem,

172 3831 178 3850 ¹
290 3818 344 3879 sed
368 3818 397 3879 in
421 3835 531 3897 genere
554 3819 780 3881 deformitatem
803 3828 834 3881 et
857 3819 1047 3881 debilitatem
1076 3827 1107 3879 et
1130 3818 1350 3880 dissonantiam
1375 3819 1429 3879 duc.
1455 3817 1556 3878 inesse
1580 3813 1646 3877 dico

290 3906 426 3987 aspectui
455 3905 530 3968 coeli
554 3915 586 3967 et
609 3907 652 3969 sic
685 3909 870 3987 generaliter
893 3908 986 3989 recipi
1012 3908 1041 3968 iu
1066 3908 1196 3969 animam
1227 3913 1361 3988 tempore
1386 3925 1550 3986 geneseos,
1583 3904 1647 3965 sine

290 3995 353 4057 alia
376 3994 452 4056 coeli
476 4013 581 4075 opera,
615 3996 673 4058 nisi
697 3997 776 4077 quod
799 3997 973 4076 expositum
995 3991 1046 4058 est
1067 3995 1185 4058 coelum
1208 3995 1316 4058 animis
1345 3995 1485 4058 adhaec
1508 4012 1646 4072 compre·

274 4083 480 4156 hensionem,
511 4092 545 4145 ut
573 4084 623 4145 lux
657 4085 696 4146 ad
726 4085 881 4147 visionem.
930 4086 976 4146 De
1005 4077 1106 4146 cetero
1135 4103 1182 4146 mo
1211 4085 1284 4145 bene
1313 4085 1415 4164 cepis.
1450 4100 1546 4163 neque
1569 4101 1647 4162 qnae

290 4171 422 4235 exstruis
445 4171 518 4233 milri
541 4182 613 4234 sunt
636 4173 778 4235 absurda.
826 4173 971 4248 Quaeris,
997 4191 1034 4234 an
1058 4191 1091 4234 re
1114 4172 1181 4252 ipsa
1204 4173 1261 4234 hoc
1285 4175 1366 4235 aliud
1391 4172 1440 4245 sit,
1467 4187 1555 4252 qnam
1579 4185 1647 4232 ma·

291 4263 365 4336 lnm,
400 4261 478 4342 qnod
502 4280 541 4323 ex
563 4261 721 4324 debilitate
746 4263 821 4325 coeli
851 4264 967 4325 animus
997 4262 1104 4324 debilis
1132 4261 1342 4324 inclinationes
1370 4260 1483 4323 habeat
1511 4259 1647 4321 debiles?

291 4351 380 4425 Dico,
405 4350 530 4429 reipsa
550 4370 629 4414 esse.
675 4350 769 4413 Aliud
793 4352 824 4413 in
847 4353 931 4414 coelo
956 4351 1096 4413 debilitas
1125 4361 1156 4411 et
1180 4350 1371 4425 deformitas,
1404 4369 1571 4430 perquam
1594 4368 1647 4414 so·

291 4440 334 4500 let
362 4447 471 4501 namra
498 4441 679 4503 contendere
710 4440 748 4500 ad
777 4441 1042 4519 pulchritudinem,
1076 4447 1111 4500 ut
1131 4458 1186 4518 per
1212 4440 1346 4501 infinitos
1369 4439 1560 4517 incolligatos
1588 4437 1668 4518 po·'

290 4527 368 4590 situs
392 4528 431 4588 ad
455 4528 584 4607 aliquem
607 4528 798 4608 colligatum,
833 4528 914 4590 alind
945 4527 972 4589 in
1002 4527 1120 4588 homine
1145 4527 1235 4589 animi
1260 4528 1458 4601 deformitas3
1491 4543 1558 4588 cum
1582 4529 1647 4606 jam

291 4616 396 4696 incipit
419 4615 640 4697 concupiscere,
665 4627 714 4678 est
737 4616 997 4698 concupiscentiae
1021 4616 1212 4690 deformitas,
1238 4616 1295 4678 ltoc
1320 4633 1435 4679 rursum
1461 4616 1551 4691 aliud,
1577 4613 1648 4695 qnia

291 4703 414 4783 abjecta
436 4715 631 4782 concurmnt,
661 4706 788 4785 deniqne
813 4725 880 4768 emu
904 4707 970 4787 agit
993 4706 1030 4766 ad
1054 4714 1211 4784 peccatum
1240 4713 1273 4767 et
1296 4698 1484 4768 consummet
1517 4701 1648 4766 ethicam

292 4793 448 4855 malitiam.
494 4793 558 4857 Nec
580 4796 697 4857 coelum
720 4794 803 4858 illum
827 4795 942 4875 coegit,
972 4803 1006 4856 ut
1028 4794 1212 4867 vinceretur,
1236 4794 1295 4857 etsi
1319 4795 1476 4857 stimulata
1495 4809 1585 4855 carne
1609 4791 1647 4854 ad

257 4955 263 4961 ¹
294 4895 426 4961 pugnero
448 4881 533 4944 illum
555 4884 685 4947 vocavit.
711 4877 896 4963 'Exspectm
930 4892 1027 4945 utrum
1046 4883 1113 4962 jam
1137 4901 1251 4965 qnoque
1275 4884 1353 4946 velis
1375 4871 1569 4958 concludere,
1599 4895 1646 4944 ura
