3609 5634
568 1565 1070 1670 PROOEMIUM

172 2080 177 2085 ,
239 1963 345 2102 Quem
374 2010 404 2074 in
438 2013 613 2095 colligendis
642 2014 766 2097 Kepleri
798 2014 937 2097 operibus
970 2015 1097 2097 primurn
1129 2015 1159 2079 iu
1193 2015 1290 2079 lucem
1321 2014 1492 2079 vocavimus

139 2116 294 2192 libellum,
317 2126 366 2181 est
387 2119 438 2183 ille
461 2121 578 2204 quidem
601 2122 749 2203 ajnvene
772 2123 969 2204 conscriptus,
993 2124 1152 2204 multisque
1175 2122 1250 2185 locis
1273 2121 1361 2203 signa
1381 2122 1493 2203 ingenii

140 2224 280 2287 nondum
302 2225 486 2290 corroborati
508 2229 620 2291 refert:
652 2237 686 2292 at
707 2230 812 2292 eodem
835 2237 866 2292 et
888 2231 985 2306 illius,
1015 2250 1072 2314 quo
1095 2230 1281 2311 conscriptus
1304 2238 1365 2306 est,
1389 2229 1492 2305 seculi,

141 2340 181 2395 et
204 2333 336 2396 auctoris
358 2334 451 2416 ipsius
470 2334 580 2415 ingenii
597 2336 736 2418 vitaeque
751 2337 905 2400 acerrimis
923 2336 1166 2418 gravissimisque
1184 2336 1293 2400 studiis
1311 2337 1494 2399 exercitatae

142 2445 184 2500 et
204 2439 380 2503 nobilitatae
398 2441 586 2506 verissimam
602 2443 762 2524 imaginem
779 2444 927 2507 intuemur
941 2463 1124 2525 expressam,
1149 2445 1237 2526 quid?
1260 2444 1365 2506 eodem
1383 2443 1493 2518 libello,

144 2552 295 2627 tanquam
318 2568 337 2608 a
360 2547 455 2625 fonte,
478 2548 646 2630 posteriora
668 2569 761 2631 opera
782 2550 826 2613 ita
848 2558 919 2613 suut
942 2550 1092 2626 derivata,
1116 2559 1163 2621 ut,
1192 2570 1290 2632 aquo
1313 2550 1494 2613 edendorum

143 2651 275 2732 Kepleri
297 2672 417 2735 operum
441 2654 575 2718 ordinem
603 2656 800 2736 auspicemur,
830 2655 879 2719 hic
909 2656 974 2737 ipse
1002 2656 1122 2719 libellus
1149 2657 1286 2720 videatur
1308 2655 1492 2737 aptissimus.

146 2756 344 2840 Quantopere
367 2762 447 2825 enim
470 2781 552 2824 mens
575 2763 706 2826 humana
727 2764 924 2837 contenderit,
946 2772 989 2839 ut,
1013 2763 1119 2846 quibua
1138 2763 1303 2827 constricta
1325 2762 1493 2836 tenebatur,
1525 2752 1529 2761 ’

146 2866 272 2930 vincula
294 2868 453 2949 frangeret,
477 2889 581 2933 recens
603 2878 692 2950 parta
714 2877 847 2934 tueretur
870 2877 905 2934 et·
924 2880 1073 2947 servaret,
1094 2870 1187 2952 jactis
1209 2869 1410 2933 fundamentis
1434 2868 1496 2931 alia

149 2981 382 3053 superstrueret,
406 2981 479 3056 quot
493 2976 668 3060 quantisque
683 2996 754 3040 vero
768 2997 834 3045 cum
852 2978 1079 3042 difficultatibus
1100 2979 1192 3040 menti
1216 2977 1256 3040 ad
1277 2977 1402 3039 meliora
1423 2984 1494 3038 teu·

150 3079 238 3143 denti
260 3080 348 3143 fuerit
371 3082 615 3160 conflictandum,
644 3103 732 3166 quum
754 3085 847 3148 seculi
870 3084 979 3149 decimi
1000 3085 1079 3148 sexti
1101 3084 1273 3147 memoriam
1294 3082 1496 3147 recolentibus

151 3196 308 3269 appareat,
329 3196 394 3255 tum
417 3209 455 3252 ex
477 3191 602 3272 singulis
621 3191 710 3274 hujus
729 3192 822 3255 libelli
835 3191 965 3273 plagulis
984 3191 1092 3255 elucet
1128 3190 1347 3253 Dominabatur
1361 3190 1423 3254 fere
1437 3209 1496 3252 una

152 3295 183 3356 in
206 3295 317 3358 scholis
343 3297 534 3379 philosophia
554 3298 768 3374 Aristotelica,
796 3306 994 3380 perangusto,
1023 3297 1054 3361 in
1081 3316 1167 3380 quem
1195 3305 1398 3373 excurrerent,
1427 3296 1495 3360 aliia

150 3420 259 3483 campo
281 3421 441 3479 concesso;
471 3413 593 3487 praeter
614 3424 726 3487 paucos
748 3405 843 3483 virm,
873 3405 923 3486 qui
945 3424 999 3468 suo
1022 3405 1205 3468 confiderent
1226 3404 1359 3485 ingenio,
1390 3402 1496 3485 reliqui

150 3528 255 3572 omues
278 3512 368 3575 alieni
390 3521 478 3576 erant
500 3512 628 3576 arbitrii.
664 3513 699 3576 In
722 3513 945 3590 mathematica,
969 3512 1027 3576 nisi
1049 3512 1087 3575 ab
1110 3511 1234 3574 Euclide
1257 3519 1289 3573 et
1301 3510 1494 3586 Archimede,

151 3616 228 3680 nihil
241 3616 422 3699 suppetebat
435 3618 554 3694 aurilii3
573 3619 746 3698 algebraica
763 3619 841 3683 ratio
855 3638 962 3702 pamm
976 3619 1072 3682 adhuc
1092 3621 1175 3683 culta
1189 3636 1256 3682 raro
1271 3618 1301 3680 in
1315 3618 1497 3698 geometriae

151 3742 240 3786 usum
253 3724 500 3803 transferebatur,
524 3726 704 3806 logarithmi‚
729 3743 786 3806 qno
801 3743 860 3788 nou
874 3725 980 3789 melius
993 3724 1145 3787 inventum
1164 3730 1213 3787 est
1231 3723 1270 3786 ad
1290 3722 1497 3786 subducendos

154 3831 286 3894 calculos
299 3830 450 3908 auxilium,
473 3831 603 3894 nondum
618 3831 647 3893 in
661 3840 778 3912 promtu
795 3838 896 3907 erant3
921 3831 1104 3911 geometrica
1120 3830 1237 3893 ratione
1255 3847 1345 3910 aegre
1369 3849 1497 3912 quaere-

154 3937 277 4015 bantur,
309 3956 385 4020 qnae
407 3936 512 4002 lustris
535 3936 648 4020 aliquot
669 3946 740 4021 post
761 3938 812 4000 via
833 3937 1056 4017 compendiaria
1078 3937 1170 4000 oculis
1193 3944 1226 4000 st
1249 3936 1386 3998 manibus
1409 3944 1497 3998 tene·

156 4045 274 4108 bantur.
323 4044 358 4106 In
386 4045 570 4107 astronomia
596 4064 671 4107 uuus
698 4043 875 4107 laudabatur
902 4043 1110 4119 Ptolemaeus,
1142 4062 1196 4107 nec
1228 4042 1286 4104 nisi
1317 4043 1405 4123 pauci
1432 4062 1497 4105 cunr

156 4148 322 4233 Cupernico
338 4151 437 4213 lacere
450 4150 610 4215 audebant.
647 4149 842 4230 Astrologiae
857 4157 958 4212 autem
975 4148 1005 4213 iu
1024 4149 1201 4214 servitutem
1221 4148 1268 4211 ita
1290 4155 1410 4211 asserta
1432 4154 1499 4209 erat

156 4257 352 4332 astronomia,
379 4265 426 4334 ut,
456 4257 562 4340 quibus
583 4258 661 4321 huuc
684 4256 808 4320 docendi
831 4275 935 4319 munus
962 4256 1080 4339 publice
1106 4256 1279 4318 mandatum
1307 4261 1387 4330 erat,
1415 4254 1498 4317 illam

155 4368 328 4447 impugnare
351 4365 437 4429 nefas
461 4373 552 4429 esset.

247 4470 362 4544 Quibus
384 4472 422 4534 de
445 4471 543 4536 causis
566 4472 597 4535 in
618 4472 792 4552 disciplinis,
816 4490 890 4553 quas
910 4468 1047 4545 diximus,
1071 4468 1185 4554 siquid
1208 4466 1277 4528 novi
1300 4472 1384 4528 esset
1406 4484 1496 4528 exco-

156 4580 295 4661 gitatum,
319 4580 350 4642 id
372 4580 402 4643 in
425 4599 510 4643 anam
529 4586 722 4643 remvertere
737 4588 769 4640 et
783 4595 902 4658 angere,
927 4577 953 4638 si
977 4575 1047 4657 quid
1069 4582 1151 4636 esset
1172 4571 1323 4644 vitiosum,
1346 4571 1377 4634 id
1396 4591 1497 4637 emen-

156 4687 240 4764 dare,
263 4686 466 4751 difficillimum
489 4685 581 4748 fnisse
599 4685 700 4747 seculo
714 4683 793 4747 XVI
811 4683 938 4763 ingeniis
958 4683 997 4743 ad
1020 4680 1144 4743 meliora
1165 4678 1337 4753 nitentibus,
1362 4686 1497 4760 apparet.

157 4793 222 4857 Sed
243 4793 336 4856 habet
357 4812 441 4855 mens
463 4800 567 4855 nostra
585 4799 693 4854 natura
711 4791 835 4854 sublime
850 4790 989 4871 quiddam
1004 4798 1035 4850 et
1056 4796 1195 4860 erectum,
1220 4795 1253 4846 ut
1273 4785 1499 4848 difficultatibus

157 4900 286 4982 objectis
307 4918 366 4962 non
388 4898 550 4981 affligatur,
574 4898 629 4960 sed
651 4906 755 4962 corma
776 4897 890 4961 nitendi
914 4894 1071 4960 alacritate
1088 4893 1273 4968 incendatur,
1297 4897 1331 4954 ut
1353 4890 1500 4953 destituta

229 5002 429 5055 [nidmu-¹·
1276 4997 1287 5046 ¹
