3609 5634
292 359 338 431 18
579 414 588 437 .
886 360 1050 415 m

293 518 1681 590 muniminudeumtanmatmffutormmmpndndum

294 592 1293 730 tribulidmltmtlttlltlffidtm
1312 678 1392 728 .....
1406 664 1564 716 aaa...
1586 673 1682 722 ..aa

293 738 461 799 manuscripta
484 748 549 799 quae
575 735 724 798 inspeximus
750 735 880 793 abibam,
908 750 1057 801 quamquam
1078 736 1220 786 lianacbiur
1241 738 1268 786 in
1292 735 1371 796 ,Vita
1387 736 1510 801 Kepleri“
1543 729 1589 796 (p-
1612 727 1680 790 XV)
1794 730 1796 748 ⁴

294 816 411 874 spectans
438 805 499 856 illud
523 806 650 856 consilium
671 805 705 857 cd
726 805 772 856 bas
792 804 919 856 ldaeatlini
941 807 1026 858 literas
1047 806 1165 859 lectorem
1188 808 1297 875 ablegat·
1335 807 1415 868 Quale
1433 816 1525 858 auten
1553 802 1681 853 fuerit·

294 880 406 945 sequemi
423 877 526 942 Kepleri
543 878 700 941 responsione
717 884 823 941 apparet
840 875 878 943 (p.
897 875 955 939 bl).

201 976 207 993 ·
364 949 521 1006 Maestlinua.
539 948 670 1013 paneade
689 963 778 1013 ,opere
797 950 933 1016 ugente&
952 964 1055 1001 mouens
1073 949 1140 1013 (vide
1157 947 1234 1012 inira)
1252 951 1347 1016 pergit:
1370 949 1493 1013 'tychonis
1515 948 1621 997 uteru
1642 942 1682 994 ad

295 1031 321 1073 ιο
333 1022 441 1074 nondum
452 1020 560 1085 perlatas
573 1035 628 1071 οοιο
646 1021 758 1086 equidem
779 1022 860 1071 miror.
889 1022 980 1072 Earum
992 1037 1051 1088 ergo
1064 1023 1147 1086 copiae
1164 1024 1209 1072 tibi
1221 1024 1302 1079 mitto,
1320 1023 1379 1086 quin
1396 1027 1424 1071 οι
1440 1028 1545 1085 partem
1568 1030 1678 1071 emm.

295 1109 361 1161 quae
379 1094 411 1144 cd
428 1092 563 1143 medates
580 1098 723 1142 mutu..
760 1092 837 1143 Totus
854 1093 968 1143 innaret
992 1107 1053 1144 mae
1075 1092 1217 1158 hypothesi.
1243 1108 1319 1158 quam
1340 1093 1461 1143 mordicus
1483 1097 1576 1142 tenet.
1621 1087 1679 1138 Sed

296 1167 405 1218 rationes
424 1165 484 1213 dicit
501 1179 528 1214 ce
546 1165 571 1213 in
588 1166 638 1214 tuis
656 1164 732 1213 literis
750 1164 784 1214 cd
801 1172 827 1214 ιο
845 1165 910 1215 datis
929 1166 1077 1229 exposuisse
1116 1164 1239 1230 Sperabat
1256 1180 1315 1230 ergo
1333 1166 1441 1216 omniuo.
1459 1179 1499 1214 me
1519 1159 1695 1226 aliquando,

297 1254 381 1289 earum
400 1237 484 1300 copias
502 1249 519 1285 a
536 1243 562 1284 te
580 1242 746 1300 accepturum
775 1235 804 1286 ln
822 1236 872 1286 fine
891 1236 969 1293 addit,
987 1237 1046 1300 quic
1062 1237 1206 1286 tabularius
1225 1234 1271 1287 dc.
1290 1235 1358 1298 (ride
1375 1236 1557 1300 postseripuarn
1576 1232 1677 1282 litera·

296 1325 350 1361 rum
368 1307 491 1371 Tyelronis
509 1322 533 1371 p.
552 1304 607 1369 tt).
644 1307 673 1356 ld
690 1308 766 1372 igitur
781 1308 830 1356 niti
847 1308 941 1357 lactum
958 1308 1058 1365 laium,
1081 1307 1264 1365 animarem,
1290 1308 1355 1372 quod
1379 1322 1425 1357 eae
1450 1308 1557 1372 paim
1587 1306 1676 1354 inter·

297 1382 421 1435 cidiscent.
456 1377 627 1429 Memorabilia
644 1385 729 1428 auum
747 1387 818 1431 sunt.
837 1392 901 1443 qnae
919 1378 951 1429 de
968 1394 1013 1428 cuo
1031 1379 1158 1443 eclipsium
1176 1379 1271 1429 calculo
1288 1380 1374 1429 smibit
1391 1377 1435 1429 do.

368 1451 398 1501 ln
415 1451 492 1511 literis
509 1465 565 1500 vero
583 1449 616 1499 ud
634 1455 660 1500 ιο
678 1450 743 1500 dau'r
760 1449 836 1503 rides.
855 1449 1008 1516 quodnolrir
1026 1450 1057 1500 de
1076 1452 1170 1501 uitato
1180 1450 1302 1501 Ιιοοιοοιιι
1314 1450 1464 1503 οοιοοοοπιίο
1481 1452 1521 1500 vix
1541 1447 1674 1498 umbram

297 1524 425 1589 relinquit,
443 1528 472 1571 ut
489 1521 619 1571 dicendam
637 1536 712 1586 prope
729 1521 800 1571 noble
817 1523 864 1578 cit,
883 1522 953 1571 uobis
970 1521 1031 1571 nihil
1049 1522 1081 1572 de
1099 1536 1131 1572 ea
1147 1530 1276 1579 comare,
1295 1536 1369 1587 φοοω
1386 1524 1486 1572 unicum
1504 1522 1576 1577 lroc,
1599 1516 1674 1583 qnod

297 1596 323 1645 in
341 1591 578 1645 acumemieirnibil
589 1594 704 1643 scimur.
732 1592 825 1643 Verum
842 1599 899 1643 utut
916 1596 956 1652 cit,
975 1593 1142 1658 Ceperniceae
1160 1594 1306 1657 hypotheses
1324 1594 1384 1644 milri
1401 1608 1445 1656 per
1462 1593 1550 1643 omnia
1570 1591 1674 1639 melius

299 1665 416 1720 arrident,
434 1678 481 1714 nec
500 1664 591 1719 dubito,
608 1665 675 1729 quin,
693 1666 714 1714 ai
732 1679 779 1715 rna
796 1665 928 1714 ratiocinia
945 1664 978 1715 cd
996 1679 1040 1715 eus
1058 1666 1173 1723 referret,
1192 1678 1224 1715 ea
1241 1665 1275 1714 ibi
1291 1666 1369 1715 multo
1388 1664 1543 1729 expeditiora
1564 1668 1670 1711 eseeat.

297 1738 361 1788 Puto
380 1743 478 1789 οοιοω.
502 1735 708 1799 quemadmodum
725 1751 756 1786 ex
773 1735 878 1800 epistola
894 1737 971 1799 ipsius
989 1736 1021 1786 cd
1040 1736 1176 1787 Peneerum
1203 1737 1265 1786 data
1281 1732 1334 1796 ¹⁸),
1359 1736 1461 1802 colligo,
1484 1735 1570 1785 solnm
1593 1731 1671 1791 illud,

298 1809 363 1875 quod
381 1808 459 1858 Terra
475 1807 501 1855 in
518 1807 595 1856 meris
613 1807 689 1857 literis
707 1808 810 1857 immota
827 1806 876 1856 dici
887 1807 990 1867 ridetur,
1009 1810 1089 1871 ipsum
1100 1809 1127 1857 in
1139 1821 1195 1857 eam
1207 1809 1357 1858 romanam
1369 1807 1521 1872 deportans,
1543 1806 1591 1856 eui
1606 1818 1669 1855 cum

296 1884 350 1944 jam
366 1879 450 1929 omma
467 1880 672 1941 superexstrnxit,
690 1879 828 1931 valedicere
846 1893 895 1928 uon
913 1886 1003 1943 potest,
1021 1880 1080 1944 quic
1101 1880 1127 1930 id
1150 1893 1269 1945 magnum
1286 1881 1312 1930 in
1329 1894 1406 1944 reguo
1424 1893 1469 1927 suo
1486 1876 1668 1928 astronomica

299 1953 460 2001 mutationem
477 1956 583 2013 pareret-
615 1949 718 2000 Utinam
736 1964 792 1999 reru
811 1950 847 2023 de⁸
860 1956 907 2000 tua
923 1951 1053 2000 harmonia
1070 1966 1101 2001 ex
1119 1948 1135 1999 ὅ
1155 1951 1295 2015 corporibus
1312 1951 1464 2016 regularibus
1482 1956 1569 1998 sumta
1590 1947 1669 1997 initio

298 2023 386 2073 tentet
402 2023 517 2071 monitus.
554 2020 648 2072 Verum
664 2022 781 2087 quomam
798 2022 922 2088 intelligo,
942 2023 1021 2087 ipsum
1038 2031 1162 2074 maturam
1180 2022 1384 2087 publicationem,
1403 2035 1494 2087 magno
1512 2034 1574 2072 cum
1595 2019 1668 2070 deti·

299 2094 367 2145 derio
385 2108 441 2143 eam
460 2108 491 2142 ex
523 2099 571 2142 oto.

370 2164 436 2215 Hine
454 2107 594 2214 adpinum
611 2164 702 2214 ιηοοίι
719 2161 867 2215 ΜοοοιΙὶοοο
885 2172 912 2215 οι
930 2165 963 2215 ad
982 2164 1174 2229 chronologica,
1200 2172 1227 2216 et
1250 2167 1286 2215 sic
1304 2164 1442 2215 concludit:
1471 2163 1535 2214 Vale
1555 2163 1668 2227 optime.

300 2236 369 2288 Deus
387 2242 413 2286 ιο
430 2243 534 2300 tuosque
552 2243 680 2286 conservet
697 2237 900 2293 demenuseirne,
916 2237 956 2286 'ut
976 2238 1054 2301 possis
1072 2251 1173 2287 munere
1190 2244 1233 2286 tuo
1251 2238 1342 2301 optime
1365 2237 1492 2302 perfungi,
1517 2242 1545 2285 et
1561 2234 1630 2284 illud
1649 2247 1668 2283 a
1705 2278 1708 2287 .

301 2307 356 2358 Dec
373 2308 419 2357 tibi
437 2321 580 2357 concessum
598 2307 720 2357 tuleutm
738 2308 764 2356 in
786 2322 858 2357 usum
879 2307 913 2358 ad
935 2308 1039 2373 gloriam
1057 2307 1105 2357 Dei
1129 2310 1220 2372 optime
1242 2308 1371 2359 collocare.
1409 2307 1537 2373 Tubiugae
1566 2305 1667 2371 partim

304 2378 333 2429 il
355 2377 416 2441 (21)
434 2379 525 2442 partim
541 2378 700 2428 illucescente
717 2379 859 2442 propediem
879 2376 914 2426 12
933 2376 993 2441 (22)
1011 2378 1070 2429 Jan.
1090 2376 1167 2430 1599.

372 2449 530 2515 Koplerua
548 2450 573 2499 in
591 2449 668 2500 literis
686 2449 719 2499 td
735 2449 939 2500 Maestlinum
956 2450 1021 2509 datis
1040 2446 1077 2512 (d.
1097 2446 1152 2513 Ὗ..
1167 2451 1238 2501 Febr.
1253 2445 1344 2512 1699),
1362 2450 1426 2503 haec
1444 2449 1475 2500 de
1492 2448 1664 2500 Prodrono

306 2530 333 2573 et
349 2522 494 2587 Tychoue
513 2518 798 2585 (respiciens'l'ychonis
816 2523 901 2573 literae
919 2519 1079 2587 praemissus)
1097 2524 1201 2586 proteat,
1227 2536 1298 2573 ruam
1316 2530 1343 2573 οι
1361 2521 1488 2586 coponio
1506 2521 1666 2572 sentmim

305 2594 406 2645 tirmiter
423 2601 512 2645 tenens
530 2600 557 2644 et
574 2593 726 2645 detondens:

900 2735 935 2800 S.
958 2737 994 2798 P.
1017 2736 1056 2798 D.

395 2843 458 2905 Vix
480 2856 654 2925 acceperam
678 2843 726 2906 die
750 2837 781 2905 3.
812 2838 849 2904 13
872 2842 1028 2905 Februarii
1051 2851 1121 2904 tuas
1145 2840 1258 2914 literas,
1283 2859 1349 2903 cum
1372 2860 1441 2903 ecce
1464 2841 1513 2902 vel
1536 2840 1663 2901 tandem

308 2933 456 3018 Tychouis
488 2934 580 2995 etiam
610 2932 770 3013 epistolam
802 2931 850 2993 die
879 2930 911 2995 8.
944 2930 983 2996 18
1011 2930 1107 3011 ejusd.
1135 2929 1315 3010 Witebergd
1346 2931 1417 2992 mihi
1454 2929 1661 3001 advolantem,

308 3022 427 3087 Strutbi
449 3022 506 3083 alis
536 3021 651 3103 opinor.
697 3019 777 3092 Quid
805 3020 848 3082 illi
878 3020 1081 3102 responderim
1111 3020 1245 3099 (quaudo
1272 3027 1303 3080 te
1331 3019 1362 3081 id
1390 3028 1530 3100 satagere
1553 3018 1662 3090 video)

307 3132 346 3175 ex
369 3111 488 3191 adjecto
512 3109 674 3190 exemplari
698 3128 871 3189 cognosces.
918 3110 1020 3172 Velim
1048 3118 1148 3172 autem
1176 3108 1349 3183 existimes,
1384 3128 1456 3170 vera
1484 3126 1533 3169 rue
1560 3118 1592 3169 et
1624 3123 1664 3167 ex

308 3202 406 3265 auimo
435 3200 535 3262 omnia
564 3198 722 3278 scripsisse
730 3219 739 3272 ;
772 3199 842 3279 quia
874 3198 987 3262 veritas
1015 3219 1048 3260 se
1076 3200 1142 3280 ipsa
1170 3208 1220 3259 sat
1248 3206 1314 3259 tuta
1337 3206 1394 3260 est.
1441 3195 1530 3269 Quod
1558 3206 1662 3258 autem

308 3288 511 3352 vehementior
542 3287 572 3349 in
604 3288 700 3367 ipsum
732 3287 841 3350 Ursum
868 3307 928 3350 non
956 3308 1034 3363 sum,
1072 3288 1181 3366 partim
1210 3287 1323 3367 pudore
1350 3288 1399 3362 fit,
1429 3287 1539 3367 partim
1566 3295 1659 3348 metu.

310 3379 407 3451 Quem
429 3377 521 3453 enim,
552 3376 628 3457 proh
651 3377 748 3451 dolor,
776 3383 935 3457 tantopere
958 3377 1092 3452 laudavi,
1126 3395 1184 3439 non
1207 3394 1329 3456 possum
1352 3378 1417 3438 sine
1440 3376 1661 3438 inconstantiae

309 3454 437 3532 macula*
451 3466 514 3546 jam
537 3465 642 3527 statim
669 3464 839 3544 turpissime
870 3466 1038 3529 traducere.
1085 3462 1173 3536 Quod
1202 3465 1229 3527 si
1255 3466 1415 3546 epistolam
1443 3466 1535 3527 etiam
1561 3482 1661 3526 meam

310 3558 412 3640 Tycho
436 3556 516 3636 typis
538 3555 681 3617 mandare
704 3554 795 3616 velit:
824 3556 983 3618 verendum
1007 3555 1128 3629 fuisset,
1154 3575 1190 3616 ne
1214 3554 1243 3616 in
1266 3556 1409 3635 majorem
1433 3574 1530 3617 meam
1553 3563 1662 3616 contu·

311 3647 430 3710 meliam
453 3644 548 3707 Ursus
571 3644 649 3705 alias
672 3642 764 3705 etiam
787 3662 871 3706 meas
893 3645 1073 3725 publicaret,
1103 3653 1136 3706 et
1162 3662 1221 3724 qua
1247 3654 1335 3723 parte
1360 3644 1557 3706 modestiores
1579 3651 1659 3719 sunt,

311 3735 513 3808 adulteraret,
547 3741 600 3796 aut
631 3732 693 3795 alia
720 3732 771 3794 ria
792 3734 864 3794 mibi
886 3734 1086 3797 insidiaretur.
1131 3733 1225 3795 Porro
1247 3734 1321 3796 illud
1343 3743 1374 3796 te
1403 3734 1480 3796 scire
1507 3735 1593 3805 volo,
1623 3750 1662 3794 err

312 3822 497 3887 sermonibus
519 3821 671 3883 tabellarii
694 3840 740 3883 me
763 3821 963 3897 intellexisse,
987 3824 1158 3906 Tychonern
1182 3822 1333 3903 (quamvis
1356 3842 1462 3885 nomen
1485 3823 1550 3903 ejus
1572 3824 1661 3903 igno·

312 3911 438 3983 raverit)
457 3911 521 3989 jam
545 3910 739 3989 Witebergae
762 3929 841 3974 esse.

401 3999 480 4061 lllira
502 4000 622 4060 fortuna
643 4000 702 4061 mei
724 4000 862 4082 Mysterii
886 3998 1142 4080 Ccsmograpbici.
1187 3999 1274 4063 Nihil
1300 3998 1415 4079 accipio
1442 4018 1497 4081 pro
1520 4018 1662 4079 compen-

313 4090 440 4163 satione,
464 4095 496 4149 et
512 4087 576 4167 jam
599 4088 767 4168 desperavi.
804 4089 838 4150 ln
857 4089 987 4151 comitiis
1006 4086 1086 4151 hisce
1108 4087 1284 4169 praeteritis
1306 4089 1379 4151 mihi
1400 4090 1561 4169 petendum
1584 4089 1661 4152 iuis-

315 4188 379 4241 set:
412 4175 470 4239 nisi
492 4195 602 4257 magna
624 4196 690 4238 cum
714 4177 915 4240 sollicitudine
944 4196 998 4258 pro
1027 4197 1062 4240 eo
1088 4179 1189 4259 potius
1216 4178 1289 4241 mihi
1317 4178 1511 4242 laborandum
1539 4179 1598 4255 sit,
1628 4188 1663 4241 nt

315 4267 456 4330 salarium
478 4266 633 4328 retineam.
681 4263 782 4337 Quare
807 4286 872 4329 curn
895 4267 1007 4329 diutius
1029 4274 1061 4328 te
1084 4268 1265 4347 suspendere
1289 4287 1447 4348 nequeam,
1473 4288 1546 4350 rogo
1568 4269 1662 4331 vehe-

315 4366 444 4429 menter,
466 4373 521 4435 pro
543 4355 680 4418 maximis
704 4363 737 4417 et
757 4356 929 4419 multifariis
953 4355 1013 4417 tuis
1036 4355 1188 4428 laboribus
1212 4357 1269 4418 hoc
1293 4357 1431 4437 exiguum
1459 4358 1662 4421 munusculum

316 4464 411 4527 aequo
433 4444 541 4519 animo,
565 4445 653 4507 rebus
676 4444 720 4507 sic
743 4445 902 4521 stantibus,
926 4443 1066 4525 accipias.
1105 4445 1248 4509 Poculum
1266 4454 1314 4509 est
1333 4446 1510 4509 deauratum
1524 4447 1659 4527 undique,

315 4535 445 4618 pondere
472 4530 511 4595 to
533 4531 609 4595 Lott
630 4541 663 4595 et
683 4533 772 4613 paulo
796 4533 933 4613 amplius.
979 4533 1014 4594 ld
1037 4534 1109 4596 mihi
1130 4553 1185 4614 pro
1208 4536 1324 4617 aliquot
1346 4536 1557 4599 nativitatibus
1579 4536 1662 4598 dedit

316 4625 353 4700 is,
378 4623 460 4705 cujus
482 4622 512 4685 in
536 4622 722 4685 dedicatione
746 4640 853 4683 nomen
877 4640 1050 4702 expressum
1083 4632 1131 4686 est
1153 4624 1412 4699 (Heberstenius).
1463 4624 1661 4688 Decreveram

317 4713 487 4795 operculum
507 4729 665 4793 procurare
687 4712 819 4792 pondere
842 4705 949 4787 blott,
974 4720 1007 4773 ut
1030 4721 1112 4775 esset
1133 4712 1261 4793 pretium
1282 4714 1380 4795 poculi
1400 4712 1499 4791 2011,
1524 4715 1579 4776 sed
1595 4734 1660 4777 mu-

318 4810 384 4865 tato
407 4801 546 4877 oonsilio,
570 4820 636 4864 cum
659 4801 750 4864 etiam
773 4808 907 4882 tempore
929 4802 1116 4877 excluderer,
1147 4802 1238 4864 malm
1260 4803 1389 4883 pretium
1412 4805 1510 4884 ipsum
1532 4804 1660 4880 mittere,

317 4899 353 4960 ut
374 4889 529 4958 arbitrium
551 4891 639 4979 hujus
661 4889 705 4953 rei
727 4899 810 4953 tuum
831 4890 925 4972 ipsius
947 4899 1039 4954 esset
1074 4890 1217 4973 Accipies
1239 4892 1332 4976 igitur
1354 4894 1434 4957 ultre
1456 4890 1661 4960 tiFerdinau·
