3609 5634
734 360 899 415 Pam
1455 359 1498 430 ts

108 514 196 575 dicos
221 534 349 591 novos,
376 521 425 583 uti
444 540 496 583 eos
518 520 590 582 mihi
612 538 738 602 praeses
760 520 980 591 ordinariorum
1004 521 1069 600 (qni
1092 521 1121 582 in
1141 521 1330 583 dedicatione
1352 522 1499 586 nominati

108 606 198 676 sunt)
226 606 342 671 frater
368 611 449 673 illius
463 609 614 688 capitanei
632 609 737 671 itidem
755 628 810 690 pro
825 609 939 690 aliquot
953 611 1164 671 nativitatibus
1179 610 1256 671 dono
1271 610 1364 672 dedit.
1397 611 1499 673 Nolim

108 699 224 755 autem.
243 705 392 773 metuas,
417 706 452 761 ut
472 698 569 760 minus
593 698 677 760 dives
701 716 758 778 ego
781 699 860 760 fiam.
898 700 977 760 Nam
992 699 1161 779 hujusmodi
1175 697 1302 780 aucupia
1325 719 1395 761 rara
1417 709 1497 765 sunt.

108 779 286 861 Quamvis,
316 787 351 850 si
363 787 447 850 Deus
463 787 584 850 cuilibet
599 788 720 850 animali
738 788 822 852 dedit
838 787 1040 851 instmmenta
1059 788 1139 850 vitae
1164 789 1396 865 conservandae,
1422 809 1498 871 quae

107 872 231 934 invidia
259 883 332 948 est,
359 878 386 939 si
409 877 513 939 eodem
534 878 660 940 consilio
685 886 856 940 astronomo
880 878 1017 958 adjungit
1039 878 1256 958 astrologiam?
1292 878 1373 941 Illud
1396 879 1498 960 itaque

105 961 264 1042 poculum
292 963 470 1046 Schilliugo
493 975 596 1027 nostro
619 967 786 1048 propinavi,
810 967 855 1029 uti
879 968 945 1051 loco
968 975 1020 1030 tuo
1044 968 1254 1048 responderet,
1278 986 1442 1050 precorque
1465 975 1499 1031 ut
1534 996 1537 1007 .

108 1071 209 1113 sanus
237 1061 277 1115 et
303 1065 437 1134 vegetus
460 1063 494 1117 et
516 1056 580 1135 ipse
603 1057 795 1137 respondeas.

208 1140 284 1207 Sed
313 1145 357 1207 ad
381 1145 513 1207 libellum
535 1164 633 1207 meum
656 1146 754 1208 redeo.
801 1144 897 1208 Estne
921 1144 1071 1206 sufficiens
1101 1144 1157 1207 hoc
1181 1164 1219 1206 ex
1241 1144 1417 1207 infelicitate
1441 1145 1497 1207 de-

109 1229 246 1294 ductum
263 1242 493 1314 argumentum,
517 1235 674 1297 materiam
689 1234 798 1307 falsam
813 1233 906 1299 esse?
937 1233 987 1307 An
1006 1253 1121 1314 poenas
1144 1235 1193 1297 luo
1213 1233 1355 1312 juvenilis
1372 1234 1497 1297 temeri·

109 1319 191 1382 tatis
217 1330 257 1384 et
284 1325 454 1387 affectatae
486 1324 635 1403 pompae?
680 1324 830 1405 Tychonis
859 1332 941 1386 certe
968 1324 1101 1385 rationes
1132 1343 1179 1385 me
1212 1323 1285 1385 nihil
1315 1332 1437 1385 movent
1463 1332 1498 1386 ιιι

111 1408 274 1474 dubitem.
320 1413 402 1476 Nam
422 1412 480 1474 etsi
503 1412 622 1475 vitiosis
646 1413 839 1475 abscessuum
861 1412 1104 1493 proportionibus
1128 1410 1327 1494 eCopernico
1351 1413 1497 1476 desnmtis

112 1499 164 1571 (ut
202 1520 246 1562 ex
287 1503 360 1583 ipso
392 1501 545 1582 intelligo)
576 1502 840 1582 superaedificavi:
882 1502 988 1563 vitium
1020 1509 1121 1564 tamen
1154 1502 1235 1565 inest
1263 1501 1497 1583 particularibus

111 1588 273 1666 motibus,
305 1592 356 1671 qui
371 1590 509 1671 exiguam
523 1591 653 1653 inferunt
666 1591 854 1653 varietatem.
888 1590 1025 1652 Veniant
1046 1591 1076 1652 in
1100 1592 1195 1654 lucem
1218 1591 1285 1671 ejus
1307 1591 1497 1655 narrationes

105 1679 310 1755 .coelestes;
338 1679 498 1742 videbitur.
542 1680 649 1742 Placet
672 1680 797 1762 optime,
821 1679 1042 1761 deprehendere
1066 1678 1165 1761 ipsum
1188 1681 1389 1757 observando,
1419 1681 1498 1762 quod

118 1784 177 1848 ego
202 1769 429 1833 ratiocinando
452 1769 645 1850 collegeram,
678 1777 827 1850 praeter
854 1768 1048 1832 circuitum
1079 1771 1178 1833 circa
1204 1770 1353 1833 eundern
1376 1768 1498 1832 Solem

119 1856 223 1920 nihil
251 1859 338 1921 iere
366 1858 532 1938 pluribus
558 1859 722 1938 planetis
750 1877 930 1922 commune
957 1877 1038 1920 esse
1062 1859 1202 1921 debere.
1250 1859 1356 1939 ltaque
1379 1878 1497 1921 rursum

120 1946 252 2025 gestio:
290 1948 373 2011 Veni
397 1947 498 2029 Tycha
526 1957 558 2010 et
580 1938 641 2010 noli
664 1950 796 2012 tardare.
843 1948 999 2028 Deponam
1022 1955 1123 2009 antem
1146 1947 1226 2028 apud
1248 1957 1279 2011 te
1302 1967 1399 2010 meam
1424 1966 1495 2029 spe-

121 2036 334 2115 culationem,
359 2046 393 2100 ut
410 2038 506 2118 judex
528 2039 581 2110 sis,
605 2058 642 2099 an
667 2038 827 2101 conveniat
850 2056 916 2100 curn
931 2037 1081 2119 Tychone,
1106 2036 1133 2099 si
1155 2038 1182 2099 is
1204 2037 1341 2113 prodeat.
1377 2035 1498 2118 Jupiter

121 2124 223 2188 debet
249 2127 368 2189 habere
391 2127 629 2189 mediocritatem
652 2127 683 2189 in
706 2128 822 2189 duabus
845 2134 944 2189 motus
972 2126 1164 2207 particularis
1193 2126 1406 2208 qualitatibus,
1435 2124 1497 2189 Sa·
1590 2126 1597 2141 '

124 2222 240 2278 turnus
268 2235 427 2278 excessum
449 2216 481 2278 iu
503 2236 572 2292 una,
597 2217 747 2278 deiectum
769 2218 798 2279 in
823 2216 933 2290 altera,
957 2215 1043 2277 Mars
1066 2215 1205 2297 opposito
1229 2217 1317 2279 modo
1341 2234 1499 2278 excessum

125 2304 177 2365 vel
205 2305 389 2380 defectum3
412 2312 476 2367 tres
499 2304 667 2387 superiores
691 2305 801 2368 debent
824 2305 883 2367 alio
906 2305 936 2366 in
960 2323 1069 2385 genere
1089 2304 1245 2385 qualitatis
1260 2304 1384 2381 versari,
1409 2323 1498 2386 quam

126 2393 188 2455 duo
214 2394 391 2459 inferiores.
437 2395 542 2456 Venus
566 2394 656 2456 debet
683 2394 712 2456 in
741 2396 803 2457 suis
830 2403 929 2457 motus
960 2394 1158 2475 qualitatibus
1186 2413 1254 2457 esse
1284 2393 1424 2476 opposita
1445 2393 1497 2457 uni

126 2480 304 2558 Mercurio,
327 2493 362 2546 ιιι
374 2483 494 2564 Jupiter
507 2482 641 2546 Saturno
659 2492 691 2551 et
703 2484 797 2546 Marti
820 2484 918 2547 simul.
950 2482 1020 2544 Jam
1038 2500 1114 2562 quae
1138 2483 1175 2544 de
1198 2483 1392 2564 ampliatione
1414 2482 1498 2547 orbis

128 2573 226 2635 annui
251 2573 336 2648 dicit,
361 2580 478 2634 tanturn
501 2571 599 2646 abest,
624 2581 657 2634 ut
679 2592 727 2634 me
750 2574 924 2635 absterreat
939 2591 959 2633 a
973 2571 1141 2652 Cepernico
1165 2574 1229 2644 (vel
1243 2572 1336 2633 etiam
1350 2569 1404 2635 ab
1427 2589 1496 2633 cor-

129 2662 291 2740 poribus),
315 2669 350 2725 ut
368 2662 469 2742 potins
483 2681 537 2724 suo
552 2662 648 2742 ipsum
663 2662 833 2744 Tychonem
855 2661 957 2742 gladio
981 2660 1069 2723 ferire
1092 2660 1229 2723 mediter.
1263 2658 1363 2741 Quid?
1387 2679 1497 2741 ergone

132 2759 186 2811 tot
210 2751 393 2814 monstrosis
417 2750 547 2813 motibus
570 2758 637 2813 tota
659 2751 753 2813 moles
777 2751 796 2815 5
814 2750 1005 2832 planetarum
1022 2770 1082 2812 nna
1099 2768 1165 2812 cum
1179 2749 1261 2827 Sole,
1285 2759 1388 2813 centro
1411 2750 1496 2831 ipso-

134 2857 222 2916 rum,
260 2839 411 2905 volvitur?
457 2838 578 2910 Quanto
607 2840 725 2902 facilins
752 2840 834 2909 credi
860 2847 964 2920 potest
988 2837 1172 2919 Copernico‚
1206 2839 1299 2901 solius
1331 2839 1362 2901 id
1386 2839 1497 2901 Terrae

132 2936 221 2991 motu
255 2930 338 2992 fieri:
372 2948 438 2991 cum
470 2930 560 2991 iidem
592 2928 729 3009 utrinque
757 2930 818 2991 sint
845 2931 979 2992 effectus.
1026 2927 1088 2993 Sed
1112 2929 1182 3009 quid
1210 2927 1369 3008 egotibi?
1415 2925 1497 2999 Quid

135 3016 299 3100 Tychoni‘?
344 3018 476 3080 Dubinm'
498 3038 556 3081 non
589 3026 654 3095 est,
688 3018 757 3099 quin
785 3019 849 3099 ipse
881 3019 938 3080 hoc
967 3017 1129 3097 intelligat.
1175 3016 1296 3097 Ergone
1320 3017 1417 3078 solum
1440 3017 1496 3078 has

135 3108 276 3171 rationes
293 3108 395 3181 habet,
419 3127 494 3188 quas
509 3094 676 3187 Cepernico
691 3108 847 3188 opponat?
878 3110 929 3169 An
952 3106 1050 3187 major
1073 3106 1119 3168 his
1140 3106 1307 3170 rationibus
1324 3106 1372 3168 vis
1394 3104 1495 3181 inerit,

136 3196 189 3258 ubi
213 3199 245 3259 in
268 3196 470 3260 fundamentis
493 3197 554 3259 suis
579 3205 611 3259 et
632 3197 815 3259 sufficienter
827 3196 1121 3260 considerabuntur?
1153 3196 1188 3258 ld
1203 3196 1304 3276 ntique
1318 3194 1495 3258 videbimus.

138 3283 233 3348 Certe
257 3288 335 3368 qnod
359 3287 447 3364 dicit,
471 3306 505 3348 se
528 3287 558 3348 in
581 3286 667 3348 meis·
680 3285 777 3348 literis
800 3287 934 3349 rationes
958 3286 1093 3359 dedisse,
1118 3286 1229 3348 nullam
1251 3284 1376 3366 reperio·
1391 3291 1497 3347 contra

138 3384 252 3438 motum
277 3376 401 3451 Terrae,
432 3394 521 3457 quam
549 3375 718 3437 absolutam
746 3377 937 3456 negationem
966 3384 997 3438 et
1025 3375 1131 3438 deinde
1159 3374 1316 3457 physicam
1338 3374 1494 3448 rationem,

140 3482 231 3544 quam
252 3475 286 3528 tu
309 3464 491 3528 sufficienter
513 3464 664 3528 refutasti.
701 3465 779 3529 lllnd
802 3465 879 3528 forte
903 3466 963 3527 vim
983 3464 1113 3545 aliquam
1131 3464 1265 3526 obtinere
1284 3462 1392 3543 possit,
1418 3464 1496 3544 quod

141 3564 261 3618 auctam
284 3574 351 3616 esse
373 3550 484 3616 Martis
507 3553 761 3617 eccentricitatem
786 3554 993 3635 deprehendit.
1040 3552 1098 3615 Cui
1121 3553 1231 3616 rationi
1259 3552 1317 3614 duo
1341 3552 1416 3614 haec
1439 3552 1496 3614 ob·

137 3641 220 3721 jicio.
266 3643 399 3705 Primum
422 3650 541 3704 veteres
564 3641 821 3705 eccentricitatem
844 3644 954 3706 Martis
977 3661 1013 3704 eo
1037 3642 1125 3704 modo
1148 3642 1385 3721 investigarunt,
1410 3660 1497 3722 quem

139 3730 205 3811 ipse
229 3731 458 3795 insufficientem
481 3732 565 3794 dicit.
610 3730 738 3793 Dubites
760 3732 867 3812 igitur,
897 3753 936 3793 an
959 3731 1064 3794 vitium
1092 3732 1122 3792 in
1151 3731 1247 3793 veteri
1270 3730 1496 3792 eccentricitate

142 3819 238 3885 insit?
270 3821 386 3883 Deinde
402 3819 585 3903 Copernicus
604 3819 734 3901 drepana,
757 3840 815 3883 non
838 3819 949 3901 ἀφηλια
972 3820 1166 3902 computavit,
1191 3820 1241 3883 ille
1262 3822 1392 3882 fortasse
1413 3838 1496 3881 com-

142 3911 261 3990 putabit
274 3910 393 3989 dqqha.
427 3910 558 3973 Videtur
576 3912 654 3973 euim
672 3911 775 3990 vigore
793 3910 1004 3993 hypothesium
1026 3928 1148 3971 suarum
1170 3909 1226 3971 hoc
1250 3910 1349 3971 facere
1375 3909 1495 3970 debere.
1552 3916 1558 3939 ¹

145 3999 244 4064 Valde
266 4000 345 4062 enim
367 3999 527 4062 absurdum
549 4007 641 4076 esset,
665 4000 691 4061 si
713 4007 856 4079 punctum
879 3999 1001 4080 aliquod
1023 3998 1053 4060 in
1076 3997 1186 4061 vicinia
1208 3996 1289 4060 Solis
1311 3998 1367 4077 pro
1391 4004 1496 4060 centro

145 4086 164 4152 5
188 4089 375 4170 planetarum
399 4097 576 4152 assumeret.
622 4089 711 4151 Adde
735 4098 766 4150 et
789 4088 875 4160 illud,
899 4089 978 4169 quod
1002 4096 1115 4150 certum
1138 4088 1256 4150 omnino
1280 4086 1335 4161 sit,
1360 4097 1496 4148 centrum

146 4175 303 4247 torrium
326 4179 384 4259 ipsi
412 4198 470 4241 uon
499 4178 666 4260 aequaliter
694 4176 774 4240 circa
796 4178 920 4241 Terram
947 4178 1004 4252 ire,
1038 4196 1105 4239 cum
1133 4175 1292 4257 aliquando
1321 4175 1497 4256 ampliorem

144 4268 296 4349 periodum
318 4268 417 4331 facere
441 4267 567 4341 debeat,
592 4266 751 4348 aliquando
775 4267 988 4347 angustiorem.
1034 4265 1071 4329 Id
1093 4266 1172 4328 enim
1194 4282 1318 4326 necesse
1341 4272 1391 4326 est
1413 4264 1497 4326 illum

146 4366 276 4420 statuere
304 4357 343 4419 ad
366 4357 449 4420 illam
473 4356 671 4419 differentiam
701 4351 739 4417 1⁰
757 4351 813 4418 451
836 4356 866 4418 in
889 4356 989 4418 Marte
1011 4354 1241 4434 producendam.
1288 4354 1394 4433 ltaque
1417 4370 1495 4413 nou·

147 4447 213 4510 dum
236 4467 284 4510 me
311 4455 412 4508 movet
434 4448 509 4508 haec
532 4446 620 4508 ratio.
668 4446 702 4507 ln
726 4444 932 4507 librationibus
961 4444 1044 4524 globi
1062 4444 1172 4506 Terrae
1196 4450 1228 4503 et
1250 4441 1366 4504 ratione
1390 4440 1496 4521 aequi-

145 4536 308 4599 noctiorum
321 4534 519 4616 suspicionem
534 4536 654 4616 quidem
672 4534 746 4596 lacit
768 4534 892 4614 alicujus
916 4532 1103 4608 incommodi,
1128 4532 1182 4594 sed
1195 4530 1269 4593 nihil
1289 4538 1392 4610 aperte
1411 4529 1494 4592 dicit.

146 4625 210 4706 Ego
232 4644 303 4688 vero
326 4644 385 4687 non
408 4626 514 4688 terreri
536 4625 592 4687 sed
615 4624 715 4687 doceri
737 4623 816 4685 volo.
861 4623 1098 4685 Immensitatem
1121 4621 1218 4682 solam
1241 4619 1343 4695 habet,
1367 4637 1427 4700 qua
1448 4637 1496 4680 me

148 4733 204 4777 non
226 4714 417 4777 mediocriter
439 4724 549 4777 movet.
596 4711 660 4776 Sed
681 4732 736 4774 nos
759 4711 868 4775 mundo
892 4712 1012 4793 quidem
1033 4708 1119 4791 parvi
1142 4727 1258 4785 snmus,
1282 4709 1408 4771 mundus
1429 4707 1496 4770 Deo

147 4824 204 4867 non
227 4812 275 4867 est
297 4820 434 4883 magnus.
470 4804 513 4866 Ει
535 4812 605 4867 sunt
627 4801 758 4865 rationes
777 4799 992 4863 immensitatis
1016 4799 1105 4862 illius.
1141 4798 1245 4861 Etiam
1267 4797 1297 4860 in
1319 4799 1376 4861 hoc
1397 4798 1496 4883 minus

148 4913 258 4977 aequus
276 4893 404 4969 videtur,
430 4892 672 4976 quodpostulat:
697 4890 907 4983 eandem-dari
928 4887 1151 4971 proportionem
1173 4889 1355 4971 quiescentis
1378 4897 1411 4952 et
1430 4905 1496 4950 mo-

197 4997 398 5051 nasterum
839 5038 843 5045 .
1266 4990 1284 5046 l
