3609 5634
860 672 985 772 Caput
1007 673 1037 746 Ι.

650 821 742 911 Quid
760 830 803 894 sit
826 830 1007 915 hypothesis
1029 831 1252 925 osbooomieo.

361 979 395 1040 In
428 975 633 1056 descriptione
660 972 870 1054 hypothesium
902 972 947 1033 sio
976 971 1108 1051 luuntur
1131 971 1245 1045 Unus,
1275 970 1364 1050 quasi
1391 982 1449 1032 non
1477 969 1521 1030 od
1548 970 1634 1031 aliud

274 1075 465 1147 comparatae
488 1071 593 1127 essent
614 1063 819 1143 hypotheses,
843 1076 933 1141 quam
956 1060 996 1121 ad
1020 1060 1112 1121 ludos·
1130 1058 1306 1120 hominibus·
1327 1057 1494 1121 tumemus,
1530 1052 1638 1129 Qum

272 1159 396 1221 adrem
418 1174 477 1217 non
501 1153 583 1216 satis
601 1151 759 1213 verbosam
776 1149 901 1224 invonit,
935 1149 1043 1229 quibus
1067 1166 1156 1229 quem
1177 1147 1242 1209 fieri
1265 1152 1372 1226 potest
1393 1147 1633 1209 contentissime

272 1248 310 1310 de
332 1246 389 1307 hoc
413 1262 523 1324 genere
544 1240 748 1302 inventionum
771 1240 930 1318 loquatur.
954 1238 1107 1316 neoprlus
1121 1245 1223 1298 cesset
1237 1236 1407 1298 orationem
1418 1254 1504 1298 suam
1517 1236 1631 1299 distin-

273 1350 374 1415 guere,
400 1331 651 1409 mbdistingnere
677 1346 764 1430 qoam
788 1345 822 1387 se
844 1328 942 1406 ipsum
958 1326 1176 1407 quodammodo
1191 1325 1388 1405 superaverit
1433 1325 1509 1387 Nos
1528 1338 1633 1407 reem

272 1421 482 1528 hypothesium
505 1428 649 1481 naturam
665 1434 796 1499 primunr
807 1414 1040 1494 explicabimus
1064 1422 1173 1493 postea
1191 1415 1275 1476 rosio
1298 1413 1517 1494 impingentem
1536 1428 1634 1494 seque

271 1513 370 1591 ipsam
394 1509 601 1572 conficientem
614 1505 686 1568 Ursi
710 1504 891 1566 sententiam
914 1503 1120 1606 particulatim
1143 1504 1361 1582 expendemus:
1387 1520 1424 1563 ne
1438 1503 1628 1582 quidmstet,

276 1601 354 1681 quod
377 1598 535 1678 imperitus
559 1597 656 1657 lector
677 1594 760 1655 Urso
779 1600 903 1671 propter
926 1590 1038 1671 ingenii
1062 1593 1174 1652 famam
1198 1590 1312 1652 trustra
1334 1591 1449 1653 credat

363 1688 431 1748 Non
456 1684 562 1747 statim
585 1701 651 1744 cum
674 1683 743 1761 ipsa
766 1681 843 1742 ooeli
866 1680 1048 1741 obseruandi
1072 1678 1287 1741 consuetudine
1310 1685 1463 1740 natusest
1482 1679 1630 1754 moerebo

201 1834 210 1853 ,
274 1785 309 1838 nt
332 1794 420 1856 quam
445 1774 570 1854 quisque
589 1769 836 1850 philosophorum
859 1788 897 1830 ex
920 1768 1030 1830 interitu
1053 1768 1129 1829 coeii
1153 1768 1190 1829 de
1213 1768 1314 1830 mnndi
1337 1767 1537 1851 dispositione
1557 1784 1632 1829 oon

274 1865 410 1943 cepisset
441 1861 625 1941 opinionem,
665 1877 702 1919 ea
738 1874 845 1918 numen
882 1857 1009 1936 aliquod
1041 1856 1167 1919 haberet
1204 1855 1448 1938 hypothesisque
1471 1856 1631 1918 diceretm
1714 1917 1721 1929 ,

274 1950 494 2031 Longinquitas
518 1946 662 2027 tempor'm
684 1946 988 2025 philosophorumque
1013 1946 1178 2018 successio,
1208 1953 1243 2005 ut
1264 1951 1368 2006 cetera
1391 1958 1477 2025 qnae
1489 1960 1632 2008 sonamus

275 2040 424 2103 secundae
447 2036 627 2100 intentionis
639 2034 795 2108 vocabula,
821 2034 865 2095 sin
879 2034 938 2095 hoc
951 2050 1068 2114 quoque
1082 2034 1112 2094 iu
1134 2034 1321 2095 astronomia
1334 2033 1494 2095 stabilivit
1530 2034 1634 2096 Prima

274 2129 357 2190 uocis
389 2126 545 2206 usurpatio
578 2123 634 2185 init
666 2123 745 2203 epm
774 2131 1025 2201 geometras,¹
1058 2118 1112 2202 ‹mii
1140 2130 1211 2183 ante
1239 2130 1343 2183 uatem
1376 2120 1505 2201 logicam
1530 2123 1637 2205 philos

275 2217 400 2296 sophiae
427 2223 569 2296 partem,
596 2211 727 2274 umussli
756 2211 868 2273 mentis
898 2211 1013 2272 lumine·
1031 2209 1305 2272 demonstrationes
1333 2228 1406 2271 suas
1433 2210 1635 2290 geometricos

275 2320 343 2367 oum
366 2304 481 2365 vellent
503 2300 658 2381 expedire,
689 2299 772 2361 soliti
795 2307 866 2361 sont
888 2319 908 2359 a
931 2306 1014 2360 certo
1038 2299 1167 2378 quodam
1190 2299 1277 2361 initio
1302 2298 1467 2360 doctrimm
1491 2300 1633 2379 insipere.

276 2392 536 2465 Quemadmodum
559 2387 692 2451 enimin
710 2388 916 2449 architectura
935 2386 1016 2448 satis
1042 2387 1135 2448 habet
1158 2387 1273 2467 opifex,
1307 2388 1334 2450 si
1355 2400 1410 2466 pro
1433 2389 1535 2449 indum
1555 2389 1634 2450 mole

278 2483 384 2544 domus
406 2481 604 2542 fondamento
622 2476 706 2539 intro
725 2483 838 2537 terrem
861 2482 1008 2549 astruat,
1033 2491 1130 2555 neque
1153 2475 1373 2550 sollicitasset,
1397 2483 1531 2538 uti-tortu
1551 2477 1633 2539 inie-

276 2571 337 2632 rior
359 2570 409 2632 vel
430 2576 502 2631 ruat
527 2567 580 2627 vel·
599 2566 630 2626 iu
653 2585 722 2628 sese
748 2566 874 2629 recedat
900 2581 996 2643 usque
1017 2564 1058 2625 ad
1080 2571 1231 2638 centrum,
1261 2564 1306 2625 ita
1337 2564 1423 2625 inre
1450 2566 1636 2645 'geometrica

276 2659 364 2740 primi
388 2665 526 2719 auctores
549 2664 606 2716 non
630 2653 676 2715 ita
702 2653 805 2715 stolidi
834 2653 971 2726 fuerunt,
1005 2661 1040 2714 ut
1070 2653 1120 2732 qui
1149 2660 1221 2733 post
1243 2652 1340 2714 sconti
1372 2660 1448 2714 suot
1464 2654 1645 2736 Pyrrhonii,

277 2757 311 2809 ct
337 2747 438 2809 omnia
459 2745 574 2807 veilent
602 2741 790 2818 addubitans,
823 2740 896 2803 nibil
924 2740 1072 2819 antipate,
1099 2758 1190 2821 super
1217 2742 1296 2821 qnod
1323 2758 1377 2803 ceu
1410 2741 1636 2806 tundamentum

277 2843 392 2897 certum
420 2842 454 2896 et
480 2832 618 2895 omnibns
644 2831 815 2892 contessum
841 2839 946 2892 cetera
975 2830 1088 2891 velient
1116 2829 1375 2910 superaedificare.
1422 2828 1515 2901 Quae·
1532 2832 1635 2913 itaque

277 2933 362 2987 oerta
385 2932 419 2985 et
440 2923 519 3002 apud
534 2919 788 2982 omneshomines
810 2919 954 2981 molosso
967 2926 1080 2992 essent,
1105 2935 1142 2979 ea
1160 2918 1284 2998 speciali
1306 2916 1637 2997 nominedirmpoeo

275 3014 461 3086 dictitarunt,
487 3029 541 3072 cen
564 3009 730 3070 sententias
750 3007 894 3082 dicerent,
920 3024 996 3088 quse
1019 3007 1169 3069 baberent
1189 3007 1404 3069 enmusitaton
1426 3009 1507 3087 epod
1521 3022 1634 3071 omnes.

276 3100 438 3171 Quaedam
457 3096 626 3177 hujusmodi
648 3096 859 3176 principiorum
888 3095 935 3157 sio
957 3104 1045 3157 erant
1066 3103 1256 3174 comparata,
1281 3104 1315 3158 nt
1339 3096 1479 3176 qualmvis·
1505 3110 1563 3159 non
1597 3098 1636 3160 ab

278 3189 416 3252 omnibus
439 3187 644 3259 crederentur,
668 3185 744 3264 ipsis
765 3193 868 3246 tamen
891 3185 1067 3246 amatoribus
1080 3184 1261 3247 satis-erant
1273 3192 1356 3256 nota
1379 3193 1413 3246 ut
1431 3200 1497 3246 uon·
1513 3187 1637 3249 orbico

276 3285 346 3339 rent
375 3296 414 3338 ea
440 3276 502 3337 alia
528 3273 784 3335 demonstratione
811 3280 903 3334 ceute·
920 3280 952 3334 et
974 3290 1056 3335 vera·
1074 3272 1248 3348 ostendere,
1283 3273 1314 3335 id
1343 3282 1443 3335 antem
1466 3282 1501 3336 ut
1522 3275 1563 3337 im
1577 3274 1633 3337 sili

275 3365 441 3444 proposim
463 3361 722 3424 demonstratione
747 3367 935 3439 perstarent,
967 3364 1016 3424 vol
1045 3361 1133 3423 nimis
1162 3362 1283 3441 longum
1316 3370 1384 3424 erat
1414 3362 1546 3425 tutorum
1586 3365 1634 3426 sel

277 3451 546 3534 intempestivum,
567 3458 602 3511 ut
624 3449 778 3553 ejusmodi*
796 3448 967 3511 seutentioe
989 3467 1056 3511 cum
1079 3450 1154 3512 aliis
1172 3450 1275 3525 rebus,
1305 3450 1476 3531 dequibus
1504 3452 1634 3533 ingen

276 3543 386 3605 rustris
408 3560 466 3603 non
490 3539 674 3618 disputatur,
698 3538 828 3600 innexae
851 3545 884 3598 et
905 3539 1049 3600 mninsae
1072 3547 1185 3601 emant
1231 3498 1296 3600 mis
1316 3539 1458 3601 dixerunt
1477 3540 1635 3618 oisonem,

277 3640 382 3710 utpote
405 3647 481 3710 quae
505 3649 526 3689 s
547 3627 682 3689 ducente
706 3627 765 3689 sibi
788 3627 912 3689 concedi
935 3647 960 3688 a
976 3626 1123 3708 principio
1147 3628 1347 3706 postularent.
1393 3627 1459 3689 Hoc
1476 3637 1542 3692 tom
1564 3645 1633 3691 ma-

276 3721 363 3781 xime
388 3736 444 3780 osu
471 3716 569 3790 vonit,
602 3734 669 3778 omn
696 3716 728 3777 in
754 3716 931 3795 figuratione
955 3716 1095 3797 anguium
1125 3716 1176 3776 vei
1207 3717 1317 3778 husam
1349 3716 1444 3778 talem
1475 3717 1635 3816 designare

276 3808 400 3876 vellent,
424 3806 521 3886 qualis
544 3823 634 3866 mauu
657 3805 792 3885 praecise
820 3805 884 3866 fieri
913 3804 1027 3886 nequit.
1073 3805 1156 3866 Tunc
1187 3805 1268 3865 enim
1295 3804 1496 3880 dicebaut,
1481 3820 1541 3879 ego
1562 3809 1639 3868 tulit

276 3896 325 3957 vel
348 3895 431 3956 talis.
477 3893 537 3955 Est
559 3900 591 3954 et
614 3893 696 3966 aliud
719 3912 827 3973 genus,
852 3912 935 3963 cum,
959 3912 1035 3973 quae
1058 3893 1108 3954 vel
1131 3911 1198 3973 esse
1221 3901 1373 3973 nequeunt
1399 3895 1448 3957 vel
1472 3913 1529 3956 non
1553 3904 1632 3970 sunt,

277 3994 420 4064 tanquam
444 3989 548 4043 essent
570 3989 777 4052 assumuntur,
805 3989 839 4042 ut
861 3981 1117 4043 demonstratione
1140 3980 1269 4060 patefiat
1296 3981 1366 4063 qnid
1389 3991 1560 4045 secuturum
1585 3984 1633 4044 fo-

277 4080 333 4147 ret,
359 4071 385 4133 si
408 4071 461 4132 illa
484 4077 596 4132 essent.
643 4070 708 4131 Hoc
732 4087 847 4149 quoque
871 4089 966 4149 genus
997 4077 1060 4132 tum
1084 4069 1182 4131 locum
1204 4070 1310 4144 habet,
1336 4089 1405 4132 cum
1428 4089 1445 4131 e
1468 4072 1634 4151 geometria

277 4159 394 4242 egressi
416 4160 447 4221 in
471 4166 619 4238 cognatas
638 4156 782 4219 scientias
797 4158 1065 4220 demonstrationis
1079 4158 1250 4220 methodum
1268 4159 1464 4221 transferunt.
1505 4161 1631 4223 Utrum-

277 4269 334 4330 que
357 4267 452 4329 genus
479 4254 512 4309 et
534 4266 610 4328 qnae
634 4246 695 4308 alia
717 4245 876 4308 brevitatis
898 4266 993 4309 eausa
1020 4246 1204 4321 intermitto,
1238 4247 1357 4327 quando
1386 4247 1549 4311 adactum
1578 4249 1632 4311 de-

278 4337 505 4400 monstrationis
532 4336 704 4410 veniebant,
733 4331 893 4405 ὑποθισιις
924 4354 978 4397 sen
1004 4334 1226 4416 suppositiones
1250 4334 1461 4415 appellabant,
1494 4346 1633 4417 respectu

278 4427 396 4489 scilicet
419 4426 499 4506 ejus,
524 4425 602 4505 qnod
627 4424 835 4485 demonstrare
858 4423 1059 4486 intenderent
1107 4421 1361 4503 Supponebantur
1394 4426 1472 4487 enim
1499 4433 1573 4487 nota
1604 4432 1635 4487 et

277 4534 366 4595 super
387 4514 448 4577 illis
473 4511 705 4575 exstruebantur
725 4511 878 4591 ignotiora
900 4511 1195 4592 ostendebanturqne
1219 4511 1356 4583 discenti.

365 4602 450 4664 Haeo
478 4602 561 4683 origo
585 4602 684 4677 vocis,
717 4601 765 4663 bic
799 4620 872 4663 usos
901 4602 980 4681 apud
1012 4608 1192 4681 geometras.
1239 4598 1389 4663 Statim
1380 4620 1411 4663 ιιι
1441 4583 1633 4681 geometricis

280 4690 383 4771 figuris
407 4698 439 4752 et
461 4689 601 4764 numeris,
626 4706 732 4768 nempe
756 4690 784 4751 in
808 4709 840 4751 re
864 4689 959 4751 totius
978 4698 1103 4751 naturae
1127 4689 1295 4750 clarissima
1317 4689 1468 4770 mentique
1487 4691 1634 4752 humanae

279 4779 408 4841 maxime
433 4785 524 4859 apta,
549 4777 808 4857 deprehenderunt
830 4797 929 4840 rerum
952 4778 1204 4857 contemplatores
1227 4778 1324 4840 lumen
1348 4778 1422 4839 illud
1445 4779 1554 4841 mentis
1577 4798 1634 4841 no-

278 4876 376 4943 strae,
409 4869 488 4948 quod
517 4868 685 4930 rectissime
708 4867 828 4947 quidem
850 4865 880 4929 in
911 4865 1029 4948 figuris,
1061 4866 1116 4929 sed
1146 4873 1248 4929 tamen
1277 4867 1370 4930 etiam
1397 4867 1428 4930 in
1451 4867 1520 4929 aliis
1543 4865 1633 4930 rebus
