3609 5634
778 378 947 445 enm·
1380 331 1383 340 ⁸
1477 377 1537 445 rur

175 535 304 598 nomiae
328 537 559 619 descriptionem
582 539 718 601 obtinere
742 539 874 602 iortssss
897 547 1025 621 possunt
1039 539 1117 602 hanc
1132 559 1264 615 causam,
1289 549 1450 621 propterea
1464 541 1544 622 quod

177 623 301 687 orbium
333 626 543 706 proportiones
571 628 772 708 investigandi
804 628 886 691 nulla
916 628 978 691 illic
1008 629 1142 701 occasio,
1176 629 1288 691 nullum
1321 628 1541 693 adminiculum.

178 708 446 782 Quemadmodum
469 716 548 778 enirn
573 717 624 789 iis,
650 718 699 797 qui
724 718 760 778 de
785 719 870 779 novis
895 718 988 780 ludiis
1011 718 1210 799 scripserunt.
1245 735 1332 779 nemo
1356 718 1445 780 facila
1468 737 1543 780 oon-

181 801 312 865 tradioit
333 806 383 887 qui
406 805 460 867 illa
483 806 552 867 loca
573 824 632 867 nou
655 806 720 885 ipse
744 807 898 877 lustravit,
923 807 966 869 sic
989 807 1180 889 physicorum
1202 806 1388 868 ratiunculas
1410 807 1447 867 de
1468 826 1542 868 con-

181 897 272 953 tactu
296 894 409 956 orbium
432 902 622 957 astronomus
646 894 769 973 rejicere
784 914 841 957 nou
856 904 968 977 potest,
994 914 1079 976 quem
1099 895 1341 957 observationum
1356 894 1545 974 experientia

184 985 219 1040 et
242 980 450 1062 hypothesium
474 983 606 1046 conditio
637 983 665 1044 iu
690 984 805 1046 coelum
828 985 926 1066 ipsum
953 985 1088 1066 interque
1117 984 1205 1046 orbes
1230 1001 1288 1044 nou
1317 984 1426 1044 evexit.
1472 982 1543 1046 Jam

184 1086 260 1131 vero
284 1088 322 1131 ex
345 1070 502 1153 Gopemici
525 1072 741 1155 hypothesibus
760 1082 792 1135 et
816 1093 853 1135 ex
876 1074 928 1136 illo
943 1074 1055 1136 Terrae
1078 1081 1161 1134 motu
1180 1072 1323 1153 sequitur,
1348 1071 1459 1133 nullam
1475 1090 1543 1135 esse

70 1165 75 1169 ’
185 1157 304 1221 orbium
331 1160 493 1224 vicinorum
525 1163 738 1235 differentiam,
773 1182 848 1243 quae
881 1183 939 1224 nou
972 1163 1073 1225 multis
1106 1161 1243 1242 partibus
1276 1160 1357 1222 orbis
1388 1160 1542 1242 utriusque

185 1249 442 1313 ecceutn'citatem
474 1258 604 1332 superet.
651 1252 753 1332 Atque
787 1252 874 1332 hujus
907 1252 949 1314 rei
983 1271 1056 1332 cape
1090 1251 1258 1329 exemplum
1291 1269 1328 1310 ex
1355 1249 1484 1311 Telluris
1512 1257 1544 1312 et

184 1334 318 1400 Veneris
341 1339 472 1412 orbibus,
497 1341 533 1401 iis
557 1359 672 1420 nempe,
698 1339 747 1421 qui
771 1341 923 1402 minimum
938 1341 976 1402 ab
1000 1341 1128 1403 invicem
1147 1341 1265 1400 absunt.
1312 1335 1454 1409 Qualium
1469 1338 1542 1400 Tel-

183 1425 259 1488 luris
283 1447 302 1488 a
324 1435 427 1490 centro
450 1429 552 1492 mnudi
575 1428 723 1490 distantia
746 1429 902 1491 mediocris
932 1437 980 1491 est
1003 1425 1059 1504 60,
1084 1429 1189 1491 talium
1210 1428 1340 1488 Veneris
1369 1428 1407 1487 ab
1436 1428 1542 1488 eodem

186 1514 336 1578 distantia
367 1518 524 1580 mediocris
558 1527 607 1579 est
632 1513 735 1599 437„
769 1518 939 1580 differentia
971 1513 1049 1595 ¹6⁸1,
1078 1518 1227 1596 scrupula.
1275 1515 1345 1577 Jam
1377 1515 1479 1577 Tellus
1512 1516 1542 1576 in

185 1604 329 1685 perigaeo
352 1608 568 1689 appropinquat
595 1606 707 1667 Veneri
730 1607 876 1686 scmpulis
902 1601 982 1688 ile,
1014 1608 1119 1668 Venus
1142 1606 1185 1667 illi
1209 1604 1329 1666 obviam
1353 1604 1489 1684 procedit
1511 1604 1542 1666 in

185 1713 322 1773 apogaeo
345 1696 492 1774 scrupulis
515 1696 619 1757 itidem
643 1690 723 1775 27„
753 1714 867 1758 summa
890 1693 910 1758 5
935 1696 1149 1774 scrupulorum.
1196 1694 1274 1772 Ergo
1306 1693 1462 1754 duodecim
1491 1711 1542 1753 re·

185 1782 282 1845 sidnis
310 1785 457 1864 scrupulis
485 1786 559 1846 haec
587 1786 645 1846 duo
675 1803 801 1864 corpora
832 1785 950 1846 distant
977 1785 1070 1846 etiam
1099 1802 1166 1846 oum
1195 1783 1329 1862 proxime
1353 1782 1391 1843 ab
1415 1781 1541 1843 invicem

185 1872 308 1935 absunt.
354 1870 443 1944 Quod
469 1873 585 1954 siquis
610 1874 665 1935 hoc
689 1873 897 1935 intermedium
925 1873 1056 1953 spatium
1085 1871 1227 1951 compleri
1255 1878 1376 1932 asserat
1402 1870 1544 1932 deleren-

184 1960 267 2023 tibus
300 1962 394 2025 nodos
428 1969 459 2023 et
485 1962 604 2025 circulis
633 1962 838 2038 latitudinum,
872 1963 898 2023 is
927 1963 1056 2041 cogitet:
1090 1980 1179 2040 posse
1208 1979 1245 2021 ea
1272 1959 1371 2020 officia
1399 1959 1492 2021 etiarn
1524 1978 1544 2020 a

186 2051 277 2130 longe
300 2051 485 2113 tenuioribus
510 2050 646 2125 orbibus,
676 2071 763 2133 quam
789 2051 837 2132 qui
861 2059 978 2113 tantum
1002 2050 1116 2112 hiatum
1139 2049 1297 2131 impleant,
1328 2046 1540 2120 administrari,

186 2158 285 2218 neque
308 2149 448 2204 naturam
472 2139 592 2202 immani
615 2141 691 2203 mole
716 2148 868 2202 tantorum
893 2140 1007 2202 orbium
1033 2141 1225 2201 onerandam.
1272 2135 1419 2208 Quamvis
1443 2137 1543 2198 hercle

189 2225 350 2310 Oopemici
379 2229 562 2311 hypotheses
591 2248 693 2290 omues
723 2230 766 2291 ita
796 2237 1004 2310 comparatae,
1037 2229 1082 2289 ita
1109 2237 1199 2308 aptae
1228 2235 1312 2296 suut,
1345 2226 1390 2287 ita
1417 2225 1543 2288 invicem
1587 2231 1589 2234 ’

186 2317 370 2391 inserviunt,
402 2330 436 2380 ut
458 2318 537 2380 haud
557 2317 646 2380 facile
669 2318 730 2380 ullo
754 2318 845 2392 orbe,
873 2318 923 2398 qui
942 2319 1021 2380 ultra
1043 2318 1184 2396 planetae
1209 2315 1289 2376 viam
1312 2321 1474 2394 evagatur,
1504 2315 1562 2400 aet,

186 2415 287 2468 motus
310 2407 479 2469 reddendos
502 2406 636 2486 indigere
659 2407 826 2469 videamur.¹
871 2406 934 2469 Sed
958 2417 1038 2481 esto,
1065 2414 1098 2467 ut
1121 2406 1151 2467 in
1174 2402 1347 2484 propinquis
1371 2402 1472 2482 spatia
1495 2404 1542 2465 his

186 2495 367 2575 impleantur
389 2495 525 2558 orbibus:
551 2513 662 2576 quaeso
686 2496 758 2557 illud
783 2498 869 2576 quale
893 2496 934 2558 sit
957 2495 1123 2557 videamus.
1171 2491 1246 2555 Cum
1266 2490 1541 2571 aperigaeaJovis

188 2582 336 2647 distantia
359 2585 398 2645 ad
422 2585 531 2646 Martis
555 2603 740 2664 apogaeum,
767 2584 856 2663 duplo
881 2583 999 2664 longius
1022 2590 1193 2644 numeretur
1215 2579 1360 2659 spatium,
1390 2598 1479 2659 quam
1502 2580 1541 2641 ab

186 2673 253 2752 ipso
267 2674 368 2735 Marte
392 2675 430 2735 ad
453 2681 588 2735 centmm
612 2673 712 2734 mnudi
737 2672 838 2746 (Jovis
858 2672 937 2734 euim
956 2672 1104 2734 distantia
1126 2670 1219 2750 tripla
1241 2675 1290 2730 est
1313 2669 1351 2729 ad
1371 2668 1541 2742 Martiam),

186 2780 298 2841 ergone
327 2762 366 2822 ad
398 2762 498 2842 pusilli
527 2762 666 2842 planetae
691 2762 742 2823 vix
770 2762 809 2822 ad
833 2780 953 2822 sensum
977 2760 1138 2822 variandas
1167 2756 1381 2828 motiunculas,
1413 2756 1443 2818 iu
1474 2757 1541 2819 lon·

185 2869 268 2931 gum,
291 2852 320 2912 iu
344 2851 448 2926 latum,
473 2859 569 2913 totum
592 2852 648 2913 hoc
672 2851 804 2931 spatium
828 2850 917 2929 duplo
942 2850 1073 2912 crassius
1097 2849 1177 2911 omui
1200 2847 1299 2908 Marte
1324 2846 1456 2925 repletur
1476 2853 1541 2907 tam

185 2939 371 3020 portentosis
399 2940 542 3003 orbibus?
588 2940 674 3011 Quae
702 2941 776 3001 haec
805 2947 932 3000 naturae
961 2938 1112 3002 luxuries?
1149 2935 1247 3008 Quam
1278 2933 1400 3013 inepta?
1442 2932 1541 3006 Quam

186 3028 324 3091 inutilis?
361 3027 460 3101 Quam
483 3028 603 3091 minime
627 3030 684 3108 ipsi
708 3028 842 3090 usitato?
887 3028 991 3109 Atque
1015 3046 1052 3088 ex
1075 3027 1131 3088 hoc
1154 3026 1257 3094 videre
1280 3030 1343 3098 est,
1368 3023 1396 3082 iu
1422 3021 1540 3102 (loper-

185 3117 255 3178 nico
278 3117 389 3179 nullum
413 3118 516 3180 orbem
540 3117 578 3179 ab
602 3119 661 3180 allo
689 3117 791 3198 tangi,
824 3115 880 3178 sed
903 3117 1038 3196 ingentia
1065 3115 1191 3197 relinqui
1224 3118 1420 3196 systematum
1443 3112 1540 3172 inter-

185 3206 270 3267 valla
292 3207 395 3286 ntique
422 3208 512 3288 plena
534 3207 658 3269 coelesti
682 3224 768 3280 aura,
801 3205 857 3267 sed
880 3207 918 3267 ad
943 3214 1079 3268 neutrum
1106 3211 1208 3266 nmen
1232 3201 1464 3283 propinquorum
1487 3219 1541 3282 sy-

186 3303 349 3357 stematum
380 3296 574 3376 pertinentia.
627 3295 803 3368 (Schemate
827 3291 880 3359 22.
914 3296 953 3357 ob
984 3295 1088 3357 oculos
1111 3311 1244 3380 propono
1277 3290 1332 3353 tibi
1362 3288 1480 3385 orbium
1510 3296 1543 3349 et

186 3383 416 3447 interstitiorum
448 3384 669 3464 magnitudines
703 3387 789 3465 juxta
815 3402 905 3447 veras
937 3383 1164 3464 proportiones:
1198 3381 1241 3443 uti
1273 3398 1326 3440 eae
1357 3378 1489 3440 numeris
1521 3396 1541 3439 s

187 3471 354 3553 Cuperuico
376 3491 538 3554 expressae
561 3472 700 3549 sunum)
738 3471 850 3535 Eorum
872 3481 976 3536 autem
999 3473 1164 3551 spatiorum
1188 3467 1364 3551 cumjuitio
1388 3466 1542 3545 professus

186 3561 244 3623 aim
267 3580 377 3625 causas
400 3582 438 3624 ex
461 3559 481 3625 5
506 3562 678 3644 corporibus
701 3561 837 3638 reddere,
862 3580 915 3624 eur
937 3569 1026 3624 tanta
1046 3560 1168 3640 singula
1192 3558 1269 3620 inter
1292 3557 1378 3618 binos
1401 3555 1542 3636 planetus

186 3649 295 3713 relicta
316 3651 380 3713 sint
402 3671 421 3714 a
444 3647 590 3714 Creatore
614 3650 738 3733 Optimo
760 3650 866 3725 Mam,
894 3668 1000 3730 nempe
1025 3649 1104 3729 quod
1127 3648 1264 3728 singulae
1287 3646 1400 3725 figurae
1423 3641 1544 3724 singola

187 3738 349 3803 intervalla
371 3740 511 3816 efficiant,
535 3740 691 3805 videamus
714 3739 811 3815 modo,
836 3757 926 3820 quam
948 3738 978 3801 id
1003 3737 1133 3800 feliciter
1155 3743 1306 3798 tentatum
1325 3734 1375 3807 sit,
1401 3751 1542 3794 causam·

108 3858 110 3861 ·
187 3847 244 3910 que
276 3830 354 3892 huuc
386 3848 486 3891 coram
516 3830 703 3893 astronomia
728 3829 831 3909 judice
866 3836 899 3889 et
931 3828 1095 3907 interprete
1128 3823 1295 3904 Cupernico
1328 3822 1541 3902 disceptemus.

187 3915 320 3981 Orbibus
343 3918 417 3998 ipsis
440 3925 557 3981 tantam
580 3919 715 3999 relinquo
738 3915 917 3990 crassitiem,
943 3923 1086 3997 quautam
1109 3914 1235 3994 requirit
1249 3930 1393 3974 ascensus
1412 3910 1541 3973 descen-

187 4025 297 4088 susque
320 4007 479 4088 plauetae:
504 4026 580 4088 qaae
604 4016 705 4070 tanuen
728 4015 827 4069 utrum
849 4005 990 4079 sufficiat,
1014 4005 1094 4067 inira
1115 4022 1181 4083 cap.
1203 3999 1258 4064 22.
1283 4000 1410 4061 videbis.
1452 3997 1544 4069 Quod

186 4095 214 4158 si
245 4097 359 4178 figurae
386 4095 565 4177 interjectae
588 4105 675 4171 suut,
708 4105 743 4158 ut
766 4095 842 4158 dixi:
876 4101 998 4174 oportet
1025 4093 1116 4156 imam
1142 4090 1305 4172 superioris
1329 4088 1410 4150 orbis
1434 4106 1542 4167 super·

188 4184 284 4248 ficiem
312 4186 433 4267 aequari
465 4185 688 4266 circumscripto
715 4185 848 4267 figurae,
881 4201 1026 4246 summam
1058 4180 1208 4244 inferioris
1238 4177 1397 4257 inscripto,
1430 4175 1543 4256 figuras
1632 4191 1634 4200 ·

187 4282 289 4338 autern
313 4275 428 4339 censeri
452 4294 488 4337 eo
510 4275 623 4350 ordine,
648 4293 735 4356 quem
757 4292 850 4353 supra
871 4272 1038 4336 rationibus
1062 4268 1243 4332 confirmavi.
1291 4263 1392 4336 Quare

1226 4356 1295 4418 Lib.
1311 4354 1352 4415 V.
1368 4348 1498 4436 Coporu.

376 4447 396 4528 ll
689 4449 777 4511 Jovis
846 4445 910 4511 577
1181 4442 1244 4509 635
1270 4442 1346 4525 Cep.
1392 4438 1423 4506 9.

371 4466 422 4630 ill
467 4546 517 4601 est
544 4535 627 4601 1000
664 4457 800 4634 lMartis
846 4533 911 4600 333
990 4536 1035 4598 At
1059 4543 1108 4596 est
1179 4531 1243 4598 333
1269 4530 1345 4611 Cap.
1373 4525 1423 4593 lt.

127 4575 129 4580 V
208 4630 243 4694 Si
267 4630 329 4693 ima
372 4627 648 4699 &debebatesse
690 4626 819 4689 Telluris
847 4621 911 4688 795
966 4624 1129 4687 secuudum
1179 4620 1242 4685 757
1269 4619 1345 4701 Cap.
1373 4616 1423 4683 ill.

205 4711 207 4716 ’
374 4720 399 4794 (5
489 4736 605 4779 summa
692 4715 822 4777 Veneris
846 4707 911 4776 795
945 4711 1142 4792 Copemioum
1179 4706 1408 4790 recusati
1437 4711 1464 4771 h
1490 4703 1543 4770 22.

375 4805 400 4877 9
689 4803 831 4955 Mercqqili
846 4800 911 4955 {g}
1179 4797 1242 4865 723
1265 4797 1345 4881 Gap.
1369 4795 1422 4882 27.
1442 4792 1486 4940 ⁶l)
