3609 5634
632 1338 919 1415 murnum
946 1337 1017 1413 AB
1042 1336 1309 1414 Imm!
1403 1420 1404 1424 ,

907 1545 1037 1562 „unt-ut

380 1692 573 1772 Propositum
587 1701 637 1756 est
649 1693 735 1766 mibi,
753 1695 862 1768 testor,
887 1694 944 1758 beo
959 1693 1061 1756 libello
1075 1693 1300 1766 demonstrare,
1315 1692 1395 1771 quod
1410 1689 1541 1758 Orestas·
1554 1688 1651 1770 Opti·

292 1799 358 1845 mus
380 1781 546 1857 Maximus,
580 1783 610 1844 iu
633 1783 786 1845 creatione
819 1783 922 1845 mnndi
944 1782 1034 1862 hujus
1061 1782 1186 1854 mobilis
1209 1788 1243 1843 ot
1272 1779 1471 1860 dispositione
1498 1780 1653 1842 coelorum

293 1871 333 1933 id
360 1870 415 1932 illa
443 1871 572 1950 quinque
599 1871 753 1950 regularia
780 1890 920 1951 corpora,
954 1871 1023 1933 iude
1052 1889 1073 1931 a
1102 1871 1278 1954 Pythagora
1310 1874 1342 1930 ct
1368 1869 1497 1931 Platone
1528 1868 1568 1931 sd
1592 1887 1655 1930 nos

292 1977 387 2039 nsque
410 1960 665 2034 celebratissima,
691 1959 873 2040 respexerit,
898 1969 990 2040 atque
1013 1960 1054 2021 ad
1076 1959 1194 2022 illorum
1217 1965 1356 2022 numam
1375 1957 1528 2022 coelorum
1541 1976 1650 2020 uume-

292 2066 371 2122 mm,
395 2049 622 2128 proportiones,
657 2058 689 2109 et
711 2056 843 2112 motnnm
866 2049 1017 2111 ηῐὶοηοω
1041 2046 1354 2120 accommodaverit.·)
1402 2044 1466 2108 Sed
1485 2053 1652 2126 antequa!

293 2145 324 2196 te
347 2136 385 2198 ad
410 2155 474 2198 rem
496 2138 594 2216 ipsam
616 2136 720 2199 neuim
745 2138 859 2217 patiar,
886 2155 954 2199 eum
977 2138 1016 2198 de
1038 2137 1197 2199 occasione
1220 2137 1307 2217 hujus
1334 2135 1429 2198 libelli
1457 2144 1521 2198 tum
1543 2135 1580 2196 de
1595 2154 1651 2197 ra-

75 2205 80 2215 *
185 2229 190 2242 '
292 2224 374 2288 tione
397 2224 455 2286 urei
480 2224 610 2288 instituti
643 2226 746 2306 aliqua
775 2234 876 2288 tecum
909 2244 1014 2306 agam
1047 2244 1124 2306 queo
1157 2233 1189 2287 et
1216 2226 1256 2287 ad
1284 2232 1366 2287 tuum
1397 2225 1585 2286 intellectum
1616 2230 1652 2286 et

291 2314 331 2382 ad
354 2331 451 2378 meam
475 2314 587 2376 famam
604 2314 756 2395 parmomo
779 2315 944 2382 arbitram
968 2315 1062 2376 fuero.

381 2400 450 2474 Quo
480 2410 614 2484 tempm
638 2403 809 2483 Tubingae,
837 2403 946 2466 abbiuc
977 2402 1121 2464 sexennio
1149 2400 1318 2464 cbrimimo
1348 2400 1414 2463 rire
1435 2401 1479 2464 lt.
1501 2400 1650 2464 Micbaoli

291 2491 455 2554 Msesuim
480 2510 602 2572 operam
625 2491 749 2567 daban,
773 2500 876 2554 mutus
896 2490 1055 2571 multiplici
1073 2490 1320 2554 incommoditate
1334 2489 1468 2552 usitatae
1485 2489 1522 2552 de
1537 2490 1649 2554 mundo

291 2579 452 2658 opinionis,
477 2581 553 2644 adeo
577 2581 747 2646 delectatos
768 2599 836 2643 sum
859 2579 1043 2659 Oopernico‚
1073 2580 1158 2660 cujus
1181 2579 1232 2642 ille
1255 2581 1284 2641 in
1308 2577 1563 2659 praelectionibus
1586 2578 1649 2639 suis

289 2667 447 2747 plurinum
472 2670 655 2736 mentionem
677 2667 828 2743 faciebat,
853 2678 887 2730 ut
909 2687 968 2731 nun
993 2677 1110 2731 tautum
1125 2668 1232 2752 crebro
1254 2669 1320 2747 ejus
1343 2667 1457 2747 placita
1472 2666 1500 2728 iu
1515 2666 1652 2749 pbysinia

291 2755 544 2836 disputationibus
568 2759 796 2820 candidatorum
811 2757 1020 2832 defendemus,
1044 2757 1099 2819 sed
1114 2757 1207 2819 etiam
1221 2763 1397 2820 accuratam
1411 2756 1649 2836 disputationem

291 2846 328 2907 de
352 2854 435 2908 motu
458 2847 570 2925 primo,
596 2847 674 2927 quoi
689 2847 803 2909 'ilerrae
818 2846 971 2912 volumus
986 2845 1160 2919 sarmul),
1185 2845 1417 2908 comoriborcm.
1462 2844 1592 2925 Jamque
1616 2845 1646 2905 in

290 2953 326 2996 eo
350 2954 446 3010 eram,
478 2945 510 2998 ut
533 2936 630 2998 eidem
654 2936 748 2998 etiam
771 2937 883 2998 Telluri
906 2944 1023 3000 motum
1044 2935 1236 3009 Solarem‘),
1261 2941 1294 2999 ut
1317 2932 1504 3013 (lopernicus
1526 2933 1646 2995 matbe-

290 3024 426 3100 maticis,
460 3024 504 3085 sic
533 3044 591 3105 ego
621 3025 770 3106 pbysiois,
800 3043 855 3087 seu
878 3024 989 3100 mavis,
1019 3023 1233 3105 metaphysicis
1256 3023 1430 3085 rationibus
1455 3021 1646 3084 ascriberem.

247 3163 251 3171 .
291 3112 393 3192 Atque
415 3112 445 3173 iu
469 3113 548 3175 hune
569 3132 654 3178 usum
677 3113 790 3193 partim
811 3133 850 3175 ea
871 3132 924 3178 ore
939 3112 1110 3186 biamtbni,
1134 3112 1245 3193 partim
1269 3129 1335 3173 meo
1350 3111 1466 3183 Marte,
1489 3128 1564 3191 quas
1583 3108 1648 3173 Go-

290 3200 430 3278 pornlcus
453 3200 483 3261 iu
508 3203 634 3263 mathesi
658 3219 731 3280 prae
754 3202 930 3263 Ptolemaeo
953 3202 1047 3268 babet
1069 3201 1315 3275 commoditates,
1347 3200 1495 3279 paulatim
1517 3198 1647 3279 collegi:

291 3306 348 3366 quc
376 3289 480 3350 labore
514 3309 561 3351 me
592 3290 680 3351 facile
711 3289 839 3356 liberare
866 3291 1018 3370 potuisset
1048 3289 1224 3353 Joachimns
1251 3288 1413 3361 libatione,
1431 3288 1498 3369 'qui
1530 3287 1650 3368 singula

289 3375 421 3437 breviter
453 3386 484 3440 et
510 3379 667 3458 perspicue
697 3377 796 3457 prima
822 3377 879 3439 sua
901 3378 1084 3440 Narratione
1111 3385 1291 3458 persecutus
1320 3386 1379 3439 est‘.
1427 3379 1548 3440 luteres
1578 3377 1648 3438 dum

288 3463 361 3532 illud
376 3484 482 3528 saxum
497 3468 595 3540 volvo,
611 3466 666 3527 sed
680 3487 844 3546 παρεργως,
858 3485 946 3529 secus
961 3467 1160 3547 theplogiam:
1185 3466 1340 3529 commode
1356 3466 1479 3541 accidit,
1495 3473 1531 3527 ut
1544 3463 1648 3526 Grae-

290 3552 363 3614 tium
391 3553 540 3629 venirem,
575 3563 665 3634 atque
694 3555 735 3616 ibi
760 3552 893 3635 Georgia
917 3554 1025 3619 Stadio
1049 3576 1079 3638 p.
1102 3575 1142 3618 m.
1156 3551 1200 3630 ²')
1229 3556 1437 3618 succederem:
1479 3554 1527 3616 ubi
1558 3553 1650 3616 officii

291 3641 371 3704 ratio
405 3662 452 3703 me
486 3643 598 3705 arctius
627 3642 674 3705 his
706 3642 816 3705 studiis
848 3644 1019 3707 obstrinxit
1069 3645 1116 3706 Ibi
1147 3645 1177 3706 iu
1205 3644 1406 3724 explicatione
1436 3643 1649 3723 principiorum

291 3731 493 3793 astronomiae
517 3751 626 3812 magno
650 3732 720 3793 mihi
743 3732 808 3793 usui
833 3731 954 3794 suerunt
976 3732 1077 3794 omnia
1099 3732 1168 3807 illa,
1196 3752 1273 3812 quae
1300 3741 1392 3794 antea
1413 3732 1463 3794 vel
1486 3752 1505 3793 a
1526 3732 1649 3792 Manet

291 3818 352 3879 linc
375 3820 562 3898 audiveram,
588 3822 636 3882 vel
651 3821 717 3901 ipse
741 3821 966 3886 affectaveram.
1013 3821 1115 3901 Atque
1128 3829 1164 3884 ut
1176 3822 1206 3884 in
1222 3821 1353 3901 Virgilio
1377 3822 1458 3883 lama
1476 3819 1648 3882 mobilitate

156 3941 159 3944 -
289 3904 374 3984 viget
396 3908 534 3990 viresque
556 3910 684 3990 acquirit
707 3910 821 3972 eundo:
852 3910 896 3973 sio
920 3910 993 3972 mibi
1016 3910 1122 3972 harum
1144 3929 1244 3973 rerum
1267 3910 1397 3988 diligens
1421 3909 1567 3990 cogitatio
1590 3927 1646 3971 oo-

290 3993 447 4075 gitaticuis
482 3998 633 4060 ulterioris
667 4017 761 4060 causa
788 3998 881 4060 fuit..
911 3999 1016 4061 mccc
1051 4000 1176 4061 taudem
1205 4017 1283 4061 anno
1318 3996 1417 4073 1595,
1451 4017 1518 4061 cum
1555 3997 1650 4059 otium

193 4100 197 4110 ’
230 4110 235 4120 ·
291 4085 507 4149 electionibus
530 4107 669 4167 euperem
693 4088 768 4149 bene
792 4093 824 4148 et
846 4107 886 4149 ex
908 4087 998 4158 officii
1020 4087 1137 4149 ratione
1163 4087 1351 4167 transigere,
1381 4095 1446 4150 toto
1475 4086 1566 4149 animi
1589 4085 1648 4149 im-

290 4181 363 4254 petu
387 4173 416 4235 in
439 4176 517 4237 hanc
540 4176 698 4237 materiam
722 4175 850 4238 incubui.
1498 4213 1525 4222 -κ

380 4263 421 4325 Et
439 4264 499 4326 tris
511 4264 699 4343 potissimum
717 4271 819 4339 eraut,
844 4282 968 4345 quorum
982 4282 1038 4344 ego
1053 4283 1176 4338 causas,
1201 4282 1254 4326 cur
1270 4265 1327 4338 ita,
1353 4282 1410 4325 nou
1426 4262 1516 4325 aliter
1534 4271 1649 4338 esseut,

290 4350 487 4429 pertinaciter
511 4355 705 4433 quaerebam,
740 4371 919 4424 uumerus,
943 4353 1143 4431 quantitas
1168 4353 1200 4414 et'
1223 4361 1342 4415 motus
1366 4351 1489 4415 orbium.
1532 4353 1575 4414 Ut
1593 4353 1651 4414 hoc
1722 4362 1726 4367 '

292 4441 433 4503 auderem
469 4442 570 4503 effecit
605 4441 658 4504 illa
693 4441 820 4521 pulchra
855 4440 1072 4521 quiescentium
1108 4441 1277 4517 harmonia,
1321 4440 1417 4517 Solis,
1458 4442 1584 4503 marom
1620 4451 1652 4503 et

292 4527 461 4591 intermedii
504 4548 570 4591 cum
607 4529 672 4591 Deo
710 4530 821 4603 Patre,
867 4536 899 4590 et
939 4528 1015 4591 Filio
1057 4537 1088 4592 et
1124 4529 1158 4592 S.
1197 4530 1331 4611 Spiritu:
1378 4549 1467 4611 quam
1508 4529 1651 4592 similitu-

293 4613 391 4676 dinem
429 4636 484 4696 ego
523 4617 550 4678 iu
583 4617 815 4698 cosmographia
850 4636 1015 4698 persequar
1054 4618 1230 4698 amplius.‘¹)
1277 4619 1354 4684 eum
1390 4619 1481 4699 igitur
1513 4617 1557 4680 ita
1592 4618 1650 4679 lra-

293 4702 401 4765 berent
423 4705 623 4785 quiescentia,
657 4725 715 4768 nou
745 4707 920 4769 dubitabam
947 4707 984 4770 de
1013 4706 1188 4783 mobilibus,
1223 4708 1293 4789 quin
1319 4727 1352 4770 sc
1379 4706 1554 4792 praebitura
1577 4706 1650 4769 sint.

294 4790 385 4852 Initio
407 4812 471 4854 rem
493 4795 624 4855 numeris
647 4813 810 4874 aggressus
834 4814 916 4869 sum,
949 4803 981 4857 et
1008 4795 1210 4872 consideravi,
1243 4806 1343 4860 utrum
1370 4816 1446 4859 unus
1469 4796 1550 4858 orbis
1574 4794 1652 4858 alim

186 4911 194 4928 ·
296 4878 435 4959 duplum,
470 4881 609 4960 triplum,
654 4883 868 4964 qusdmplum,
907 4891 960 4946 aut
995 4883 1066 4968 qnid
1103 4885 1227 4949 taudem
1263 4886 1407 4948 haberet:
1449 4891 1651 4968 quantumque
