3609 5634
272 253 339 326 sss
795 255 827 310 1·
844 256 930 324 ομ·
945 255 1103 324 meua

272 420 408 474 nauibus.
446 418 940 489 agne-aenianica,
968 415 1639 491 ‹paoadlsrmnhndsb‘bentiaaanhc

273 499 693 571 perdumubitrstustuers.
737 500 877 563 Quaedam
905 507 971 553 sunt
999 499 1122 568 majora,
1150 516 1232 571 quam
1260 498 1643 568 utpravidantiapossint

272 579 378 634 averti:
404 585 438 631 et
463 577 510 631 ubi
538 579 778 648 deprecationibus
807 580 898 652 magis
924 581 1071 652 agendum.
1112 581 1184 634 Nam
1214 580 1237 634 si
1267 579 1374 633 coelun
1402 583 1482 643 nat,
1512 578 1580 648 quis
1609 577 1641 631 in

272 659 364 714 Terris
386 664 463 711 tutus
484 674 546 711 esse
567 659 690 728 poterit?
723 664 763 713 At
782 659 805 713 si
825 661 897 714 haec
917 660 1002 723 ratis,
1028 659 1057 713 in
1084 677 1140 730 qua
1170 676 1230 714 cnm
1258 658 1353 728 aliqua
1381 675 1465 713 mann
1489 658 1638 712 bominum

273 739 392 809 navigo,
424 754 553 807 superum
578 738 622 791 iro
646 748 805 810 mergatur:
828 740 888 812 jam
909 742 943 794 de
963 739 1123 805 natatione,
1155 740 1259 794 tabulis
1290 746 1321 791 et
1341 747 1422 807 portu
1442 738 1640 809 cogitandum.

272 818 450 873 Natationem
466 817 527 886 jam
548 819 634 872 semel
654 819 840 874 difficillimam
861 838 922 874 sum
941 827 1089 889 expertus;
1120 821 1237 875 tabulae
1262 818 1333 876 mihi
1352 825 1383 872 et
1407 819 1488 884 remi,
1514 818 1574 872 hoc
1595 823 1644 870 est

272 897 445 962 substantia,
472 899 521 951 dos
550 906 581 952 et
605 898 765 954 baereditas
793 900 888 955 uxoris
914 899 1001 953 omnis
1022 917 1093 969 pene
1113 901 1205 955 adhuc
1224 907 1270 954 est
1288 900 1318 953 in
1336 898 1442 967 Styri&
1482 899 1527 952 De
1548 903 1642 967 portu

273 978 330 1031 scio
351 985 380 1032 te
400 977 551 1031 rectissime
572 979 768 1045 consulturum,
790 980 835 1050 qui
856 987 905 1034 sat
923 979 1011 1043 nosti,
1032 997 1084 1033 mo
1103 997 1211 1034 omnem
1230 980 1298 1036 milri
1317 980 1402 1033 licere
1422 978 1509 1042 adire,
1528 984 1564 1031 et
1585 994 1639 1030 ex·

273 1057 592 1128 pedimmeiastudiis,
622 1066 761 1130 utquam
789 1055 1644 1129 mimumulibuiumuauenmpreaellnnrissar.in

275 1145 691 1208 quemmesumrecepturus.
732 1140 787 1194 Sed
816 1138 1020 1194 deillbmeis
1046 1139 1146 1205 nmis,
1174 1140 1300 1196 bocast
1327 1142 1362 1193 de
1388 1134 1644 1207 dilectam

272 1219 360 1272 dicam
374 1217 464 1286 plura
493 1218 618 1272 llortuus
633 1225 758 1273 estante
775 1220 914 1276 biennium
926 1235 1006 1273 socer
1024 1235 1110 1284 mma,
1131 1220 1237 1275 rabotio
1258 1217 1541 1278 bouisimmobilrbus
1564 1231 1639 1270 sane
1725 1249 1731 1256 ·

274 1314 328 1350 non
348 1297 552 1350 contemnendis
578 1315 632 1351 uno
656 1299 769 1353 milliari
790 1298 863 1353 infra
883 1298 1037 1354 Grsetiutn.
1067 1298 1138 1353 Nam
1160 1299 1242 1354 uxori
1261 1315 1343 1353 meae
1362 1313 1414 1368 pro
1433 1296 1533 1367 quinta
1552 1301 1644 1365 parto

273 1392 380 1431 summa
399 1376 481 1430 mum
500 1377 615 1431 millium
635 1395 672 1432 ex
694 1379 887 1433 aestimatione
908 1380 1059 1433 haeredum
1079 1379 1205 1433 ostem
1237 1381 1318 1433 Bona
1337 1377 1420 1432 dividi
1439 1394 1496 1431 non
1514 1380 1644 1446 possunt

273 1474 322 1512 seu
343 1454 497 1510 conditione
519 1473 572 1511 sua
592 1474 641 1511 seu
661 1459 817 1528 pertinacia
831 1475 953 1514 meorum
967 1458 1099 1513 affinium
1125 1458 1156 1513 si
1174 1459 1340 1522 vendantur,
1362 1456 1480 1528 pretium
1501 1455 1560 1509 vile
1583 1454 1643 1507 erit

275 1537 302 1589 iu
323 1543 406 1590 tanta
424 1536 542 1604 penuria
562 1547 696 1592 emturum
716 1539 770 1593 hoc
791 1547 924 1609 tempore.
967 1537 1097 1601 Quamvis
1118 1539 1172 1593 huc
1192 1555 1247 1610 ege
1267 1538 1411 1602 inclinem,
1439 1535 1463 1589 si
1484 1534 1642 1607 magistra·

275 1623 333 1670 tum
352 1616 486 1670 haberem
506 1617 646 1673 brentam
667 1620 703 1672 ad
724 1619 924 1689 impetrandam
944 1617 1115 1673 divisionem.
1147 1619 1218 1674 Nam
1239 1616 1389 1674 communio
1404 1614 1565 1686 perniciosa
1579 1621 1643 1668 est:

275 1704 340 1749 sunt
361 1697 433 1750 enim
452 1697 617 1751 molendina.
659 1699 784 1761 Quonam
803 1698 890 1770 igitur
910 1705 995 1769 pacto
1017 1698 1091 1752 bona
1111 1699 1185 1762 ista,
1206 1714 1289 1770 quam
1309 1696 1368 1752 fieri
1387 1703 1499 1768 potest,
1524 1693 1642 1749 minimo

275 1778 374 1830 damno
396 1777 424 1828 in
444 1793 533 1831 meam
554 1783 723 1847 potestatem
743 1779 885 1850 redigam,
917 1777 964 1832 din
979 1776 1040 1847 jam
1069 1780 1118 1831 sed
1145 1778 1252 1833 frustra
1277 1778 1411 1832 delibero.
1452 1775 1539 1829 Video
1574 1772 1643 1828 mibi

277 1855 436 1924 adjumento
464 1856 586 1911 futuram
615 1858 688 1911 hanc
713 1874 802 1912 meam
823 1857 1005 1913 conditionem
1029 1858 1150 1913 alicam
1169 1865 1200 1912 et
1219 1857 1243 1911 si
1264 1859 1329 1928 quid
1347 1857 1537 1926 inceptorem,
1566 1869 1642 1906 com·

277 1935 466 1990 mandationes
486 1936 566 1990 iude:
597 1938 645 1992 sed
666 1938 809 1992 consilium
829 1937 889 2007 ipse
911 1938 1030 1992 formare
1050 1945 1080 1992 et
1101 1937 1263 2008 principium
1285 1937 1388 2009 agendi
1412 1933 1536 1989 invenire
1557 1933 1589 1988 iu
1609 1948 1641 1986 ra

278 2024 335 2069 tam
355 2017 494 2085 perplexa
513 2033 567 2070 non
588 2033 708 2086 possum.
735 2018 822 2072 Nulla
840 2017 949 2088 quidem
968 2017 1082 2088 privata
1101 2016 1205 2072 invidia
1223 2035 1328 2088 gravor
1347 2018 1376 2071 in
1397 2016 1466 2070 aula
1484 2011 1640 2070 Graecensi

277 2102 307 2148 et
327 2111 417 2164 spero,
440 2096 463 2149 si
484 2113 567 2150 unum
587 2097 706 2168 aliquem
727 2115 764 2152 ex
784 2097 942 2168 praecipuis
963 2097 1128 2167 praesertim
1149 2115 1186 2151 ex
1207 2098 1348 2170 regiminis
1369 2097 1500 2151 haberem
1518 2110 1573 2164 per
1593 2108 1642 2146 cu·

276 2176 428 2246 jusounque
449 2176 502 2231 mei
522 2177 640 2231 fautoris
660 2178 798 2248 privatam
818 2177 1087 2241 commendationem,
1110 2193 1128 2231 a
1146 2178 1213 2233 meis
1231 2178 1358 2250 partibus
1377 2174 1563 2230 asmonomiae
1582 2187 1642 2225 una

278 2256 434 2310 faventem:
462 2273 546 2326 posse
566 2258 709 2328 negotium
729 2257 839 2322 confici,
869 2274 920 2327 pro
948 2274 1002 2328 quo
1029 2274 1084 2329 ego
1105 2274 1160 2312 uon
1180 2274 1269 2313 essem
1289 2257 1427 2329 ingratus.
1468 2255 1552 2309 Alter
1573 2268 1641 2306 rere

277 2334 366 2405 major
385 2352 428 2389 mo
449 2338 595 2407 scrupulus
615 2345 708 2409 urget.
750 2337 883 2410 Privigna
912 2338 978 2391 milri
1005 2346 1050 2391 est
1078 2337 1124 2391 hic
1155 2337 1263 2409 quidem
1283 2338 1396 2409 Progne
1425 2337 1500 2406 apud
1520 2340 1641 2388 matrem

278 2431 357 2470 suam
378 2412 465 2485 (quod
485 2416 513 2471 in
534 2418 659 2473 beneficii
678 2427 760 2489 parte
782 2435 907 2490 agnosco
928 2417 969 2472 ita
986 2417 1149 2487 permissum
1169 2413 1257 2484 esse),
1284 2416 1363 2487 cujus
1391 2418 1465 2471 bona
1493 2415 1522 2469 in
1542 2411 1642 2484 Styria

278 2494 330 2549 sub
352 2495 490 2549 tutoribus
512 2503 577 2550 sunt
597 2515 651 2553 nou
671 2499 782 2553 minoris
803 2497 953 2553 assumato
972 2498 1066 2551 decem
1085 2497 1200 2551 millium
1221 2499 1255 2551 de
1276 2497 1377 2568 potiori
1397 2503 1479 2566 parte
1504 2508 1640 2564 praesen·

279 2575 315 2628 tis
335 2575 481 2644 pecuniae.
518 2575 637 2647 Propior
657 2578 790 2634 alimenta
809 2577 871 2648 ejus
891 2576 1041 2648 privignae
1061 2578 1198 2632 debentur
1217 2577 1283 2632 mihi
1303 2574 1451 2649 quotannis
1472 2575 1507 2628 ad
1529 2573 1569 2628 '10
1590 2572 1638 2626 llo·

277 2671 358 2709 renos
379 2654 537 2725 praesentis
557 2657 708 2726 pecuniae,
735 2666 765 2712 et
789 2664 941 2729 praeterea
966 2673 1032 2711 usus
1060 2658 1166 2712 fructum
1193 2657 1291 2711 vineae
1316 2663 1346 2712 et
1376 2656 1484 2710 aedium
1508 2653 1538 2708 in
1559 2653 1637 2707 urbe.

277 2734 330 2790 Hic
351 2752 406 2788 non
426 2741 534 2790 tantum
554 2753 627 2791 uxor
646 2754 709 2793 mea
729 2739 847 2793 sollicite
868 2736 969 2802 motat,
996 2743 1029 2791 ut
1048 2737 1094 2791 sel
1115 2738 1216 2792 saltem
1236 2737 1359 2809 aliquam
1378 2735 1533 2807 portionem
1555 2741 1638 2788 extro
1753 2741 1754 2796 ξ

276 2815 377 2869 limites
398 2814 510 2888 Styriae
531 2823 638 2872 tutores
660 2820 800 2889 deponant
819 2823 936 2889 propter
955 2816 1150 2874 securitatem:
1182 2835 1300 2890 acquum
1319 2816 1393 2872 euim
1412 2833 1492 2878 esse,
1523 2819 1557 2868 ut
1577 2814 1639 2903 ipsa

277 2913 385 2966 quoque
406 2895 433 2950 in
454 2902 536 2967 parte
557 2898 665 2954 tutelae
687 2898 740 2966 sit,
770 2915 858 2969 neque
879 2899 981 2953 absens
1007 2904 1037 2951 et
1062 2897 1170 2952 omnino
1191 2914 1211 2952 a
1230 2897 1400 2953 conscientia
1418 2895 1502 2966 hujus
1523 2893 1637 2948 aouim-
1753 2941 1754 2950 ,

277 2975 420 3031 strationis
440 2983 556 3042 remota,
578 2978 643 3034 olim
664 2980 812 3051 neglectae
831 2984 977 3033 maternae
996 2977 1187 3048 providentiae
1207 2979 1333 3033 mensuri
1346 2977 1451 3048 possit;
1472 2972 1638 3046 praesuta
1753 2963 1754 2986 ¹

278 3074 339 3110 cum
360 3063 477 3121 constet,
500 3059 619 3118 alterum
639 3065 761 3115 tutorum
781 3059 889 3129 aliquot
909 3045 998 3112 millia
1017 3056 1103 3127 hujus
1123 3058 1280 3128 praesentis
1301 3057 1435 3128 pecuniae
1448 3063 1544 3110 mutuo
1564 3067 1638 3107 suur-

278 3137 347 3189 sisso
367 3143 398 3189 et
417 3138 534 3207 praedia
553 3155 604 3209 pro
626 3157 656 3194 se
677 3141 775 3193 emisse
794 3156 849 3192 uon
879 3138 1025 3192 admodum
1056 3143 1133 3200 tuta;
1164 3139 1213 3191 sed
1240 3137 1327 3192 etiam
1345 3138 1407 3209 ipse
1425 3152 1480 3210 ego
1498 3131 1638 3205 talequid

278 3215 408 3286 percupio
429 3218 504 3282 fieri,
527 3225 560 3272 ut
580 3217 603 3272 si
624 3236 678 3291 quo
698 3219 810 3291 longius
831 3235 849 3271 a
869 3217 966 3291 styria
987 3217 1094 3284 abeam,
1116 3211 1318 3288 expeditiorem
1338 3219 1459 3272 habeam
1478 3213 1638 3287 pensionem

278 3296 374 3358 illam,
395 3296 428 3349 de
450 3299 605 3368 quamodo
625 3299 692 3354 dixi
733 3300 804 3353 Nam
824 3298 876 3351 buo
897 3297 1007 3370 quidem
1027 3303 1151 3368 tempore
1173 3297 1359 3370 cogitationes
1379 3314 1458 3352 meae
1479 3294 1636 3350 distrahun·

278 3383 331 3440 tur,
353 3381 385 3429 ut
406 3375 447 3430 its
466 3375 590 3431 intentus
610 3395 672 3432 esse
693 3379 728 3433 ad
748 3377 842 3434 studia
861 3395 917 3432 non
936 3375 1049 3448 possim,
1066 3376 1128 3446 jam
1147 3393 1199 3446 pro
1218 3378 1282 3432 dote
1299 3377 1395 3433 uxoris
1414 3374 1559 3440 sollicitus,
1576 3373 1637 3444 jam

277 3471 372 3510 curam
391 3471 481 3527 agens
502 3458 610 3513 aedium
629 3458 785 3532 privignae,
797 3457 864 3529 jam
881 3457 980 3513 vineae
999 3456 1136 3512 culturam
1154 3464 1289 3524 tractans,
1306 3458 1368 3529 jam
1386 3458 1521 3513 alimenta
1533 3452 1636 3510 crebris

278 3535 367 3591 literis
388 3553 544 3607 reposcens.

318 3612 324 3625 '
366 3617 445 3671 Haeo
459 3617 551 3673 omnia
564 3617 680 3690 negotia
692 3618 960 3690 multiplicabuntur,
982 3618 1048 3671 flent
1062 3617 1154 3672 omnia
1166 3609 1322 3673 difficiliora
1338 3615 1481 3689 expeditu,
1503 3615 1637 3687 siPrsgs

279 3696 442 3751 discessero.
474 3697 605 3752 Miserum
626 3715 677 3764 mc,
699 3698 743 3752 cui
763 3700 834 3754 haec
855 3699 919 3753 olim
940 3697 1008 3753 satis
1030 3698 1176 3767 splendida
1191 3698 1253 3768 jam
1273 3697 1343 3753 nulli
1368 3703 1434 3753 sunt
1453 3696 1532 3761 usui,
1555 3705 1634 3767 quam

278 3783 311 3830 ut
331 3776 512 3832 difficiliorem
532 3780 649 3832 reddant
669 3778 856 3835 oeconomiam
882 3785 969 3850 utque
995 3794 1110 3833 uxorem
1138 3785 1168 3832 et
1197 3779 1353 3852 privignam
1372 3779 1454 3833 lauta
1474 3776 1538 3832 olim
1558 3775 1587 3830 iu
1608 3787 1636 3827 re

279 3856 436 3911 sumtiosius
457 3859 540 3912 alam.

368 3938 448 3993 Haec
467 3938 571 4010 itaque,
593 3945 625 3993 ut
644 3938 723 3994 initio
744 3940 810 4005 dixi,
832 3941 865 3994 ad
887 3938 1058 3996 formandum
1079 3937 1222 3994 consilium
1239 3938 1380 4010 pertinere
1398 3954 1457 3993 sum
1474 3934 1634 3992 arbitratus.

279 4018 412 4088 Tempus,
438 4020 532 4145 pt3ad
556 4019 742 4090 pulcherrima
766 4028 862 4074 nostra
886 4020 979 4074 studia
1006 4008 1159 4074 sermonem
1179 4019 1354 4074 transferam.
1405 4022 1456 4088 (Ex
1473 4024 1549 4075 literis
1567 4022 1592 4073 d
1611 4020 1634 4072 d

281 4094 323 4145 12.
340 4097 399 4148 lan.
423 4094 433 4143 1
454 4094 509 4159 0).

368 4182 443 4234 Brevi
461 4191 516 4248 post
534 4181 608 4248 (Msj.
630 4181 711 4247 160³)
730 4187 834 4237 nunciat
851 4184 975 4250 Koplerus
993 4183 1139 4246 Heremo,
1157 4201 1257 4237 uxorem
1275 4199 1347 4236 suam
1364 4185 1391 4234 in
1410 4181 1518 4248 styriam
1537 4183 1633 4238 attius

280 4259 308 4306 ut
325 4270 364 4305 res
382 4269 442 4305 suas
460 4256 515 4320 ipsa
533 4262 637 4307 curaret
675 4256 858 4308 Herwartus
877 4254 914 4319 (d.
935 4254 977 4306 17.
997 4255 1055 4307 Jun.
1076 4252 1159 4319 1603)
1177 4257 1241 4309 haec
1258 4255 1396 4322 respondit:

368 4343 444 4393 Edlsr
461 4343 610 4396 Ehrnvester
627 4344 678 4395 und
696 4343 898 4412 Hoolsgelebrter.
935 4343 1005 4398 Euch
1031 4344 1102 4396 seind
1130 4348 1212 4397 moine
1234 4343 1413 4411 treundwilllpe
1438 4342 1529 4396 Dicunt
1555 4341 1633 4398 beros,

279 4413 381 4466 sondsrs
399 4414 475 4465 liobor
492 4414 558 4466 Herr
574 4414 625 4466 und
643 4422 716 4483 guter
732 4417 839 4469 Freuud
1360 4423 1362 4427 ‘

369 4502 413 4552 ich
439 4502 490 4552 hub
516 4505 562 4554 mit
588 4504 643 4554 dom
668 4505 749 4555 Herm
772 4504 848 4555 Peter
873 4504 961 4566 Casal,
985 4505 1059 4557 Rath
1080 4506 1131 4557 und
1159 4503 1316 4557 secretariam
1341 4503 1366 4556 J.
1385 4503 1414 4554 F.
1433 4503 1467 4554 D.
1494 4499 1633 4554 Fordiuand

281 4587 329 4622 ron
348 4572 490 4632 Oestreiob‚
515 4589 603 4642 vogen
621 4575 665 4625 dos
683 4576 764 4627 Herm
781 4576 1086 4643 nmhsmhmdungeu
1104 4575 1215 4645 gercdct·
1251 4576 1285 4627 Er
1308 4577 1355 4627 hat
1376 4575 1430 4630 sict
1448 4575 1576 4633 emon,
1596 4573 1633 4623 bai

281 4644 764 4698 deuSscbenseiuBestssautbuu.
801 4647 846 4698 ΔΙ·
868 4648 929 4699 vird
954 4647 1079 4699 derflsrr
1104 4646 1350 4705 soiuflamirancn.
1377 4646 1497 4698 auidos
1518 4645 1573 4696 Pali
1600 4646 1633 4695 stc

281 4714 504 4775 uoahsuGreta,
531 4716 847 4777 wlcbosvlsseulassem
872 4720 955 4771 demit
976 4720 1014 4770 als
1035 4717 1556 4784 slohtbslibmmeldanlasssumm·
1591 4714 1634 4768 ld

274 4786 1632 4859 ¹'illabentemllosrnnbrerbalton,dassenutrisscudemVartrsamnwdnbtssrhdt·
