3609 5634
311 376 332 443 4
525 378 625 431 ’,
907 381 1066 431 Prooemium

310 540 488 602 distantiam
500 535 586 603 Jovis
601 547 633 603 et
646 541 766 618 Martis,
790 542 970 623 quadratum
983 541 1037 604 lac.
1058 539 1201 603 adhibere
1219 544 1354 611 conatus,
1372 556 1439 600 cum
1457 555 1517 600 uon
1537 532 1668 598 meliore

309 666 451 709 successu
475 648 634 727 gauderet,
658 649 696 710 ad
719 648 908 731 regularia
930 646 1153 729 geometrica
1174 664 1343 726 corpora,
1372 653 1406 707 ut
1427 644 1524 722 globis
1551 644 1669 720 (neque

307 771 398 829 vero,
431 754 510 835 qnod
537 753 601 833 ipse
624 773 766 835 expresse
788 755 935 827 cavebat,
968 752 1100 817 realibus
1128 772 1181 815 seu
1211 746 1429 827 materialibus,
1462 750 1571 832 quales
1601 756 1669 809 tum

307 859 451 940 temperis
479 860 564 923 multi
595 860 783 942 lingebant),
816 861 922 945 quibus
949 860 1189 941 circumscriptos
1215 858 1356 939 planetas
1383 856 1495 919 moveri
1509 853 1666 935 putabat,

303 966 404 1048 tnagis
426 984 567 1047 congma,
591 985 679 1049 qnam
701 968 817 1049 lignrac
831 969 941 1050 planae
958 976 1039 1042 sunt,
1064 985 1236 1042 conversus,
1259 984 1333 1027 vera
1355 964 1412 1027 sibi
1433 963 1547 1026 vidisse
1572 960 1667 1023 vide-

305 1073 407 1149 batur,
431 1073 612 1156 inventaque
633 1075 796 1138 Ptodromo
819 1074 952 1157 pluribus
976 1093 1114 1138 enarrare
1138 1080 1170 1135 et
1192 1072 1397 1135 demonstrare
1420 1076 1557 1132 conatur.

392 1180 500 1270 Itaque
522 1182 651 1262 primum
670 1183 751 1264 (cap.
768 1181 802 1258 1)
826 1183 932 1266 qnibns
954 1181 1055 1246 causis
1078 1181 1225 1244 adductus
1248 1177 1485 1259 Copemieanam
1507 1175 1667 1247 rationem

304 1286 461 1366 amplexus
479 1286 531 1361 sit,
549 1295 671 1351 enarrat
677 1307 687 1364 3
711 1288 819 1351 dende
838 1290 920 1370 (cap.
935 1285 972 1364 2)
991 1288 1039 1364 iis,
1058 1306 1135 1369 quae
1153 1287 1218 1367 ipse
1236 1284 1393 1360 invenerit,
1417 1291 1561 1365 tauquam
1581 1298 1666 1342 novo

303 1392 492 1456 adminiculo.
506 1395 655 1458 rationem
677 1394 760 1457 illam
783 1393 881 1458 fulciri
899 1395 1015 1469 credit3
1039 1401 1102 1458 tum
1122 1395 1204 1473 (cap.
1219 1388 1349 1467 3-17)
1368 1409 1494 1472 corpora
1511 1410 1570 1451 sna
1588 1388 1663 1467 pla-

302 1505 439 1561 netarum
462 1500 582 1564 orbibus
605 1501 829 1564 accommodare
850 1502 969 1576 studet,
992 1520 1047 1563 nec
1071 1519 1145 1573 non,
1169 1518 1245 1581 quae
1267 1500 1305 1561 de
1328 1496 1459 1560 numeris
1483 1514 1541 1559 uon
1566 1495 1664 1575 plane

301 1624 356 1667 nec
378 1606 409 1668 in
433 1607 569 1670 omnibns
591 1608 721 1689 planetis
741 1627 864 1689 prorsus
882 1608 1114 1690 congruentibus
1128 1606 1318 1688 objiciuntur,
1342 1605 1503 1684 explanare
1526 1609 1584 1665 ant
1607 1620 1662 1664 rc-

299 1710 404 1774 fellere
411 1730 421 1788 3
451 1731 560 1775 novam
586 1712 709 1794 insuper
730 1722 764 1777 et
784 1713 841 1777 lmc
863 1733 957 1796 usqne
980 1714 1126 1776 intactam
1150 1715 1302 1794 ingressus
1328 1712 1427 1784 uam,
1456 1710 1524 1773 loca
1544 1709 1661 1789 plane·

299 1823 397 1880 tarum
420 1815 529 1898 Capite
552 1818 629 1894 XV,
653 1840 711 1883 nou
734 1821 774 1884 ad
795 1821 940 1897 medinm,
965 1821 1020 1884 sed
1043 1821 1082 1883 ad
1107 1828 1301 1908 apparentem
1324 1817 1405 1881 Solis
1428 1818 1526 1879 locum
1547 1817 1660 1879 refert.

297 1924 456 1989 Postremo
479 1927 561 2008 (cap.
589 1924 732 2004 18-21)
755 1948 871 1993 errores
898 1930 938 1992 ab
966 1929 1147 1993 astronomis
1169 1929 1199 1991 iu
1223 1924 1418 1989 observandis
1440 1923 1573 2006 planetis
1598 1921 1661 1984 ad·

298 2032 406 2095 missos
429 2052 590 2098 recensens
613 2043 645 2097 et
668 2035 850 2117 dijudicans,
882 2055 976 2118 opera
997 2043 1031 2099 et
1052 2037 1177 2100 consilio
1199 2031 1391 2099 Maestlini
1413 2049 1598 2112 magnopere
1622 2047 1659 2091 se

298 2138 434 2220 adjutum
458 2159 526 2203 esse
549 2150 637 2222 grato
660 2143 758 2206 aubno
776 2143 949 2225 prolitetnr3
973 2163 1141 2227 quanquam
1155 2143 1282 2223 posthac
1301 2141 1379 2216 illas,
1404 2157 1481 2221 qnae
1502 2137 1657 2201 videban-

283 2253 361 2319 ·tur,
391 2247 615 2312 emendationes
643 2251 773 2323 numeris
800 2270 817 2313 e
845 2246 1032 2333 'regularibus
1055 2250 1228 2332 corporibus
1252 2249 1396 2310 desumtis
1418 2249 1464 2310 ita
1485 2252 1657 2309 retractat:

299 2359 441 2431 ,ceterae
464 2356 628 2418 errantium
650 2376 837 2420 numerorum
860 2358 899 2420 ad
923 2358 1082 2421 veritatem
1106 2355 1279 2431 allusiones,
1305 2373 1380 2437 quas
1402 2351 1516 2435 passim
1539 2351 1654 2431 allego,

299 2460 442 2523 fortuitae
461 2468 539 2537 snut,
564 2481 620 2525 neo
634 2462 752 2544 dignae,
777 2483 852 2546 qnae
866 2465 1073 2539 excutiantur3
1092 2461 1244 2546 jucundae
1266 2469 1368 2523 tamen
1391 2459 1461 2521 mibi
1483 2458 1654 2539 recognito,
1732 2460 1735 2465 ’

298 2565 369 2646 qnia
389 2573 525 2643 monent,
555 2568 661 2650 quibus
684 2571 869 2648 maeandris,
900 2590 1022 2653 qnomm
1044 2571 1191 2653 parietum
1213 2567 1401 2649 palpatione,
1418 2622 1421 2629 ,
1428 2584 1483 2647 per
1508 2565 1655 2627 tenebras

297 2673 499 2753 ignorantiae,
524 2674 563 2736 ad
585 2676 763 2755 pellucidum
787 2677 898 2741 ostium
920 2678 1060 2740 verimtis
1083 2676 1285 2739 devenerim.“
1332 2675 1430 2748 (Nota
1452 2674 1492 2734 sd
1513 2690 1582 2753 cap.
1607 2669 1648 2734 21

297 2780 472 2859 posterloris
497 2780 664 2857 editionis.)
707 2784 832 2847 Duobus
856 2786 1004 2873 supremis
1026 2785 1176 2867 capitibus
1199 2779 1268 2858 (22.
1292 2779 1363 2856 23.)
1392 2782 1429 2843 de
1458 2780 1652 2860 planetarum

298 2894 430 2951 motuum
453 2888 562 2965 causis,
587 2890 624 2952 de
647 2888 733 2952 initio
756 2899 789 2954 et
810 2892 868 2955 fine
890 2893 993 2956 mundi
1015 2893 1181 2975 disputans,
1206 2908 1281 2971 opns
1304 2888 1489 2951 suumlinit.

385 2992 449 3058 Sed
471 3013 560 3076 quum
582 2996 741 3059 maximam
762 3005 880 3077 partem
897 2999 947 3063 hic
970 3000 1089 3063 libellus
1116 3006 1248 3081 exponat
1265 2999 1392 3080 quinque
1411 2994 1560 3077 regularia
1577 3010 1650 3056 cor-

297 3117 386 3181 pora,
408 3100 485 3163 haec
507 3101 638 3165 habeto:
709 3116 714 3125 '

236 3288 240 3295 Χ
385 3206 517 3270 Veteres
536 3207 597 3271 illis
615 3210 787 3291 corporibus
804 3211 962 3292 plurimum
979 3210 1163 3274 tribuebant.
1200 3208 1403 3293 Pythagoraei
1418 3208 1538 3291 quidem
1550 3227 1651 3271 rerum

299 3313 429 3377 omnium
451 3314 602 3378 elementa
624 3314 684 3378 illis
711 3317 858 3380 contineri
885 3316 1076 3395 statuebant,
1106 3316 1293 3379 dodecaodro
1319 3334 1418 3379 rernm
1440 3314 1650 3380 universitatis

297 3418 457 3502 imaginem
480 3422 602 3497 referri,
626 3423 780 3486 tetracdrc
802 3423 919 3504 ignem,
943 3423 1018 3487 cubo
1036 3432 1163 3500 terram,
1187 3423 1330 3486 oetaeum
1353 3429 1469 3500 aerem,
1492 3422 1649 3485 icmssdro

298 3545 407 3607 aquam
430 3526 591 3608 significari
614 3529 760 3592 dicentes.
793 3531 865 3593 Illos
884 3531 1086 3613 sequebantur
1104 3530 1214 3594 similia
1232 3529 1415 3593 somniantes
1436 3529 1556 3614 mystici
1576 3529 1648 3612 phi·

297 3633 415 3713 losephi
438 3637 539 3699 seculo
556 3635 620 3699 XV
641 3641 673 3699 et
691 3635 787 3699 XVI:
811 3639 917 3720 quibus
940 3638 1047 3702 iisdem
1068 3639 1105 3702 de
1129 3641 1217 3703 rebus
1241 3638 1332 3701 etiam
1354 3637 1521 3720 posteriore
1544 3644 1646 3700 aetate

297 3739 415 3820 Auglns
438 3740 488 3804 ills
509 3741 660 3806 Robertns
683 3744 721 3806 de
739 3743 894 3807 Fluctibus
918 3763 985 3807 cum
1003 3745 1135 3826 Keplero
1158 3745 1188 3807 in
1211 3745 1305 3807 risam
1328 3744 1421 3806 venit.
1458 3744 1493 3806 Iu
1511 3742 1646 3806 Euclidis

297 3846 454 3909 elementis
471 3848 539 3912 libri
554 3847 640 3926 XIII,
663 3850 749 3927 XIV,
768 3851 841 3929 XV,
864 3870 923 3914 nun
942 3851 1000 3914 uisi
1017 3851 1167 3934 regularia
1185 3871 1311 3933 corpora
1333 3857 1494 3931 caponum,
1517 3851 1554 3913 de
1577 3851 1644 3932 qni-

296 3953 353 4016 bns
371 3973 447 4037 qnae
465 3955 554 4018 affert
571 3954 728 4037 Keplcrus,
751 3958 813 4021 illis
836 3958 921 4021 libris
939 3958 1043 4021 innixa
1060 3959 1244 4039 geometrica
1266 3958 1381 4020 ratione
1404 3958 1443 4019 ab
1465 3956 1525 4023 illis
1549 3957 1644 4020 dedu-

297 4068 412 4125 cuntur.
442 4093 483 4105 -
512 4060 654 4125 Calculus
681 4064 941 4144 trigencmetricus
967 4065 1049 4128 hand
1075 4066 1176 4150 inepte
1203 4066 1260 4128 hoc
1290 4067 1356 4128 loco
1383 4065 1579 4140 adhibeatur,
1610 4072 1645 4125 nt

295 4167 396 4247 posita
418 4188 438 4230 a
458 4168 591 4250 Keplero
613 4171 765 4233 sententia
793 4173 977 4235 examinetur
1004 4180 1037 4235 et
1062 4172 1169 4235 calcnli
1197 4173 1276 4235 ratio
1303 4171 1420 4235 facilins
1447 4180 1645 4252 cognoscatur

297 4271 335 4335 ab
357 4273 409 4350 iis,
434 4273 539 4354 quibus
561 4274 717 4339 Euclidica
739 4278 817 4341 ratio
839 4279 950 4356 minus,
974 4297 1063 4361 qoam
1083 4278 1138 4342 illa
1160 4279 1189 4341 in
1212 4299 1267 4341 usn
1290 4288 1347 4342 est.

383 4379 435 4441 Ad
457 4379 650 4446 inveniendos
672 4385 773 4447 radios
797 4385 840 4459 (r,
866 4384 911 4460 R)
934 4384 1089 4465 globomm
1110 4386 1190 4449 intra
1212 4394 1243 4449 et
1265 4387 1375 4450 circum
1397 4404 1522 4466 corpora
1544 4384 1641 4465 scrip·

295 4493 393 4548 torum
416 4504 491 4566 opns
513 4498 562 4551 est
583 4490 711 4570 cognitis
735 4491 851 4571 angulis
873 4491 1099 4555 inclinationum
1121 4495 1287 4575 planorum.
1332 4492 1381 4555 Illi
1404 4500 1504 4555 antem
1527 4492 1571 4554 ita
1593 4490 1642 4553 in-

296 4591 462 4657 veniuntur.
508 4591 543 4657 Si
566 4615 604 4659 cx
625 4598 738 4660 vertice
762 4598 862 4679 anguli
885 4599 974 4661 solidi
1001 4600 1183 4682 descriptum
1210 4599 1390 4681 cogitaveris
1418 4619 1535 4683 quoqne
1557 4598 1641 4662 radio

298 4699 428 4779 globum,
446 4700 494 4763 hic
507 4702 606 4781 planis
621 4705 721 4786 anguli
735 4705 822 4767 solidi
837 4714 966 4783 secatur,
986 4707 1093 4770 deinde
1113 4708 1300 4771 describatur
1312 4708 1499 4789 sphaericum
1511 4708 1639 4788 polygo-

297 4824 367 4868 num
380 4808 563 4887 respondens
578 4812 686 4891 angulo
705 4811 811 4887 solido,
831 4813 914 4893 cujus
932 4813 1031 4893 latera
1049 4815 1107 4877 sibi
1122 4823 1192 4877 snut
1211 4815 1358 4895 aequalia,
1377 4815 1544 4897 anguliqne,
1569 4812 1639 4875 item
