3609 5634
270 327 338 401 228
700 334 802 386 num
819 331 926 398 zares
944 335 1096 401 monsque
1113 341 1214 386 msa„

270 494 420 558 Henrlcus
444 495 523 559 mem
551 496 631 559 luter
651 494 710 559 23.
734 504 767 558 ei
789 493 845 560 24.
868 494 940 560 Jon.
966 494 1013 559 St.
1039 496 1092 570 V,
1116 497 1205 577 paulo
1228 503 1299 576 post
1320 494 1351 557 n.
1378 489 1419 555 tt
1442 499 1635 553 nocturnam.

272 583 334 646 Sed
349 585 387 646 de
402 592 464 647 tuo.
506 585 549 649 M.
567 583 604 650 O.
620 583 747 656 28⁰2,
762 587 836 648 nse.
852 583 969 662 27⁰&
993 594 1104 656 dante
1124 586 1294 665 septimam,
1312 585 1387 645 forte
1404 582 1497 643 etiam
1512 581 1540 640 in
1559 579 1634 650 Vll,

271 681 305 734 nt
326 674 416 752 paulo
439 676 585 737 maturius
608 674 760 737 acciderit
808 672 1011 737 Constellatio
1036 674 1223 736 validissima
1246 683 1305 734 est.
1350 671 1446 733 Aiunt
1480 681 1633 730 cometam

272 762 367 825 videri
385 763 452 841 jam
475 760 775 844 perilsoptimanas.
814 764 848 824 Id
873 764 898 825 si
914 772 973 836 est,
997 783 1054 825 non
1078 762 1271 842 nempevidi,
1295 780 1352 823 non
1369 759 1483 834 dubito,
1505 759 1574 837 quin
1590 757 1632 818 ab

272 850 331 912 illis
355 848 536 931 dplanetis,
562 852 713 915 stantibus
734 851 775 927 il,
801 861 826 923 ό
849 851 879 913 iu
902 854 1077 934 propinquo,
1103 849 1215 926 ΔΜ
1235 851 1382 923 diuturno,
1408 842 1483 926 [lb.
1512 855 1537 916 α’
1561 849 1633 924 lla·

270 939 331 1001 tico
348 940 403 1014 (l).
450 939 524 1002 Sum
539 941 617 1003 enim
640 941 669 1003 in
695 962 732 1003 ea
750 940 899 1021 opinione,
925 942 983 1003 etsi
1007 951 1125 1003 cometa
1148 940 1255 1020 aliquis
1270 940 1318 1000 vel
1334 939 1400 1018 ipsa
1415 937 1509 999 Terra
1533 935 1635 1013 major

271 1028 321 1102 sit,
347 1037 378 1090 et
401 1028 568 1094 altissimus
587 1031 691 1101 etiam,
716 1031 875 1094 dummodo
890 1041 1002 1104 currat,
1027 1031 1138 1092 Terrae
1158 1029 1293 1092 sobolem
1313 1048 1390 1090 esse.
1430 1021 1513 1088 Cur?
1550 1022 1634 1093 Quia
1756 1029 1759 1034 '

271 1136 400 1196 semper,
423 1119 658 1199 quotiescunque
681 1128 912 1194 suutoometae,
936 1121 1105 1201 praecessit
1126 1119 1214 1199 paulo
1235 1127 1305 1179 ante
1329 1116 1431 1178 valida
1453 1110 1485 1190 ii,
1511 1113 1633 1187 licon-

270 1206 418 1288 figuratio,
443 1215 497 1269 aut
521 1209 736 1289 aequipollens,
761 1218 795 1271 ut
818 1228 884 1270 curn
909 1208 1218 1280 deststatiouarius.
1244 1216 1308 1268 tum
1331 1205 1408 1267 enim
1433 1204 1514 1263 vires
1538 1202 1632 1262 babet

271 1302 305 1356 ut
327 1295 469 1375 superior,
495 1315 527 1358 re
550 1298 761 1359 veraltardus.
810 1295 1013 1375 Configuratio
1037 1307 1154 1371 autern,
1179 1304 1213 1359 ut
1236 1294 1333 1368 nosti,
1359 1301 1391 1356 et
1414 1299 1558 1371 aspectus
1582 1301 1632 1350 est

271 1383 301 1445 in
325 1379 428 1456 Terra,
453 1403 510 1446 uun
535 1386 564 1449 in
589 1387 672 1448 coelo
697 1385 779 1449 alibi.
827 1386 906 1449 Vide
937 1396 1039 1449 autem
1067 1385 1277 1466 cognationem
1301 1383 1477 1444 thematum.
1525 1379 1631 1440 Habes

272 1479 305 1533 tu
328 1470 451 1550 AQQ,
477 1473 624 1537 habetet
646 1476 706 1548 ille,
731 1483 855 1556 uterque
880 1478 902 1550 b
926 1476 1137 1554 posteriorem,
1162 1474 1256 1536 habes
1279 1483 1311 1535 tu
1335 1468 1451 1548 Ab),
1481 1470 1575 1531 habet
1598 1481 1632 1529 et

269 1561 321 1622 rue
345 1562 408 1622 rere
433 1558 541 1638 ab).
566 1563 659 1625 naues
683 1561 956 1641 urerentur,
981 1564 1073 1625 naues
1097 1564 1202 1626 earne
1242 1562 1300 1625 nn
1314 1561 1369 1623 nn
1392 1557 1427 1634 b,
1453 1560 1511 1637 ipsi
1533 1555 1630 1635 eis,

269 1647 319 1711 ubi
342 1650 397 1712 tibi
423 1653 461 1724 ),
487 1651 545 1729 ipsi
568 1651 618 1727 ll,
643 1653 692 1714 ubi
717 1651 772 1714 tibi
798 1651 842 1728 9,
874 1653 931 1733 ipsi
955 1658 997 1724 il.
1046 1651 1125 1715 Sunt
1147 1651 1232 1713 vobis
1258 1651 1283 1724 9
1308 1650 1476 1729 oppositae.
1524 1646 1632 1707 Habes

269 1746 303 1800 tu
325 1737 365 1814 u,
389 1747 416 1809 a
438 1739 562 1815 vicinos,
587 1748 620 1804 ee
642 1742 704 1803 nn.
750 1741 1172 1817 paterbrunnensis.
1220 1739 1337 1802 neruos
1362 1736 1492 1808 memini,
1517 1735 1628 1815 pleris-

226 1861 235 1872 .
269 1846 325 1908 qne
349 1835 467 1888 tuorum
490 1848 559 1890 esse
582 1830 706 1915 aliquid·
718 1829 748 1891 in
773 1831 904 1909 septima
926 1831 1007 1893 mali.
1043 1832 1110 1893 Hoc
1134 1830 1228 1892 etiam
1251 1829 1299 1890 bic
1323 1835 1387 1890 est:
1410 1827 1497 1888 Mars
1521 1836 1630 1903 nempe

267 1935 360 1995 prope
384 1916 554 1996 septimam.
600 1917 649 1979 Ex
672 1938 708 1980 eo
731 1929 779 1980 est
802 1918 945 1993 nonnihil,
971 1920 1049 1999 quod
1072 1921 1151 1982 illius
1171 1917 1253 1979 vitae
1268 1925 1409 1978 metuam.
1446 1915 1527 1977 Nam
1543 1914 1630 1973 Luna

268 2006 368 2084 plena,
393 2015 425 2066 et
447 2004 498 2066 ria
522 2008 622 2069 lactea
645 2009 813 2069 ascendens
837 2018 868 2068 et
891 2009 976 2069 Mars
1001 2009 1029 2069 in
1054 2009 1117 2088 ejus
1141 2007 1291 2087 opposito,
1315 2016 1348 2067 et
1372 2004 1424 2066 Sol
1449 2013 1512 2066 taur
1537 2022 1628 2082 prae-

268 2094 384 2155 ciseio
410 2093 561 2174 triangulo
585 2094 724 2171 Saturni,
752 2096 893 2159 ridentur
916 2098 1038 2159 cerebro
1060 2106 1092 2159 et
1115 2097 1209 2158 oculis
1233 2093 1359 2157 nocituri
1383 2103 1415 2156 et
1438 2091 1629 2172 epilepticum

177 2187 181 2195 “
267 2181 448 2263 significare.
494 2185 622 2246 Faciunt
646 2185 737 2246 etiam
760 2186 939 2265 praecipitio
963 2187 1123 2247 obnoxium
1148 2194 1199 2246 aut
1223 2184 1353 2263 gibbum.
1402 2182 1462 2244 Sed
1488 2181 1627 2259 triangu-
1692 2173 1700 2193 “

235 2290 239 2300 ·
268 2273 316 2333 lus
338 2269 420 2333 Solis
443 2273 542 2333 omnia
567 2273 697 2353 mitigat.
744 2273 813 2335 Erit
835 2294 964 2353 pareus,
989 2281 1100 2347 tenax,
1126 2294 1163 2335 ex
1188 2279 1208 2346 b
1233 2283 1264 2333 et
1289 2269 1328 2350 Θ
1354 2273 1382 2333 iu
1406 2267 1487 2346 Ab,
1514 2269 1628 2348 egregii

147 2403 152 2413 .
267 2360 380 2439 ingenii
411 2368 443 2421 et
470 2362 610 2442 profundi
641 2371 731 2444 atque
770 2362 931 2436 laboriosi,
964 2371 1088 2441 propter
1115 2363 1242 2423 eundern
1274 2371 1437 2439 aspectum.
1486 2357 1626 2437 Optimus

267 2449 392 2519 artilex,
429 2449 468 2511 ob
491 2457 517 2521 d
541 2451 627 2524 inll
662 2462 694 2513 et
716 2452 843 2513 confinio
867 2452 992 2514 solstitii
1016 2452 1045 2513 in
1069 2453 1139 2514 Vll.
1188 2449 1402 2514 Contentiosus
1426 2457 1458 2510 et
1482 2448 1627 2508 factiosus

267 2539 306 2601 ob
329 2538 370 2600 id.
418 2538 510 2600 Tales
541 2551 611 2602 suut
639 2541 811 2619 plerumque
845 2540 1075 2602 bombardorum
1106 2541 1243 2602 studiosi.
1292 2537 1353 2600 Sed
1377 2538 1551 2599 victurusne
1575 2537 1623 2609 sir,

270 2626 386 2701 dubito,
410 2636 534 2706 propter
556 2628 587 2689 id
612 2629 716 2708 ipsum.
762 2629 795 2690 Si
820 2637 921 2690 tamen
947 2630 1040 2703 vivat,
1066 2647 1191 2707 magnus
1216 2629 1325 2690 evadet
1349 2647 1431 2689 vere.
1469 2626 1572 2686 Habet
1595 2646 1622 2684 u.
1673 2647 1678 2656 ¹

268 2716 450 2795 triangulum
466 2713 609 2794 bllQb,
634 2717 775 2796 quisunt
798 2717 956 2780 fortissimi
980 2726 1134 2796 aspectus.
1181 2719 1287 2796 Itaque
1311 2709 1389 2790 vide,
1415 2715 1484 2795 quid
1510 2713 1624 2775 futurus

266 2804 434 2867 December
456 2805 499 2866 sit
521 2806 679 2875 allaturus,
704 2825 772 2869 cum
795 2815 867 2885 post
889 2806 1144 2868 humectationem
1167 2828 1186 2867 a
1199 2806 1229 2881 ll,
1252 2813 1430 2867 transeunte
1452 2823 1508 2883 per
1529 2802 1561 2874 7,
1586 2799 1623 2879 Θ

266 2902 341 2964 eto·
365 2893 516 2956 ferventes
529 2895 704 2958 succedunt.
753 2893 787 2957 Si
802 2895 929 2957 nebulae
953 2906 1049 2968 erunt,
1074 2904 1107 2956 ut
1131 2896 1230 2968 credo,
1255 2894 1305 2954 vix
1328 2894 1427 2955 infans
1453 2894 1492 2954 ab
1507 2892 1623 2971 epilep-

266 2983 313 3045 sia
346 2982 422 3044 libsr
454 2983 531 3055 erit;
573 2991 644 3045 suni
670 3003 701 3045 n.
730 2983 805 3045 haec
834 2985 975 3063 analoga.
1023 2984 1103 3045 Sane
1136 2984 1222 3045 Jovis
1251 2983 1328 3044 situs
1360 3001 1417 3042 non
1448 2982 1624 3052 bonusest,

267 3091 324 3133 nou
348 3072 466 3151 quidem
489 3076 660 3151 propterlI
682 3081 811 3150 tangens
839 3093 926 3135 suurn
949 3093 1068 3135 casum:
1103 3092 1171 3134 nam
1201 3072 1335 3134 illustres
1359 3089 1425 3131 cum
1453 3070 1520 3149 ipso
1549 3070 1624 3130 fixae

265 3169 349 3235 sunt,
381 3160 459 3221 unde
483 3169 605 3239 propter
628 3160 685 3222 hoc
708 3170 816 3240 potens
840 3170 905 3234 est;
939 3163 993 3223 sed
1015 3169 1197 3241 propterea,
1222 3160 1292 3241 quia
1316 3159 1429 3221 decidit
1452 3159 1491 3219 ab
1515 3159 1623 3236 angulo

265 3257 298 3309 et
319 3247 495 3327 opprimitur
518 3269 536 3309 a
559 3245 580 3324 li
605 3250 667 3310 alto
695 3250 846 3328 triangulo
875 3250 975 3322 breui,
1004 3251 1086 3328 ,quod
1115 3249 1298 3329 aequipollet
1333 3249 1492 3327 quadrato.
1540 3247 1624 3308 llaec

267 3345 299 3397 et
321 3335 489 3415 hujusmodi
514 3336 593 3398 bona
616 3345 648 3398 et
662 3338 792 3399 naturali
816 3339 933 3399 ratione
949 3340 1095 3412 dicuntur,
1120 3333 1178 3400 etsi
1203 3358 1260 3399 non
1284 3337 1313 3398 in
1339 3336 1439 3416 specie
1464 3335 1624 3414 quidquam

268 3425 387 3487 dicitnr.
434 3424 527 3486 Aliud
551 3425 718 3505 exemplum
742 3427 799 3488 mei
823 3426 916 3489 tilioli.
964 3428 1023 3488 Est
1055 3428 1083 3488 iu
1111 3447 1180 3489 mea
1209 3437 1241 3487 et
1263 3428 1358 3506 ipsius
1382 3424 1543 3486 nativitate
1568 3423 1623 3485 tri-

266 3514 394 3593 angulus
416 3513 504 3575 Jovis
527 3523 560 3576 et
582 3514 715 3589 Satumi,
738 3515 816 3577 Jove
838 3516 1057 3595 posterioribus
1080 3517 1109 3577 in
1124 3516 1278 3596 gradibus.
1325 3515 1385 3577 Ubi
1409 3514 1479 3574 urihi
1495 3534 1556 3574 ase.
1583 3511 1625 3573 illi

267 3603 360 3676 Maro,
386 3604 436 3665 ubi
459 3603 532 3665 mibi
554 3603 650 3672 Luna,
682 3603 723 3667 illi
747 3603 881 3684 Jupiter,
908 3606 956 3667 ubi
981 3606 1052 3667 mihi
1077 3606 1175 3678 Mars,
1209 3606 1251 3666 illi
1275 3601 1311 3678 ἧς
1350 3602 1399 3666 ubi
1423 3603 1495 3664 mihi
1518 3601 1561 3662 Μ.
1588 3599 1623 3663 C.

265 3692 324 3770 ipsi
348 3693 378 3770 b.
425 3691 492 3771 Ego
516 3692 612 3753 babeo
636 3686 740 3770 [Mb
763 3695 824 3755 tere
849 3694 1007 3773 partilem,
1045 3695 1095 3755 ille
1129 3694 1220 3755 habet
1249 3697 1352 3770 Mb
1381 3695 1442 3754 fere
1473 3691 1622 3770 partilem.

264 3780 360 3842 Plura
383 3780 491 3861 requiri
523 3790 650 3860 possunt
677 3782 856 3860 hujusmodi.
905 3783 1012 3863 itaque
1034 3783 1122 3844 Luna
1150 3783 1179 3844 in
1213 3774 1359 3862 quadrato
1384 3780 1519 3852 Saturni,
1554 3789 1625 3860 post

266 3871 344 3942 006,
370 3869 475 3930 Venus
499 3869 577 3932 iuter
598 3861 668 3939 [10¹
692 3879 723 3932 et
748 3867 821 3948 θῇ,
844 3871 1013 3933 Mercurius
1037 3873 1065 3933 in
1092 3873 1171 3932 trino
1197 3879 1223 3941 d
1246 3870 1393 3932 bominem
1409 3869 1512 3931 durum
1527 3868 1624 3944 siuni-

265 3956 377 4031 fioant,
401 3977 468 4019 cum
492 3957 540 4037 qui
564 3960 691 4021 affectus
715 3960 862 4021 denotant
883 3962 1025 4039 planetae
1050 3979 1154 4022 omues
1179 3960 1240 4022 sint
1264 3960 1292 4021 in
1317 3968 1442 4050 aspectu
1467 3958 1621 4019 malorum.

265 4045 371 4107 Metuo
395 4045 487 4107 etiam
511 4046 605 4125 ipsius
629 4048 723 4109 oeulis
748 4047 785 4109 ob
811 4051 851 4123 ),
887 4057 988 4110 metuo
1012 4070 1030 4109 a
1054 4047 1270 4128 praecipitibus
1295 4049 1416 4110 casibus
1440 4049 1477 4108 ob
1502 4055 1623 4108 stantes

265 4142 329 4196 tres
351 4135 502 4214 planetas.
549 4133 591 4196 Et
614 4136 683 4217 quia
706 4138 812 4198 Venus
836 4145 868 4199 et
892 4141 915 4210 )
936 4137 1090 4212 laborant,
1124 4138 1192 4199 ideo
1223 4148 1314 4200 natus
1345 4147 1392 4198 cst
1423 4147 1622 4198 monstrosus,

265 4224 434 4286 Membrunr
457 4243 485 4284 n.
510 4223 604 4299 virile,
630 4247 648 4285 a
673 4225 697 4297 Q
723 4228 801 4298 et)
826 4225 1041 4305 significatum,
1067 4236 1115 4288 est
1139 4226 1235 4288 instar
1257 4224 1366 4287 Juduei
1390 4235 1547 4300 retectum,
1572 4245 1622 4285 re-

266 4320 397 4389 tortum,
422 4322 454 4374 et
476 4312 555 4374 inira
578 4321 722 4393 agnatum
743 4324 865 4388 scroto,
890 4323 1008 4376 meatus
1032 4315 1134 4377 urinae
1160 4316 1254 4390 alius,
1280 4334 1367 4395 quam
1391 4315 1501 4376 ceteris
1525 4315 1620 4375 humi·
1662 4329 1668 4346 ‘

265 4402 363 4463 nibus.
412 4402 520 4463 Totum
544 4402 744 4482 compositum
775 4403 868 4465 habet
901 4404 1028 4465 formam
1062 4404 1223 4466 testudinis
1247 4412 1352 4466 coctas
1378 4402 1407 4465 in
1434 4404 1620 4475 domuncula,

265 4509 342 4570 qnae
366 4500 437 4552 sunt
460 4489 562 4552 uxoris
585 4510 670 4553 meae
695 4492 833 4558 deliciae.
881 4491 944 4554 Sed
966 4493 1054 4571 plura
1082 4492 1139 4573 ipsi
1162 4493 1351 4554 incommoda
1377 4492 1459 4556 eirca
1482 4492 1534 4553 illa
1558 4495 1624 4554 loca

265 4578 414 4641 evenient.
462 4571 635 4652 Qum&
660 4580 858 4660 impetuosum
882 4588 915 4643 et
936 4582 1113 4645 indomitum
1144 4582 1309 4659 significat,
1340 4581 1412 4654 bin
1428 4585 1497 4652 A&
1521 4582 1622 4661 agilli-

266 4685 356 4741 mnm,
380 4667 567 4730 celerrimum
582 4678 614 4730 et
627 4669 824 4750 ingeniosum.
870 4669 930 4731 Est
953 4690 981 4731 n.
1008 4675 1029 4748 b
1052 4670 1081 4731 iu
1107 4670 1216 4734 illustri
1232 4670 1523 4733 constellationem
1546 4671 1622 4734 etin

266 4755 355 4816 domo
385 4765 504 4836 quarta
550 4758 639 4819 Fecit
670 4767 703 4820 et
733 4758 925 4822 temerarium
950 4768 983 4820 et
1013 4760 1198 4840 populariter
1230 4759 1337 4822 bonum
1369 4772 1458 4840 atque
1493 4762 1621 4826 facilem.
