3609 5634
771 372 934 432 ihm
1483 370 1526 445 tt

148 530 182 594 in
211 529 360 618 Styrism
382 555 478 619 usqne
501 537 568 617 ejus
597 537 799 603 ismilisritss.
845 540 981 623 Tyehoni
1012 538 1126 604 nulium
1155 538 1252 603 sdhne
1283 539 1403 603 mittere
1429 539 1524 621 potui.

148 621 254 686 lilius
278 625 422 704 judicium
447 626 534 689 aride
558 637 695 708 expecto.

254 713 330 775 Wie
344 715 393 777 ioh
407 715 463 779 mit
477 717 543 779 dem
556 717 688 781 Buechel
702 717 878 780 ankhomme
893 718 950 799 bey
965 717 1048 780 einer
1062 716 1113 779 Er.
1129 715 1350 792 Lendtsehedi,
1374 716 1462 779 weiss
1476 716 1525 780 ioh

148 801 243 871 noch
272 803 367 867 nieht.
409 804 498 868 Auch
525 807 579 869 hdr
609 806 657 868 ioh
686 806 762 870 noch
784 826 841 869 von
860 807 959 871 iheim
982 807 1148 887 Lendttsg.
1187 805 1302 869 Videor
1324 804 1396 869 mihi
1415 807 1526 887 ,volup-

146 899 226 953 tate
256 895 476 974 speculationis
498 905 658 959 contentus
681 917 749 959 esse
772 897 890 971 debere,
915 916 970 958 neo
985 896 1142 978 quioqunm
1159 895 1286 959 ulterius
1299 915 1432 978 operere.
1464 894 1527 960 Sed
1635 939 1639 948 ·

146 979 228 1043 Deo
259 1002 351 1047 nureo
374 994 461 1047 eruut
483 984 592 1047 omnia.
638 987 767 1067 Tempus
791 994 841 1048 est
866 994 901 1048 ut
927 986 1030 1048 valere
1056 993 1087 1046 te
1110 985 1252 1065 jubeam.
1283 986 1333 1050 Pr.
1359 985 1427 1062 Gi,
1460 1004 1527 1049 cum

148 1071 298 1153 conjuge
321 1080 353 1136 et
376 1074 516 1137 universa
539 1076 654 1138 familis
676 1084 766 1158 etque
789 1083 855 1138 toto
874 1075 1002 1156 collegio
1017 1074 1244 1156 philosophic03
1267 1075 1374 1156 quibus
1389 1074 1526 1141 omnibus

149 1161 301 1226 salntem
324 1162 449 1227 oliicios.
474 1165 550 1228 dico.
598 1165 676 1227 Vele
699 1174 731 1228 et
754 1184 801 1227 me
823 1183 998 1245 promovere
1021 1156 1123 1245 perge.

700 1254 740 1316 Η.
765 1255 800 1316 Τ.
826 1252 915 1318 Grai,
940 1254 1016 1317 dise.

1179 1341 1226 1406 M.
1250 1341 1284 1406 J.
1308 1339 1437 1425 Kephas.

237 1501 315 1563 Ques
339 1500 462 1568 Keplerus
487 1503 556 1552 initio
575 1502 694 1566 epistolee
709 1500 809 1566 inestus
827 1511 895 1561 eret,
924 1518 973 1553 non
1000 1508 1128 1553 aseensus
1152 1500 1347 1553 Mnestiluus
1369 1502 1481 1553 rescribit
1499 1503 1524 1553 d.

150 1569 201 1621 3⁰.
226 1572 345 1624 Octobris
362 1590 385 1623 ι.
403 1580 449 1624 st:
469 1572 510 1623 De
525 1573 617 1623 honore
634 1574 720 1640 regies
738 1575 894 1638 professionis
913 1588 930 1625 e
948 1574 1019 1626 Gelio
1037 1573 1144 1639 quodem
1161 1574 1205 1623 tibi
1219 1574 1318 1626 obletee
1330 1574 1452 1625 hestenns
1464 1573 1525 1624 nihil

152 1650 234 1695 certe
256 1646 305 1695 ridi
322 1645 361 1696 rei
379 1646 468 1696 sunu.
497 1644 546 1695 Sed
565 1660 605 1705 en,
624 1646 682 1711 qnid
700 1646 764 1696 istse
782 1652 842 1696 tuse
860 1648 1014 1697 inventiones
1031 1644 1112 1696 leudis
1129 1652 1278 1697 mereantur.
1307 1646 1422 1712 Regism,
1440 1647 1524 1696 utin·

151 1715 270 1782 teiiigo,
298 1716 420 1767 iismesm
437 1716 612 1781 professionem
631 1718 688 1767 olim
705 1718 850 1781 promissem
874 1720 895 1767 is
923 1719 968 1768 tibi
993 1717 1072 1768 od'ert
1110 1715 1161 1767 Sed
1187 1718 1256 1767 ilium
1273 1720 1375 1768 missum
1393 1717 1523 1775 lseienrur,

151 1788 307 1853 quicunqne
325 1790 364 1843 sit,
401 1787 504 1838 Nostros
520 1788 647 1855 theologos
665 1787 774 1839 nonnihil
802 1789 906 1840 effendit
933 1784 1116 1854 (promemus),
1143 1791 1276 1840 sutoritete
1301 1797 1387 1840 temen
1404 1788 1525 1853 Principis
1623 1810 1628 1817 ·

152 1861 261 1917 nostri,
289 1861 329 1910 eui
345 1859 481 1927 prineipsie
498 1860 600 1911 scheme
617 1861 758 1911 dediestnm
777 1868 827 1916 est,
852 1863 914 1912 moti
938 1863 964 1912 in
988 1861 1070 1911 medio
1098 1861 1247 1927 relinquunt,
1284 1860 1318 1911 D.
1336 1860 1523 1912 Heienrefferns

154 1932 246 1982 semel
264 1932 445 1997 ntqne'lternm
463 1931 558 1996 (Joeose
575 1933 692 1997 quidem,
711 1931 771 1983 lieet
785 1933 850 1996 loeis
867 1935 933 1984 serie
951 1933 1028 1983 etiem
1045 1933 1189 1982 intermirts
1201 1930 1348 1993 ridesntnr)
1366 1947 1407 1982 me
1423 1932 1524 1983 sdortns

153 2010 185 2054 et
204 2018 309 2054 meeum
327 2004 505 2068 disputaturum
523 2018 551 2054 se
569 2018 623 2054 esse
636 2010 742 2055 tesmtus
761 2010 808 2060 est,
827 2019 901 2070 quem
920 2005 962 2055 din
979 2005 1071 2055 renites
1089 2005 1226 2068 seripturse
1243 2018 1331 2055 sserse
1349 2010 1416 2055 emet
1434 2005 1520 2069 persti-

154 2082 233 2126 ture.
261 2074 330 2126 idem
347 2075 414 2126 hend
429 2076 467 2125 ite
483 2076 576 2139 pridem
594 2077 620 2125 in
638 2076 736 2140 puhliee
753 2078 895 2141 vespertine
913 2076 1031 2129 eoneione
1049 2075 1128 2126 dixit:
1146 2072 1229 2127 Deum
1246 2091 1368 2127 summum
1386 2084 1524 2126 ereetorem

152 2161 213 2197 nen
235 2146 391 2211 suspendisse
405 2145 488 2199 Solem
505 2147 532 2197 in
549 2147 630 2198 medio
646 2147 741 2201 muudi,
759 2153 789 2198 st
805 2148 929 2199 letemur
941 2148 968 2198 in
984 2147 1065 2199 medio
1082 2147 1146 2198 strli
1183 2147 1276 2200 Verum
1291 2148 1355 2212 iotis
1372 2147 1420 2198 iilis
1435 2150 1524 2211 loeoss

154 2232 289 2283 opponere
315 2218 399 2275 soieo,
418 2217 477 2269 dum
490 2219 543 2283 joel
560 2225 636 2277 sunt,
654 2219 676 2269 sl
693 2220 757 2270 serio
775 2233 814 2270 res
832 2219 933 2285 sgsnds
951 2225 1031 2277 esset,
1058 2217 1130 2269 sliter
1146 2234 1307 2284 responsurus
1326 2224 1352 2270 et
1369 2233 1416 2285 eqo
1435 2233 1522 2270 mem.

154 2288 209 2340 Pro
232 2290 334 2354 egregie
350 2289 484 2353 phentssie
500 2296 527 2340 et
544 2290 638 2340 erudito
656 2291 756 2341 invento
773 2291 840 2342 idem
856 2290 889 2342 Η.
910 2290 1040 2357 agnoseit,
1059 2289 1104 2340 sed
1121 2305 1142 2340 s.
1161 2292 1298 2355 seripturee
1316 2297 1343 2339 et
1360 2292 1407 2357 ipsi
1424 2291 1523 2342 reritsti

156 2362 311 2411 contrariari
329 2362 427 2411 omnino
446 2367 472 2411 et
487 2360 628 2425 simpliciter
645 2367 726 2427 putet.

237 2432 462 2484 fletenrellerl
477 2433 597 2496 tudinium
614 2434 663 2483 hee
681 2433 712 2483 de
729 2448 757 2486 re
774 2433 978 2499 deprehendimus
995 2434 1022 2484 in
1040 2432 1146 2499 epistole
1163 2432 1196 2485 sd
1217 2433 1353 2499 Keplerum
1371 2432 1448 2492 dete,
1474 2446 1524 2499 que

155 2504 290 2570 respondit
307 2505 426 2568 epistoiee
443 2504 546 2569 Kepleri
565 2503 723 2569 deperditus:

236 2575 277 2626 ed
294 2583 467 2641 ergumentnm
483 2576 609 2626 liternum
626 2583 725 2627 tuernm
742 2581 770 2627 nt
789 2575 880 2642 siiquid
896 2575 1068 2641 respondesm,
1086 2574 1194 2627 libenter
1204 2575 1253 2641 legi
1264 2575 1384 2639 judicium
1402 2582 1473 2626 tunm
1491 2576 1522 2626 de

157 2648 238 2697 rebus
257 2647 425 2713 estroioqiois,
450 2653 477 2698 et
493 2647 608 2698 libentius
627 2646 670 2709 (de
688 2664 736 2714 qno
754 2655 838 2699 temen
857 2648 970 2698 dubitare
988 2662 1038 2697 non
1056 2643 1197 2711 potueram)
1221 2647 1287 2712 quod
1310 2649 1336 2697 in
1360 2645 1522 2699 ismiiierihus

159 2720 216 2768 tuis
234 2733 286 2768 rem
304 2720 393 2769 seriem
411 2724 437 2768 te
456 2732 530 2785 egere
548 2724 633 2782 aperte
652 2718 792 2770 denierssti.
830 2718 916 2770 Soribo
934 2720 1009 2778 euim,
1028 2719 1093 2783 qnod
1110 2733 1206 2784 semper
1218 2719 1314 2783 serlpsi,
1331 2725 1428 2769 nostros
1441 2724 1522 2769 estro·

159 2789 234 2855 logos
252 2790 285 2840 sd
302 2791 381 2840 nimie
397 2804 473 2854 ssepe
490 2791 610 2854 speeislie
626 2790 776 2841 descendere
802 2805 898 2855 semper
923 2789 984 2840 mihi
1008 2789 1084 2840 inisse
1102 2791 1187 2840 risum.
1224 2789 1254 2840 In
1270 2803 1321 2854 que
1337 2803 1378 2840 me
1396 2792 1523 2842 sentende

160 2867 236 2911 tunm
252 2861 324 2912 modo
342 2861 464 2926 prolstnm
478 2862 598 2925 Judieium
616 2863 706 2912 sestius
725 2861 862 2912 nonlirmet,
897 2861 1088 2926 Disputetiones
1105 2860 1259 2927 theotogiess
1276 2860 1341 2927 quod
1354 2861 1452 2916 ettinet,
1471 2876 1521 2912 non

161 2932 250 2983 dubito
267 2935 326 2998 quin
344 2935 427 2983 omnis
444 2934 482 2983 its
498 2935 532 2982 sis
551 2932 729 2996 expliestnrus,
752 2940 781 2983 nt
798 2940 825 2984 et
841 2934 925 2999 rigere
943 2934 1118 2997 seriptursrnm
1136 2933 1254 2999 eustogie
1271 2938 1298 2982 et
1314 2937 1361 2983 tus
1377 2932 1464 2983 florere
1482 2934 1520 2982 in·

161 3005 294 3056 onlnmitss
311 3006 395 3070 possit.
432 3003 558 3068 Ejusmodi
577 3012 660 3054 entem
678 3005 703 3053 in
721 3006 793 3055 rebus
810 3005 936 3055 hominum
953 3005 1071 3069 probetur
1088 3004 1209 3068 promisse
1226 3004 1296 3058 tides,
1316 3010 1341 3052 et
1353 3010 1438 3052 nostre
1450 3005 1518 3054 seni·

161 3084 205 3126 tur
221 3076 381 3140 providentis
419 3073 490 3137 Quod
509 3076 614 3140 denique
632 3076 771 3141 subiungis,
792 3077 885 3140 sliquos
903 3082 960 3125 tuos
978 3075 1032 3124 iilos
1051 3082 1154 3125 oonsms
1172 3077 1198 3125 in
1216 3076 1285 3124 noris
1304 3075 1518 3125 demonstretioni·

160 3148 209 3197 bns
226 3150 325 3205 mirsrl,
344 3148 447 3213 eognori
464 3152 491 3197 te
508 3147 608 3197 dubium
626 3161 694 3203 esse,
712 3147 771 3212 quid
788 3147 836 3197 heo
854 3149 880 3197 in
898 3154 970 3212 perte
988 3146 1127 3212 egendum,
1152 3154 1235 3197 unum
1252 3146 1348 3195 scilieet
1365 3144 1463 3196 silentio
1480 3161 1520 3197 res

161 3219 357 3284 poenosum,
377 3232 411 3269 en
428 3233 484 3269 reso
502 3219 528 3268 in
545 3219 571 3268 id
587 3218 743 3278 enitendum,
763 3226 792 3269 ut
809 3219 921 3269 omnihus
938 3224 1043 3283 petest,
1062 3226 1120 3268 tues
1137 3217 1193 3268 illes
1209 3218 1358 3282 hypotheses
1376 3231 1420 3281 per
1438 3219 1522 3269 omnis

165 3291 308 3355 Seriptnrse
326 3296 507 3341 eonsentsnees
526 3304 589 3347 esse,
608 3296 683 3355 etque
702 3304 735 3341 ee
751 3291 778 3339 iu
795 3297 875 3354 perte,
894 3297 923 3340 nt
941 3305 987 3356 ego
1005 3291 1103 3354 quidem
1116 3290 1202 3353 eeoepi
1216 3289 1347 3353 epistolem
1356 3294 1434 3343 tuem,
1452 3288 1520 3339 hend

165 3364 267 3414 obsnnse
284 3363 420 3413 irsternnm
437 3376 520 3412 meum
538 3361 665 3412 eonsilium
684 3363 785 3426 expetis.
822 3361 861 3411 Es
877 3362 903 3411 in
927 3377 953 3412 re
976 3362 1034 3427 quid
1052 3362 1166 3416 sentiam,
1186 3361 1216 3411 ol.
1236 3362 1271 3410 rir
1289 3366 1315 3412 et
1333 3359 1409 3410 freter
1427 3360 1519 3411 eberis·

164 3436 233 3495 sime,
254 3434 359 3486 eendide
379 3439 405 3483 et
423 3439 507 3499 operte
525 3433 571 3482 tibi
589 3435 707 3497 speeiem.
744 3432 814 3483 Inter
830 3433 980 3498 hypotheses
997 3434 1112 3483 nimirum
1129 3432 1184 3483 iliss
1198 3439 1224 3482 et
1236 3447 1256 3482 s.
1270 3431 1424 3495 Seriptnrem
1435 3440 1520 3497 eperte

165 3506 365 3572 distinguendum
383 3518 450 3563 esse,
468 3504 533 3569 qnod
550 3519 590 3554 me
608 3510 751 3555 oomtsuter
768 3507 889 3563 sensisse,
908 3506 984 3555 etiem
1003 3506 1034 3555 eb
1052 3506 1122 3555 initio
1144 3512 1332 3568 conspeetsrum
1349 3502 1520 3566 hypothesium

164 3577 248 3644 prorui
266 3577 339 3627 dubio
357 3583 384 3627 et
401 3590 458 3627 oum
476 3575 601 3626 nobiseum
619 3589 685 3627 esses
705 3576 900 3628 snimedrertm
918 3583 946 3627 et
963 3576 1184 3641 etiemunmprohe
1196 3576 1337 3627 meminisse
1350 3581 1428 3638 potes.
1453 3574 1520 3626 ilino

166 3653 230 3703 enim
247 3650 342 3700 laetum
359 3654 406 3706 est,
423 3653 453 3698 ut
469 3662 519 3698 non
536 3654 589 3697 tem
601 3662 665 3705 meo,
684 3662 757 3713 quem
775 3647 810 3697 Ii.
828 3648 979 3713 ooiieqernm
997 3648 1105 3714 nomine,
1123 3654 1199 3713 neput
1217 3653 1340 3697 trwtetns
1358 3642 1429 3710 (puto
1448 3647 1517 3711 qnin-

165 3730 218 3772 tnm
234 3735 336 3771 numero
354 3715 441 3781 inisse)
459 3719 524 3784 quod
540 3718 614 3768 istem
633 3719 830 3770 eoneilietionem
848 3720 1005 3785 ettingebet,
1031 3718 1195 3769 omittendum
1214 3733 1269 3768 esse
1286 3718 1385 3776 monui,
1411 3732 1443 3767 ne
1460 3717 1518 3769 lilee

165 3796 233 3858 ipsse
251 3792 430 3856 deputedones
447 3790 505 3840 inde
524 3790 611 3839 exoriri
628 3792 730 3854 possint.
768 3789 840 3852 Quod
859 3791 936 3840 etiem
954 3792 1070 3840 omissum
1088 3796 1135 3846 est,
1153 3791 1201 3840 nisi
1219 3790 1284 3853 qnod
1302 3789 1334 3840 eh
1351 3788 1422 3840 initio
1434 3791 1519 3855 stetim

166 3865 248 3930 elique
265 3864 310 3914 sed
327 3863 469 3912 brevissime
486 3863 540 3925 ejus
557 3862 593 3911 rei
610 3861 640 3911 lit
657 3863 757 3911 mentio.
795 3860 867 3923 Quod
884 3876 943 3913 rere
961 3862 1014 3912 elie
1024 3861 1113 3912 delude
1126 3869 1294 3922 secesserunt,
1313 3862 1458 3925 prsesertim
1473 3875 1517 3912 su·

164 3943 215 3986 tem
232 3934 266 3985 D.
278 3934 406 3984 hieestllul
422 3932 552 3997 preeletio,
570 3932 596 3982 id
614 3932 683 3982 nobis
697 3933 794 3999 quidem
811 3934 927 3998 impneerl
944 3948 994 3983 non
1012 3939 1108 3998 petest,
1126 3933 1188 3984 nihii
1206 3934 1272 3985 enim
1290 3947 1374 3983 eornm
1391 3946 1457 3997 quse
1474 3946 1517 3982 se·

168 4013 301 4061 essmmut,
319 4011 454 4070 snteqnem
470 4006 535 4069 typis
552 4004 674 4054 mendets
691 4011 786 4062 eueni,
812 4005 942 4071 quiequam
960 4005 1030 4055 uobis
1048 4007 1126 4056 risum
1143 4005 1198 4054 init
1236 4004 1286 4055 Sed
1303 4005 1376 4054 rebus
1394 4003 1517 4053 sisenem

165 4080 229 4129 tibus
246 4080 355 4128 insieme
374 4075 473 4127 consulo
492 4090 523 4126 ee
540 4091 645 4132 moneo,
672 4090 704 4126 ne
732 4075 825 4127 dietem
847 4077 916 4126 illem
934 4076 1133 4128 eoncilietionem
1149 4077 1247 4142 publice
1265 4089 1400 4141 proponere
1419 4081 1444 4124 et
1461 4090 1517 4139 pro·

165 4165 275 4217 pugnero
300 4149 411 4206 coneris,
438 4149 473 4199 sio
497 4146 563 4198 enlm
587 4147 657 4197 multi
675 4148 732 4198 boni
750 4163 799 4199 non
817 4148 937 4198 immerito
956 4147 1048 4198 offendi
1066 4155 1092 4199 et
1109 4154 1188 4199 totum
1205 4149 1333 4219 negotium
1350 4145 1388 4197 rel
1406 4145 1518 4210 impediri

165 4223 202 4272 rei
220 4222 300 4287 greti
306 4221 484 4271 dissensionum
501 4218 600 4269 meeule
618 4219 733 4284 edsperqi
749 4226 840 4284 posset.
877 4218 946 4270 Nihil
964 4220 1029 4270 enim
1047 4220 1141 4277 dubito,
1160 4221 1181 4269 si
1201 4226 1287 4283 eperte
1304 4218 1349 4268 ille
1366 4218 1447 4282 opinio
1460 4231 1515 4281 pro·

117 4336 122 4345 .
165 4300 295 4359 poneretur
321 4300 347 4343 et
366 4296 577 4356 propugnaretur,
606 4305 663 4341 snos
686 4290 803 4342 hebltnrs
820 4298 887 4343 esset
905 4291 1031 4342 etlumen
1048 4307 1099 4342 non
1116 4290 1176 4341 loris
1194 4296 1336 4340 ermetum
1354 4288 1515 4339 sdversenos

123 4354 129 4375 ¹
165 4364 269 4416 Proinde
290 4364 438 4415 sitreterno
455 4376 511 4412 meo
529 4361 644 4423 oonsilio,
668 4364 707 4412 nti
724 4362 825 4413 tirmiter
841 4378 927 4429 spero,
946 4363 1015 4414 loeus
1033 4363 1121 4428 eliquit
1139 4368 1185 4420 est,
1203 4377 1273 4427 porro
1291 4362 1317 4410 in
1335 4358 1454 4423 eiusmodi
1471 4359 1515 4409 de·

165 4437 327 4487 monstrendis
343 4433 517 4499 hypothesibus
535 4433 628 4483 nudum
645 4433 848 4486 methemstioum
867 4449 937 4500 eges,
955 4433 1016 4484 nihil
1035 4434 1162 4494 sollicitus,
1181 4440 1263 4483 utrum
1281 4432 1353 4483 rebus
1372 4432 1461 4481 orestis
1479 4432 1516 4481 ite

166 4508 329 4572 respondeant
347 4520 380 4557 sn
396 4520 476 4555 seem.
512 4504 718 4555 Mathematienm
736 4507 802 4557 enim
819 4506 895 4556 linem
912 4521 983 4556 sunm
1002 4514 1178 4570 oonsequntum
1196 4506 1307 4561 eibitror,
1324 4504 1346 4552 si
1363 4502 1427 4552 tetes
1446 4502 1514 4551 exhi·

166 4581 224 4630 beet
239 4578 396 4644 hypotheses,
415 4578 501 4642 quibus
518 4588 681 4644 perrepere
699 4590 773 4641 quem
791 4578 946 4629 essetissime
963 4577 1145 4641 respondeant:
1169 4584 1195 4625 et
1212 4584 1238 4626 te
1255 4577 1335 4640 ipsum
1352 4579 1411 4638 puto
1431 4588 1514 4624 eessn·

166 4666 218 4701 rum
235 4665 289 4701 esse
305 4650 354 4707 illi,
379 4649 421 4713 qni
438 4648 545 4714 prolerre
561 4655 645 4714 posset
661 4647 780 4699 meliores.
817 4648 872 4700 Neo
890 4656 975 4699 nmen
994 4648 1167 4712 consequitur,
1186 4648 1259 4698 nnius
1278 4649 1395 4711 cuiusque
1414 4646 1515 4696 ertiiieis
1599 4696 1601 4699 ,

165 4723 293 4773 meditetis
306 4720 480 4786 hypothesibus
497 4735 578 4771 rerum
596 4721 723 4771 veritetem
741 4721 870 4771 confestim
888 4720 1044 4771 eoniormeri
1080 4717 1143 4769 Nolo
1157 4719 1289 4784 attingere,
1307 4731 1372 4783 quee
1390 4732 1420 4767 ex
1437 4719 1515 4768 sennis

165 4796 257 4844 inriets
272 4807 369 4857 possem
387 4792 536 4856 depromere
571 4791 628 4842 Non
647 4793 712 4843 enim
730 4791 936 4857 disputetionibns
955 4792 998 4841 sed
1017 4790 1130 4841 lreternis
1148 4792 1247 4842 monitis
1264 4805 1325 4855 opus
1344 4804 1398 4841 esse
1419 4789 1511 4854 judico.
1564 4822 1566 4825 -

136 4862 144 4874 ¹
167 4864 261 4926 Quibus
278 4866 299 4914 si
316 4872 359 4926 tn,
388 4866 425 4914 nti
444 4871 510 4915 oerte
527 4863 638 4922 conlido,
663 4862 773 4928 perueris
791 4870 817 4913 et
835 4864 987 4913 ebstreetum
1003 4861 1206 4913 mathematicum
1224 4864 1319 4929 egeris,
1342 4861 1402 4911 nihii
1420 4862 1513 4917 dubito,

167 4937 224 5007 quin
242 4936 404 5003 ongitstiones
421 4943 481 4989 tuse
498 4934 616 5000 plurimis,
633 4935 670 4986 uti
688 4940 755 4985 certe
772 4934 831 4984 mihi
848 4948 945 5002 quoqne
963 4941 1029 4993 sunt,
1045 4934 1238 4998 iucundissime
1256 4937 1306 4987 sint
1324 4934 1432 4991 intense,
1468 4931 1513 4986 Sin
