3609 5634
664 368 964 445 contunsosque
1427 365 1493 444 335

135 532 273 607 afflatus,
297 532 427 596 trretrtra
440 534 555 608 cordus
579 543 612 597 et
623 544 723 598 metus
738 547 794 613 est
820 557 857 599 ne
873 538 1031 599 adolescat
1045 537 1119 598 rlla
1111 557 1140 598 ιιι
1156 536 1347 598 crocodilum.
1395 536 1493 600 Deum

136 639 241 695 exora,
265 631 354 684 otte
378 631 500 684 tueatur
523 624 562 685 ab
585 609 701 686 artibus
724 624 870 702 Satanae,
895 627 946 706 qui
967 626 1087 689 vitiosis
1111 625 1282 688 humoribus
1306 626 1385 687 solet
1409 625 1494 690 abati

138 717 175 770 et
196 709 368 813 hujusmodi
392 711 539 774 bestiolas
562 714 674 788 lovere,
699 713 725 775 si
749 716 827 776 forte
849 733 905 794 per
927 734 980 776 eas
1003 713 1137 777 taedium
1151 714 1232 778 vitae
1256 714 1404 776 instillare
1417 731 1493 793 pos-

134 799 181 859 sit
196 799 247 879 pio
270 809 303 861 et
325 800 440 861 afflicto
463 799 585 864 homini.
633 801 729 876 Scito,
754 804 881 865 eandem
903 804 1076 877 bestiolam,
1099 804 1131 865 id
1154 810 1205 864 est
1228 802 1365 864 rosiones
1389 801 1493 864 orificii

137 887 298 949 ventriculi
331 895 363 949 et
385 905 433 949 me
457 890 558 951 lovere
577 890 723 971 jejunum,
747 911 822 972 quas
837 893 943 954 crebro
968 892 1055 973 ejicio
1079 891 1253 954 eructando.
1299 888 1375 954 Sum
1393 899 1494 953 autern

139 985 176 1038 et
198 994 255 1055 ego
278 976 523 1040 melancholicus.
570 978 737 1059 Conjngem
756 979 836 1043 iuter
858 988 945 1043 astra
966 1000 1025 1043 non
1047 981 1202 1055 invenies;
1226 979 1322 1041 Terra
1338 980 1419 1060 parit
1436 980 1493 1041 hoc

138 1083 235 1145 ςειιιιε
259 1064 408 1127 ειιιιιιειιε.
454 1067 589 1129 Fortuna
612 1069 730 1146 generis
754 1077 803 1131 est
824 1069 1015 1132 vocabalum.
1061 1069 1119 1132 Illa
1141 1067 1324 1131 naturaliter
1352 1067 1494 1129 nonnisi

137 1154 236 1216 tribue
260 1154 307 1215 his
330 1154 457 1215 maculis
481 1176 500 1216 a
522 1157 608 1218 coelo
631 1164 680 1218 est
705 1173 800 1220 nexa:
825 1158 937 1231 animi,
970 1158 1104 1239 corporis
1128 1158 1263 1238 gratioso
1287 1156 1405 1242 habitu,
1436 1176 1493 1237 qno

142 1242 332 1304 fascinentur
353 1242 391 1314 ii,
421 1259 516 1323 penes
539 1263 614 1324 qnos
638 1252 687 1307 est
707 1254 847 1326 potestas
874 1247 1038 1326 ampliandi
1060 1257 1143 1308 tuam
1168 1248 1334 1318 fortunam,
1367 1243 1493 1325 denique

139 1332 229 1410 genio
257 1331 393 1393 tutelari.
439 1331 482 1393 Ει
510 1334 580 1412 qnia
609 1333 727 1396 animus
751 1335 805 1397 tihi
828 1335 1009 1398 naturaliter
1039 1345 1087 1398 est
1103 1333 1285 1409 subtristis,
1318 1341 1493 1395 contemnes

140 1419 242 1480 omnia
260 1419 361 1480 media
384 1419 523 1482 fortunae
546 1421 786 1501 amplificandae,
811 1444 887 1504 quae
912 1424 964 1486 alii
986 1423 1116 1505 probant
1139 1431 1169 1485 et
1185 1429 1408 1494 consectantur.
1445 1423 1493 1483 De

140 1508 246 1570 hahita
271 1508 404 1588 corporis
422 1508 488 1587 ipse
507 1510 623 1589 judica.
671 1511 706 1573 Si
736 1530 865 1592 namque
888 1532 936 1574 me
955 1531 1013 1574 uon
1038 1532 1071 1573 es
1095 1510 1297 1590 corpulentior
1319 1519 1351 1573 et
1373 1510 1495 1591 gravior

139 1597 235 1671 vultu,
259 1615 411 1677 nunquam
433 1597 488 1658 fies
511 1599 626 1662 consul.
674 1600 707 1661 lo
731 1619 841 1679 genere
865 1620 949 1663 erras
973 1620 1040 1662 cum
1062 1601 1195 1662 maxima
1208 1600 1364 1661 doctorum
1386 1599 1493 1661 multi-

141 1685 254 1759 tudine,
279 1684 466 1760 existimans,
491 1706 511 1747 a
533 1687 617 1748 coelo
641 1689 733 1750 fluere
755 1708 854 1750 rernm
879 1697 1015 1751 eventus.
1062 1689 1141 1751 Illud
1164 1706 1236 1750 vero
1259 1688 1349 1767 plane
1373 1695 1495 1767 praeter

141 1775 239 1834 lucem
263 1774 301 1834 ad
325 1791 380 1835 nos
404 1773 477 1835 nihil
501 1776 649 1850 demittit;
682 1777 782 1839 anima
806 1779 873 1852 (seu
896 1777 998 1858 potius
1021 1777 1101 1850 vita)
1125 1784 1188 1852 est,
1222 1794 1313 1856 quae,
1345 1783 1491 1838 nascente

139 1861 270 1937 homine,
293 1860 444 1923 infinitio
469 1863 546 1924 hanc
570 1864 656 1944 quasi
679 1867 805 1928 sormam
829 1866 981 1929 radiorum
1005 1865 1188 1942 sideralium,
1212 1864 1257 1926 sio
1278 1865 1328 1927 vel
1352 1865 1395 1927 sic
1419 1883 1493 1925 con-

139 1947 338 2031 figuratorum
373 1950 402 2011 iu
433 1960 544 2030 puncto
572 1955 727 2015 nascentis
760 1955 898 2018 hominis.
946 1954 980 2017 Si
1008 1951 1203 2034 configuratio
1235 1960 1285 2015 εει
1310 1952 1494 2025 harmonica,

137 2038 298 2119 pulchram
321 2039 447 2101 sormam
471 2041 657 2103 nanciscitur
680 2043 798 2106 animus
821 2043 871 2107 rel
894 2043 1033 2106 animalis
1060 2043 1201 2117 facultas,
1226 2060 1351 2122 eamque
1370 2042 1493 2112 retinet,

139 2147 231 2209 quam
254 2128 305 2189 diu
328 2136 377 2189 εει
399 2128 429 2189 iu
455 2148 590 2209 corpore,
614 2130 745 2193 fabricat
766 2132 858 2212 igitur
872 2140 904 2192 et
918 2132 1074 2213 pulchrum
1094 2131 1151 2194 sibi
1170 2130 1361 2205 domicilium,
1385 2130 1497 2211 figurat

137 2216 262 2291 vultum,
286 2225 322 2277 ut
344 2235 438 2278 causa
460 2218 627 2319 adjuvans3
651 2219 757 2301 quibus
781 2219 896 2282 duobus
913 2221 1017 2282 fulcris
1033 2219 1094 2281 dixi
1112 2219 1170 2281 niti
1187 2211 1316 2281 himinis
1332 2219 1494 2292 ιοιιιιιιειιι,

138 2305 221 2386 quod
244 2305 437 2408 praecipuam
460 2306 527 2386 ejus
550 2307 753 2370 conditionem
783 2309 906 2371 attinet
951 2308 1032 2372 Nam
1059 2317 1185 2370 eventus
1217 2307 1431 2387 particulares,
1464 2307 1513 2381 in,

139 2394 251 2474 quibus
275 2392 330 2456 illa
352 2393 520 2457 consistere
543 2395 672 2471 videtur,
698 2397 800 2458 sunt
791 2417 820 2459 ru
843 2404 999 2477 potestate
1021 2397 1095 2468 Dei,
1128 2405 1160 2457 et
1189 2396 1256 2475 ejus
1288 2394 1439 2476 permissu
1465 2394 1496 2455 iu

137 2488 297 2563 potestate
321 2483 401 2563 genii
423 2484 574 2554 tutelaris,
599 2492 630 2546 et
653 2483 796 2548 divinitus
819 2486 1034 2565 gubernantur.
1080 2484 1208 2547 Animos
1230 2502 1317 2554 vero,
1339 2491 1430 2562 prout
1446 2491 1497 2543 est

141 2577 349 2651 comparatus,
373 2572 418 2633 ita
440 2571 478 2634 iis
503 2573 587 2635 novit
611 2573 663 2648 uti,
689 2584 721 2635 et
745 2574 823 2653 quod
846 2574 925 2636 male
949 2572 1067 2649 cecidit,
1092 2573 1196 2649 lenire,
1221 2579 1273 2634 aut
1301 2573 1394 2633 etiam
1417 2571 1496 2652 quod
1586 2612 1588 2615 >

143 2661 224 2722 hene
247 2660 368 2736 cecidit,
393 2679 484 2741 aegre
508 2662 666 2742 accipere,
699 2661 800 2742 inique
823 2664 970 2737 tolerare,
994 2669 1026 2723 et
1048 2662 1093 2724 sic
1116 2681 1204 2724 suam
1225 2659 1294 2722 iude
1318 2659 1375 2723 sibi
1399 2659 1495 2721 fabri-

141 2767 213 2810 care
235 2750 393 2811 fortunam.
442 2748 573 2812 Genesis
601 2760 654 2813 tna
676 2751 796 2813 videtur
824 2752 878 2814 tibi
902 2771 940 2813 ex
963 2750 1093 2833 quadam
1116 2749 1217 2831 gratia
1239 2749 1340 2810 vultos
1372 2756 1405 2810 et
1428 2768 1494 2810 mo-

140 2856 217 2912 rum,
242 2845 297 2899 ant
319 2845 401 2900 certe
425 2857 464 2901 ex
487 2839 747 2902 commiseratione
771 2847 803 2902 et
825 2833 1049 2903 existimatione
1063 2839 1188 2920 pietatis
1210 2836 1347 2918 polliceri
1362 2837 1496 2899 favorem

141 2926 303 3000 hominum
327 2926 359 2989 id
382 2935 432 2988 est
453 2911 611 3007 pulchram
635 2929 803 3004 fortunam3
827 2929 906 3010 quia,
930 2936 965 2990 ut
978 2928 1057 2991 male
1080 2928 1215 2990 habeant
1237 2925 1340 3000 ceteri,
1365 2931 1399 2986 at
1413 2934 1496 2986 certe

137 3013 291 3094 Jupiter
281 3034 312 3076 ιιι
334 3015 434 3077 ιιιειιιε
458 3016 535 3078 coeli
558 3025 632 3091 stat,
657 3026 803 3098 quantum
824 3036 862 3079 ea
885 3016 1027 3092 die,1mo
1051 3036 1087 3079 eo
1102 3034 1190 3089 auno,
1213 3014 1379 3095 pervadere
1397 3013 1497 3093 potuit

140 3103 327 3178 altissimus3
351 3123 422 3166 nam
445 3105 651 3183 capricornum
674 3125 711 3168 eo
735 3125 813 3168 auno
837 3106 948 3182 tenuit,
982 3106 1101 3185 signum
1124 3104 1332 3168 humillimum.
1379 3102 1496 3182 Estque

138 3191 344 3271 configuratus
367 3191 481 3254 Veneri
504 3191 671 3273 triangulos
699 3194 853 3257 invenient
875 3194 969 3275 igitur
990 3194 1020 3256 in
1044 3203 1075 3256 te
1100 3191 1228 3255 feminae
1257 3191 1337 3273 quod
1362 3192 1494 3270 placeat,

137 3281 218 3343 uude
242 3280 385 3361 conjicio,
418 3282 530 3343 hahere
562 3290 594 3344 te
620 3299 711 3362 posse
744 3283 875 3365 aliquam
903 3283 1056 3387 optionem
1083 3282 1164 3345 inter
1187 3282 1284 3344 lectas
1307 3278 1440 3359 virgines
1463 3287 1496 3340 et

137 3377 305 3445 munuae,
330 3369 433 3449 itaque
456 3370 600 3450 possibile
624 3389 703 3447 esse,
727 3379 761 3434 ut
785 3373 858 3435 lelix
880 3372 1067 3435 nanciscaris
1091 3370 1271 3451 conjugium.
1317 3368 1362 3430 At
1390 3375 1496 3429 contra

139 3458 196 3520 Sol
218 3458 314 3520 habet
336 3455 502 3520 Saturnum
526 3460 783 3522 antecessorem
775 3481 805 3522 ru
820 3460 922 3523 sextili
936 3461 1056 3546 Martis,
1081 3460 1159 3522 unde
1178 3457 1316 3537 conjicio,
1340 3464 1371 3518 te
1386 3456 1495 3517 nemini

137 3548 238 3609 ruinas
256 3547 389 3627 placere,
414 3565 502 3626 quam
517 3546 654 3628 tibiipsi,
680 3550 757 3610 unde
772 3550 931 3624 timiditas,
957 3550 1057 3610 vultus
1072 3546 1224 3620 demissio,
1248 3553 1282 3607 ιιι
1296 3563 1355 3607 non
1370 3543 1494 3618 audeas,

138 3635 212 3712 etsi,
235 3635 354 3716 qnando
377 3635 485 3711 audes,
509 3637 637 3698 tristitia
659 3638 778 3698 oculum
799 3646 926 3699 naturae
950 3635 1139 3710 occaecavit,
1172 3642 1206 3697 ut
1227 3632 1388 3713 genuinam
1411 3640 1495 3694 tuarn

139 3743 202 3786 nou
225 3742 387 3804 agnoscas,
410 3724 440 3786 in
464 3742 594 3804 persona
617 3743 715 3787 erres:
739 3725 818 3806 quod
841 3726 868 3786 si
886 3724 980 3786 semel
995 3724 1147 3804 repulsam
1160 3715 1288 3802 patiaris
1313 3721 1407 3800 (quod
1425 3720 1494 3782 novi

138 3813 215 3877 nihil
236 3813 340 3889 hahet,
364 3812 423 3874 nisi
446 3821 596 3892 quatenus
618 3812 834 3875 melancholico
858 3812 903 3874 ita
916 3813 1068 3886 ridetur),
1086 3813 1153 3891 jam
1171 3829 1260 3892 porro
1275 3808 1408 3871 timidior
1421 3811 1494 3871 red·

141 3903 233 3978 ditus,
258 3901 436 3983 desperabis
459 3902 624 3964 secundam
645 3902 838 3982 interpellare
860 3903 951 3982 paulo
975 3899 1186 3982 splendidioris
1206 3900 1353 3962 ιοιιιιιιεε.
1399 3898 1494 3977 Atqui

139 3991 306 4053 laxandum
328 3997 378 4052 est
400 3996 464 4052 rete
487 3988 596 4052 iterum
620 3999 711 4070 atque
734 3991 853 4066 iterum,
877 3991 938 4053 etii
951 4010 1012 4053 nus
1025 3996 1113 4051 nocte
1133 3989 1208 4051 nihil
1223 3987 1355 4068 ceperis·
1379 3987 1496 4048 animus

138 4079 336 4155 attollendus,
359 4079 512 4140 exuendus
536 4087 705 4141 contemtus
727 4079 780 4154 tui,
805 4080 876 4184 quia
899 4080 926 4142 is
948 4080 1078 4142 vitiosus
1100 4077 1130 4140 iu
1155 4084 1186 4139 te
1209 4084 1267 4150 est,
1289 4074 1411 4155 idque
1403 4093 1433 4135 ιιι
1448 4074 1495 4134 his

140 4168 294 4243 externis3
322 4185 394 4229 nam
416 4167 454 4229 de
477 4167 596 4230 actione
625 4186 692 4229 cnm
713 4168 817 4230 Deo
804 4187 869 4272 Jam
897 4187 955 4229 uon
984 4170 1098 4248 loquor.
1145 4164 1286 4246 Inprimis
1318 4162 1493 4235 cavendum,

140 4275 179 4319 ue
202 4264 235 4319 te
258 4274 344 4319 amor
366 4263 518 4332 occaecet,
542 4256 594 4337 qni
618 4256 696 4318 solet
719 4275 788 4318 esse
811 4258 840 4318 in
865 4255 1090 4318 melancholicis
1114 4254 1242 4323 delirus,
1267 4259 1299 4313 et
1322 4251 1371 4331 qui
1395 4248 1495 4311 sobrio

135 4345 251 4426 jndicio
274 4346 312 4406 de
336 4343 475 4424 personis
498 4352 532 4406 et
555 4344 778 4407 conditionibus
806 4344 1020 4412 consectandis
1057 4351 1089 4405 et
1111 4343 1232 4423 optione
1262 4339 1403 4401 habenda
1425 4336 1495 4417 plu-

138 4435 246 4497 rimum
267 4440 389 4496 ιιεεεει.
436 4432 498 4495 Sed
520 4432 618 4509 video,
643 4441 761 4514 tempus
785 4434 895 4507 abisse,
921 4452 1002 4513 quo
1002 4433 1081 4495 solet
1104 4450 1187 4492 emor
1205 4446 1323 4491 nocere.
1369 4426 1496 4489 Interim

139 4521 260 4585 sextilis
283 4518 304 4599 ii
328 4528 423 4595 etd,
450 4517 490 4598 Θ
515 4539 581 4583 curo
604 4480 625 4599 ij
649 4522 784 4583 laborem
807 4529 839 4584 ει
862 4520 1051 4600 diligentiam
1069 4527 1187 4595 notant,
1211 4535 1288 4598 quae
1303 4523 1375 4578 sunt
1396 4514 1496 4578 media

140 4612 181 4673 ad
204 4612 344 4674 ιετιιιιιεε
367 4610 514 4690 quendam
538 4627 719 4673 successum
766 4611 793 4683 J)
819 4605 894 4687 adp
918 4610 1019 4671 reniet
1042 4608 1154 4671 aetatis
1173 4603 1225 4670 56.
1245 4604 1374 4679 circiter,
1399 4599 1440 4680 Θ
1456 4602 1495 4664 ad

138 4692 215 4770 [ld
237 4698 351 4762 aetatis
374 4695 444 4771 21„
467 4698 506 4760 ad
531 4695 594 4776 *ii
618 4706 650 4761 et
672 4702 754 4769 Δις
777 4697 847 4760 ειιιιι
866 4694 918 4758 51.
944 4696 1005 4772 53;
1028 4696 1196 4759 εεεειιιιειιε
1219 4687 1494 4764 adUdann08‚

139 4790 180 4851 sd
202 4784 274 4866 Ali
298 4794 331 4849 et
353 4792 472 4857 *dc
497 4783 549 4851 29.
574 4783 618 4850 30
641 4787 765 4850 εειειιε.
811 4785 874 4849 Sed
897 4785 945 4847 hic
970 4786 1068 4848 horae
1091 4785 1243 4866 quadrans
1266 4782 1375 4844 vitiose
1401 4797 1494 4861 prae-

143 4877 254 4941 teritus
276 4873 298 4939 ιι
321 4894 418 4937 anuos
440 4875 543 4944 efficit.
589 4875 631 4939 Hi
654 4877 774 4940 inerunt
796 4872 1139 4956 auuipericulosissimi.
1186 4871 1325 4955 Spero,
1317 4890 1348 4934 ru
1362 4889 1494 4952 sequen·

192 4978 282 5032 ΒΜ
295 4978 395 5030 ΟΜΝ·
1250 4975 1284 5027 25
