3609 5634
137 499 218 564 AR
247 503 416 587 aequatur,
448 501 506 567 OG
529 504 594 585 ejus
617 504 683 568 axis

138 599 183 652 et
217 594 305 673 poli.
355 593 415 656 HD
445 593 595 670 zodiacus,
629 593 684 656 BF

138 679 227 759 ejus
259 684 329 746 axis
352 691 385 745 et
405 683 483 764 poli;
514 683 573 745 erit
607 682 683 745 lKL
1118 640 1255 1053 ,

89 841 99 854 ἱ
138 769 285 849 primns
309 770 392 835 urbis
420 772 451 834 in
474 771 593 834 theoria
614 772 681 834 Ln-

139 879 217 940 nas
235 861 405 924 secundnm
412 860 580 935 Eudoxum,
593 859 677 940 0100-

141 966 219 1029 que
253 949 318 1032 poli
345 950 377 1023 Ι,
416 949 458 1011 Κ.
498 946 590 1019 NOQ
625 966 678 1010 se-

141 1039 299 1114 omnus,
332 1038 398 1118 ejus
420 1037 482 1117 poli
501 1038 547 1113 N,
577 1036 679 1099 Oai·
729 1078 746 1131 Β

142 1127 211 1190 uxi
264 1129 362 1208 primo
401 1127 447 1189 ΙΚ
485 1127 516 1189 10
558 1125 688 1227 punctis
947 1038 1296 1399 ff=N

142 1215 190 1289 P,
210 1216 265 1281 ld.
289 1215 370 1279 Post
389 1215 517 1286 tertius,
529 1216 601 1296 ejus
617 1215 678 1295 polr
976 1219 1013 1303 ρ
1033 1242 1036 1250 ·

144 1303 203 1410 R,
235 1306 279 1381 Τ,
303 1305 386 1368 affixi
408 1305 539 1367 seeundo
553 1306 584 1368 iu
599 1322 678 1384 pun·
702 1123 1264 1429 phuam
1301 1407 1305 1411 Ι

146 1394 679 1648 libionem:
933 1403 1314 1766 ᾯΞΨ

1049 1642 1112 1766 ἔ

150 1682 236 1724 nae.
296 1662 312 1722 I
351 1677 429 1722 nuno
471 1666 504 1720 01
543 1667 679 1722 ueterum

153 1750 386 1813 astronomiam
409 1747 537 1810 extolle!
576 1748 678 1809 Theo·

154 1842 215 1902 ria
254 1839 424 1942 10000ιο00
462 1843 585 1939 constat
620 1834 678 1897 nisi
974 1752 1111 2166 Ι

154 1936 378 2001 oonoentrrons,
403 1944 476 1988 sane
500 1945 571 2006 quia
592 1932 678 1986 0010-

157 2038 220 2080 ras
234 2018 341 2079 Lunae
363 2014 598 2095 inaequalitates
611 2013 676 2076 En·

158 2108 267 2169 doxus
288 2104 451 2185 ignoravit.
948 2128 971 2179 ῃ

258 2193 353 2257 Porro
399 2210 491 2273 quare
534 2189 678 2253 Eudoxus
1103 2186 1125 2242 ll

162 2285 264 2347 etiam
286 2284 316 2345 in
340 2281 501 2343 Theoriam
524 2277 605 2341 80110
630 2279 801 2346 latitudinis
821 2284 964 2347 circulum
993 2282 1203 2359 introduxerit,
1229 2284 1279 2346 diu
1301 2303 1418 2348 mecum
1441 2305 1538 2367 quae·

164 2373 238 2436 sivi.
285 2372 364 2435 Nam
396 2367 456 2431 etsi
484 2368 541 2430 boe
564 2369 669 2447 procul
702 2372 792 2435 dnbio
822 2381 856 2436 01
882 2372 922 2434 D.
952 2372 1055 2454 Tycho
1078 2371 1180 2434 Brahe
1213 2372 1322 2449 faeiat,
1356 2373 1406 2453 qui
1438 2383 1540 2438 muta-

165 2464 286 2525 tionem
317 2460 449 2540 aliquam
487 2455 658 2519 latitudinis
690 2460 816 2523 fixarum
849 2460 1062 2541 deprehendit:
1100 2460 1156 2522 hoo
1193 2466 1294 2523 tamen
1331 2469 1396 2524 tam
1426 2461 1540 2526 subtile
1655 2486 1658 2488 ’

165 2549 324 2631 negotium
357 2568 414 2610 nee
443 2545 502 2608 nisi
531 2553 605 2625 post
635 2551 731 2612 multa
763 2551 866 2613 secula
899 2548 1081 2630 deprehendi
1117 2555 1236 2629 potest,
1275 2569 1331 2612 neo
1363 2550 1390 2612 si
1421 2550 1540 2615 Eudoxi
1626 2624 1629 2629 ,

166 2649 307 2720 tempore
338 2636 492 2718 potuisset
526 2634 725 2700 animadverti
758 2637 887 2702 Eudoxo
916 2638 1025 2701 fuisset
1064 2637 1232 2718 cognitum,
1265 2639 1314 2719 qui
1343 2640 1438 2703 multo
1471 2640 1538 2703 evi-

168 2729 309 2791 dentiora
348 2722 516 2806 praeteriit.
571 2724 787 2803 Interpretatio
828 2747 900 2790 vero
933 2725 1166 2790 Fracastorii
1198 2727 1296 2789 locum
1332 2746 1391 2790 non
1425 2728 1538 2792 habet:

169 2819 269 2894 „hacc
290 2816 398 2896 igitur,
421 2813 534 2895 inquit,
566 2833 585 2874 a
612 2816 746 2878 secunda
771 2835 826 2896 per
848 2816 965 2879 zodiaci
1001 2814 1218 2895 longitudinem
1242 2816 1422 2890 ducebatur,
1454 2830 1539 2882 motu

171 2915 275 2969 autom
303 2923 356 2967 suo
385 2901 533 2971 faciebat,
567 2909 600 2963 ut
627 2904 720 2965 stella
747 2924 806 2968 non
834 2905 864 2967 in
894 2905 998 2967 eadem
1027 2904 1161 2966 maxima
1189 2905 1390 2968 declinatione
1419 2925 1540 2987 semper

172 3001 320 3068 maneret,
349 2992 404 3054 sed
426 2991 515 3053 Luna
537 2990 625 3053 modo
648 2990 678 3054 in
711 3011 769 3056 nuo
793 2994 879 3074 signo
908 2994 997 3056 modo
1023 2993 1053 3055 in
1077 2992 1137 3055 alio
1161 2993 1326 3070 videretur,
1360 2991 1415 3057 Sol
1438 2995 1538 3076 magis

171 3095 203 3148 et
223 3084 322 3146 minus
346 3080 514 3143 declinaret
535 3080 574 3141 ab
598 3077 897 3160 aequinoctiali.“¹⁰)
944 3080 1027 3152 Quid
1045 3081 1126 3144 enim
1150 3100 1225 3163 opus
1240 3089 1289 3146 est
1311 3101 1366 3163 pro
1390 3082 1539 3148 varianda

47 3197 54 3204 ·
172 3173 253 3237 Solis
277 3169 477 3234 declinatione
500 3187 609 3230 novum
632 3170 772 3234 inducere
796 3172 953 3247 circulum,
978 3189 1045 3234 oum
1069 3169 1099 3233 id
1123 3172 1253 3234 officium
1284 3171 1377 3234 tertio
1407 3172 1458 3253 qui
1481 3174 1537 3238 snb

171 3263 296 3325 zodiaco
320 3258 433 3322 incedit
462 3258 502 3321 sit
530 3258 703 3338 proprium?
747 3259 791 3323 Et
813 3260 908 3322 verba
930 3259 1025 3340 ipsius
1049 3279 1108 3322 non
1133 3268 1204 3324 sunt
1224 3260 1401 3324 astronomi.
1438 3261 1535 3339 Luna,

171 3351 278 3433 inquit,
301 3348 464 3411 secundum
486 3346 635 3409 maximae
659 3349 873 3413 declinationis
897 3349 936 3412 ab
961 3357 1123 3431 aequatore
1146 3358 1290 3431 punctum
1322 3370 1400 3413 nunc
1423 3350 1454 3413 in
1477 3370 1537 3414 uno

172 3442 268 3522 signo,
292 3457 369 3500 nunc
393 3435 422 3504 ln
447 3435 507 3498 0110
530 3437 716 3501 cernebatur.
763 3439 807 3502 At
826 3439 914 3501 Luna
927 3439 1102 3502 Fraoastori
1125 3439 1263 3520 nuspiam
1283 3439 1351 3519 plus
1366 3439 1405 3501 ab
1420 3458 1537 3520 aequa-

171 3539 238 3592 tore
261 3527 409 3601 declinat,
434 3545 522 3607 quam
548 3526 578 3587 in
603 3542 650 3601 00,
679 3532 714 3603 ᾖ
724 3571 732 3599 ,
763 3548 823 3591 000
854 3527 951 3590 minus
986 3547 1076 3608 quam
1099 3526 1162 3589 Sol.
1209 3526 1354 3608 Adeoque
1378 3528 1443 3607 jam
1472 3529 1560 3591 fere·

173 3617 392 3681 concludebam
415 3634 542 3690 meeum,
569 3615 700 3678 voluisse
724 3616 882 3679 Eudoxum
906 3624 1019 3678 motum
1035 3616 1166 3678 fortasse
1185 3615 1311 3678 rixarum
1326 3617 1535 3679 demonstrare

176 3727 231 3789 per
253 3705 416 3769 secundum
437 3701 529 3774 noti
559 3703 715 3780 circulum,
749 3705 839 3767 aliter
870 3705 1039 3767 revolutum
1067 3712 1097 3766 01
1125 3723 1217 3784 super
1245 3704 1314 3767 aliis
1341 3704 1437 3785 polis,
1468 3724 1535 3782 epm

173 3796 371 3861 occurrebant
399 3792 574 3874 sequentia:
607 3793 660 3869 „in
685 3794 800 3874 majore
824 3802 926 3856 antem
949 3791 1108 3855 latitudine
1132 3794 1274 3857 inflexum
1297 3813 1366 3857 csse
1389 3812 1473 3870 oum,
1504 3794 1534 3857 in

175 3904 233 3968 quo
256 3886 354 3957 Luna,
378 3902 468 3963 quam
490 3881 521 3942 in
545 3900 602 3962 quo
626 3880 681 3946 801
705 3883 853 3945 feratur.“
899 3880 1016 3954 Quibus
1039 3882 1140 3945 verbis
1171 3882 1268 3946 omnis
1290 3882 1381 3962 plane
1404 3882 1534 3946 diversi·

86 4019 90 4022 -
172 3986 222 4037 tas
244 3973 324 4036 inter
347 3971 429 4034 Solis
453 3978 485 4032 01
508 3971 613 4033 Lunae
637 3971 772 4034 theorias
789 3971 922 4047 tollitur,
957 3972 1013 4033 hoc
1040 3961 1099 4033 uno
1127 3979 1269 4053 excepto,
1299 3972 1378 4052 quod
1401 3969 1462 4035 OV
1484 3972 1533 4036 vel

170 4064 233 4127 NX
254 4063 351 4125 minor
374 4060 467 4123 sitin
490 4059 577 4134 Sole,
611 4079 699 4140 quem
727 4061 757 4123 in
781 4062 878 4124 Luna.
926 4061 1061 4123 Tandem
1084 4060 1204 4136 incidit,
1242 4060 1361 4124 Eudoxi
1383 4060 1533 4124 intentum

172 4159 317 4216 nontam
341 4169 408 4213 esse
433 4148 666 4211 astronomicum
692 4169 781 4230 quam
804 4149 1053 4231 philosophicum.

260 4240 381 4303 Etenim
411 4246 443 4300 01
464 4237 609 4300 Eudoxus
633 4246 823 4302 astronomus
850 4240 932 4301 inter
953 4237 1149 4320 philosophos
1177 4244 1209 4298 et
1231 4236 1351 4318 quidem
1373 4235 1531 4318 Pythago-

172 4331 250 4393 ricos
273 4350 293 4391 0
315 4328 440 4391 Laertio
463 4334 647 4389 recensetur.
695 4325 861 4390 Consilium
883 4328 977 4408 igitur
999 4328 1055 4390 boo
1079 4327 1173 4390 luisse
1194 4324 1331 4400 Eudoxo,
1357 4326 1476 4406 quando
1499 4334 1533 4388 ut

171 4419 282 4483 lumino
306 4419 350 4480 sie
372 4417 503 4479 motibus
525 4415 685 4497 plurimum
699 4415 753 4479 Sol
777 4423 809 4479 01
822 4417 910 4479 Luna
923 4416 1042 4479 differre
1058 4415 1216 4477 videantur
1236 4414 1390 4490 secteris,
1415 4433 1532 4496 aequa·

170 4508 290 4572 litatem
322 4506 522 4569 omnimodam
548 4504 627 4566 inter
655 4505 815 4569 luminaria
844 4505 1016 4581 instituere,
1050 4503 1173 4585 Solique
1201 4504 1240 4566 ad
1263 4503 1370 4566 Lunae
1397 4521 1532 4567 normam

170 4597 303 4661 tribuere
318 4595 518 4670 latitudinem,
544 4594 598 4656 sed
616 4594 821 4658 insensibilem
836 4602 889 4656 aut
909 4603 991 4657 certe
1010 4593 1225 4657 insensibiliter
1238 4592 1426 4668 variabilem,
1452 4592 1532 4673 quod

170 4687 207 4750 iis
230 4687 311 4749 innui
335 4685 434 4748 verbis
458 4683 612 4759 existimo,
640 4683 747 4764 qnibns
775 4683 919 4764 mojorem
942 4684 1046 4746 Lunae
1077 4701 1167 4763 qnam
1191 4679 1255 4745 Soli
1283 4681 1389 4745 tribuit
1421 4681 1530 4745 latitu-

171 4777 282 4839 dinem.
328 4776 414 4838 Haec
439 4773 518 4835 enim
537 4771 708 4853 aequalitas
731 4771 899 4835 rationibus
923 4772 987 4853 ejus
1010 4770 1225 4853 philosophicis
1249 4771 1351 4833 forsan
1369 4771 1531 4834 admodum

171 4874 239 4929 erat
261 4873 476 4928 consentanea.
521 4863 587 4927 Nec
617 4861 752 4940 dubium,
786 4860 856 4945 quin
884 4862 1011 4925 eandem
1033 4862 1072 4926 oh
1095 4880 1217 4925 oausam
1243 4860 1322 4924 inter
1349 4867 1470 4924 ceteras
1498 4868 1531 4927 01
