3609 5634
319 370 380 433 ¹78
593 406 601 411 .
827 367 940 429 Mysterll
960 366 1160 431 Ccmcgraphici

397 530 442 595 „Si
465 547 559 584 rerum
580 528 646 583 dicit
659 528 879 582 Ptolemaeus
903 530 937 581 de
960 536 1036 582 motu
1058 543 1202 597 corporum
1216 529 1412 581 mundanorum
1440 535 1472 582 ct
1491 524 1697 598 dispositione

317 613 448 675 „orbium
473 618 538 665 tunc
560 611 638 664 nulla
652 615 695 662 est
709 616 838 663 constans
863 616 893 661 et
907 608 1031 663 identica
1053 625 1105 678 per
1119 622 1213 661 omues
1233 608 1364 678 planetas
1387 609 1528 678 proportio
1558 614 1697 660 motuum

317 710 384 756 „seu
398 691 596 762 periodicorum
610 697 763 758 temporum
778 691 812 742 ad
826 690 917 741 orbes.

397 772 443 835 „Si
468 787 562 824 verum
586 770 653 823 dicit
674 769 795 838 Tycha
816 769 995 830 Braheus,
1023 767 1115 821 Solem
1138 768 1247 836 quidem
1269 782 1330 820 esse
1353 774 1476 822 centrum
1500 769 1698 837 planetamm

318 853 462 924 „quinqua
485 851 572 904 veluti
586 851 704 921 quinque
719 849 913 919 epicyclcrum
929 849 1044 901 Terram
1057 864 1123 901 vero
1137 864 1198 899 esse
1214 855 1335 903 centrum
1350 847 1425 901 orbis
1439 848 1518 913 Solia
1542 856 1585 902 ut
1600 848 1699 901 Terra

318 933 493 1004 „quiescente
506 931 554 987 Sol
579 931 727 984 circumeat
749 938 865 998 portans
889 936 919 985 et
942 928 1044 983 iussus
1065 937 1190 996 systema
1207 934 1297 981 totum
1319 928 1517 997 planetesium:
1540 936 1624 983 tunc
1650 932 1699 981 est

317 1014 442 1085 „quidem
456 1013 553 1065 eadem
575 1010 718 1080 proportio
733 1010 932 1079 periodiccrum
946 1016 1098 1077 temporum
1118 1009 1153 1060 ad
1175 1009 1256 1063 orbes
1277 1024 1327 1077 per
1340 1025 1434 1064 omnes
1452 1008 1612 1079 planetam
1640 1006 1696 1060 sci·

317 1094 400 1154 „licet
414 1092 556 1161 proportio
570 1091 744 1161 periodorum
760 1090 851 1157 (verbi
874 1105 969 1151 causa,
984 1088 1056 1142 Solis
1078 1094 1108 1142 et
1121 1083 1236 1156 llsrtis)
1250 1096 1294 1141 est
1316 1088 1502 1158 sesquialtera
1520 1086 1697 1159 proportio·

317 1173 376 1237 „nis
391 1173 496 1225 orbium
512 1188 630 1232 sucrum,
654 1172 701 1223 sed
716 1178 806 1223 motus
820 1170 926 1231 ncnab
941 1170 1036 1223 eodem
1050 1176 1145 1222 centro
1159 1168 1343 1239 dispensatur,
1366 1175 1456 1221 motus
1470 1169 1541 1222 enim
1557 1168 1696 1239 quinque

317 1255 510 1323 „planetarum
526 1251 598 1304 circa
613 1251 703 1304 Solem
718 1252 930 1319 dispensaturus
943 1248 1016 1312 Sole,
1042 1256 1131 1302 mutus
1147 1265 1211 1300 vero
1226 1248 1296 1301 Solis
1317 1248 1390 1301 circa
1404 1249 1516 1302 Terram
1531 1251 1694 1319 dispensaf

317 1342 380 1396 „tur
394 1349 412 1385 a
427 1333 528 1393 Terra;
552 1338 582 1383 at
597 1332 635 1384 sic
649 1330 897 1399 Sol-planetarum,
922 1329 1010 1382 Terra
1021 1323 1088 1382 'vero
1103 1328 1174 1381 Solis
1189 1336 1277 1382 motor
1292 1328 1476 1382 constituitur.

397 1412 442 1475 „Si
464 1410 580 1481 denique
594 1428 688 1464 verum
703 1411 769 1463 dicit
782 1410 1035 1472 Aristarchum*
1058 1408 1151 1463 Solem
1172 1425 1233 1462 esse
1248 1416 1371 1462 centrum
1394 1416 1424 1461 et
1437 1408 1556 1479 quinque
1580 1409 1693 1477 plane·

316 1492 467 1556 „taricrum
488 1492 593 1544 orbium
617 1499 647 1544 et
665 1491 739 1543 sexti
754 1492 846 1551 etiam,
871 1490 916 1560 qui
931 1489 1069 1543 Tellurem
1088 1488 1172 1551 vehit,
1197 1495 1229 1542 ut
1242 1488 1306 1543 Sole
1321 1489 1479 1558 quiescente
1494 1490 1593 1545 Tellus
1611 1489 1694 1541 inter

316 1574 464 1643 „planetas
480 1580 587 1625 ceteros
602 1572 676 1624 circa
691 1570 781 1623 Solem
796 1570 929 1623 vehatur:
950 1578 1017 1623 tunc
1030 1570 1155 1623 binorum
1169 1585 1388 1638 quorumcunque
1403 1569 1581 1638 planetarum
1598 1569 1690 1622 orbes

315 1655 405 1716 „inter
419 1668 449 1704 se
464 1652 669 1722 proportionem
680 1651 765 1703 talem
775 1650 889 1711 habent,
903 1666 975 1719 quae
986 1652 1054 1703 duas
1065 1649 1163 1705 tertias
1173 1649 1374 1719 complectatur
1384 1649 1570 1719 proportionis
1587 1648 1690 1718 perio·

314 1736 434 1797 „dorum
450 1732 495 1784 rel
517 1732 659 1802 proportio
679 1730 852 1799 periodorum
875 1736 920 1782 cst
934 1730 1133 1798 perfectissime
1153 1729 1339 1798 sesquialtera
1356 1729 1540 1799 proportionis
1555 1729 1689 1787 orbium.-

315 1820 362 1877 „et
376 1819 465 1866 motus
480 1818 538 1865 tam
552 1811 670 1864 Telluris
690 1826 771 1879 quam
791 1811 954 1863 ceterorum
965 1810 1084 1881 quinque
1103 1827 1140 1862 ex
1159 1809 1239 1865 unico
1261 1809 1336 1887 fonte
1351 1809 1455 1863 Solaria
1476 1810 1602 1880 corporis
1627 1809 1687 1861 dis·

316 1934 330 1957 „
354 1899 476 1946 ensatur.
629 1904 632 1908 ·

333 1911 352 1963 p
394 1972 551 2035 „Hicnulla
562 1971 697 2039 planeest
707 1969 845 2039 exceptio„
855 1968 997 2040 proportio
1008 1976 1052 2022 est
1063 1968 1290 2022 munitissimaex
1301 1972 1417 2038 utroque
1427 1969 1530 2032 latere;
1541 1988 1578 2024 ex
1594 1979 1686 2039 parte

315 2052 440 2124 „quidem
461 2068 558 2106 sensus
580 2057 754 2103 attestantur
775 2057 992 2105 astronomorum
1008 2049 1215 2102 observationes
1241 2049 1417 2119 quotidianae
1441 2066 1501 2104 cum
1525 2050 1599 2104 omni
1615 2049 1685 2103 sub·

307 2132 436 2197 „tilitate
451 2149 517 2185 sua:
542 2150 578 2184 ex
594 2138 676 2200 parte
690 2147 756 2183 rerc
770 2128 886 2183 rationis
912 2129 1083 2198 astipulatur
1097 2130 1175 2183 nobis
1189 2129 1368 2182 Aristarchus
1392 2129 1418 2181 iu
1433 2131 1628 2198 generalibus,
1655 2129 1684 2182 in

315 2212 424 2281 „specie
445 2229 510 2265 vero
532 2226 636 2265 causae
659 2216 813 2280 suppetunt
835 2209 1072 2271 evidentissimae,
1104 2209 1197 2278 posita
1219 2209 1311 2278 specie
1340 2209 1526 2265 immateriata
1553 2209 1683 2279 corporis
1749 2204 1753 2215 '

315 2292 444 2355 „solaris¹
470 2309 518 2344 cur
540 2292 683 2362 proportio
707 2292 809 2343 debeat
823 2306 885 2343 esse
908 2308 958 2342 nec
981 2290 1088 2359 simpla,
1114 2284 1272 2358 necdu'pla,
1296 2289 1345 2342 sed
1365 2289 1449 2358 plane
1473 2290 1683 2361 sesquialtera:
1738 2344 1742 2353 ,

315 2388 434 2435 „causae
453 2371 538 2425 etiam
562 2378 727 2439 suppetunt,
756 2388 805 2423 cur
826 2369 873 2423 Sol
898 2370 991 2439 potius
1013 2371 1115 2423 Terrae
1142 2377 1175 2422 ut
1197 2369 1372 2438 planetarum
1400 2378 1567 2433 ceterorum.
1591 2385 1681 2440 quam

315 2453 420 2515 „Terra
432 2451 504 2505 Solis
519 2458 607 2505 motor
621 2467 682 2503 esse
698 2450 798 2520 possit;
823 2449 940 2519 denique
959 2451 1090 2503 naturale
1103 2449 1220 2503 rationis
1245 2450 1336 2503 lumen
1356 2448 1452 2513 dictat,
1476 2451 1635 2520 digniorem
1649 2454 1683 2501 et

315 2531 421 2602 „magis
436 2530 644 2601 archetypicam
668 2548 730 2583 esse
752 2530 872 2602 speciem
894 2547 1008 2599 operum
1022 2530 1085 2593 Dei,
1107 2529 1131 2583 si
1144 2536 1234 2582 motus
1249 2546 1342 2583 omues
1365 2530 1400 2582 ab
1418 2547 1471 2587 unc
1486 2531 1562 2584 fonte
1576 2530 1679 2591 fluaut

314 2611 450 2682 „quamsi
465 2612 591 2681 plerique
606 2610 713 2681 quidem
728 2613 763 2663 ab
778 2628 833 2664 unc
847 2610 896 2663 illo
912 2610 997 2673 fonte,
1014 2610 1098 2663 t'cntis
1109 2627 1174 2663 vero
1189 2610 1276 2680 ipsius
1291 2610 1326 2662 ab
1337 2608 1393 2663 alic
1407 2609 1572 2679 ignohiliore
1587 2610 1679 2664 fonte.

395 2693 534 2753 „Accedat
556 2707 621 2743 vero
637 2691 764 2743 formatio
789 2691 851 2759 ipsa
864 2691 1052 2759 proportionis
1074 2689 1179 2743 orbium
1194 2690 1306 2743 seorsim
1322 2698 1387 2743 ante
1401 2698 1491 2744 motus
1514 2691 1600 2754 facta,
1625 2701 1681 2759 per

288 2807 296 2811 -
315 2772 451 2842 „quinque
475 2771 581 2841 figuras
605 2780 634 2823 et
657 2787 707 2839 per
721 2770 888 2824 harmonias.
931 2770 1002 2824 Nam
1026 2770 1048 2823 si
1064 2770 1189 2823 Braheus
1208 2787 1302 2824 rerum
1325 2770 1405 2833 dicit,
1429 2770 1518 2824 locum
1541 2771 1598 2824 ista
1621 2787 1679 2823 non

315 2851 446 2915 „habent
463 2850 514 2903 nisi
529 2850 633 2905 adscito
648 2851 749 2903 circulo
765 2851 857 2922 aliquc
872 2850 991 2904 Telluris
1007 2851 1079 2904 inter
1093 2852 1173 2903 orbes
1187 2851 1286 2905 Martis
1301 2858 1330 2903 et
1345 2850 1460 2904 Veneris
1475 2868 1525 2922 per
1538 2850 1679 2922 imagina-

314 2932 434 2995 „tiouem
449 2930 646 2984 circumducto:
671 2937 701 2984 et
715 2931 791 2984 Deus
815 2947 869 2984 non
884 2931 923 2983 rei
939 2931 1034 3000 ipsius,
1059 2932 1106 2984 sed
1121 2930 1326 3003 imaginationis
1349 2929 1442 2999 potius
1458 2948 1551 2985 curam
1564 2931 1676 2993 hahuit.

314 3012 503 3081 „distorquens
528 3029 596 3080 opus
621 3010 709 3080 ipsum
730 3013 902 3073 mundanum,
928 3019 960 3064 ut
975 3011 1066 3082 operis
1081 3010 1245 3081 imaginatio
1269 3011 1387 3079 pulchra
1404 3028 1466 3066 esse
1480 3019 1590 3082 posset:
1614 3027 1678 3065 cum

314 3099 427 3153 „tamen
441 3091 565 3144 infinitae
580 3091 653 3144 aliae
669 3091 770 3144 similes
786 3090 968 3161 imaginariae
983 3091 1089 3161 species
1106 3090 1149 3157 (ut
1163 3092 1314 3145 stationum
1336 3098 1367 3143 et
1388 3084 1677 3165 retrogradationum)

315 3177 448 3233 „careant
462 3172 513 3224 tali
528 3180 644 3224 ornatu:
670 3177 702 3223 at
715 3170 738 3223 si
753 3188 846 3224 rerum
862 3172 930 3225 dicit
942 3171 1129 3234 Aristarchus,
1154 3180 1219 3225 tunc
1233 3179 1348 3227 ornatus
1362 3170 1415 3225 iste
1441 3172 1578 3226 invenitur
1592 3173 1621 3225 in
1634 3189 1676 3233 re,

314 3251 437 3321 „species
452 3267 517 3303 vero
541 3251 722 3322 imaginariae
746 3268 848 3315 omnes,
873 3251 953 3305 nulla
973 3259 1103 3322 excepta,
1127 3251 1325 3322 permittuntur
1343 3252 1556 3307 necessitatibus
1579 3254 1677 3323 legum

315 3330 495 3399 „cpticarum

367 3476 370 3480 .
394 3409 494 3472 „Hisce
518 3410 661 3478 perpensis
686 3426 767 3478 spero
791 3426 839 3462 ros
864 3426 967 3480 aequos
991 3412 1152 3481 dogmatum
1175 3428 1302 3466 censores
1325 3411 1399 3474 fore,
1431 3430 1482 3466 nec
1505 3412 1601 3466 hostes
1625 3428 1674 3465 ros

314 3497 459 3562 „gesturos
481 3498 595 3543 ornatus
617 3505 730 3558 operum
751 3490 903 3551 divinorum
924 3490 1142 3562 exquisitissimi.
1184 3492 1314 3546 Valete.“

903 3700 1005 3709 β..-
1033 3697 1087 3706 πα

864 3856 985 3957 Caput
1011 3859 1120 3933 ΧΧΙ.

700 4016 788 4092 Quid
811 4037 851 4078 erc
873 4017 997 4098 desecta
1020 4017 1239 4099 corripendum.
1254 4024 1281 4093 ⁸)

402 4142 452 4219 Sic
477 4152 568 4233 igitur
592 4156 647 4218 hcc
671 4156 799 4218 alterum
823 4165 1031 4237 argumentum
1052 4159 1153 4235 habet,
1178 4179 1236 4240 quo
1254 4163 1414 4242 probatum
1433 4173 1482 4225 est
1495 4164 1673 4227 Aristotelis

213 4273 223 4279 -
312 4245 510 4318 auctoritate,
539 4244 673 4324 potiores
698 4265 764 4307 esse
789 4265 883 4307 novas
908 4248 1104 4329 hypotheses,
1133 4260 1295 4330 propterea
1318 4253 1396 4332 qnod
1419 4271 1474 4332 per
1497 4272 1550 4315 eas
1574 4262 1674 4315 motus

313 4331 423 4411 duplici
448 4334 580 4408 nomine,
610 4344 642 4395 et
664 4334 786 4396 virtutis
810 4335 977 4397 intentione
1001 4344 1032 4397 et
1056 4337 1212 4400 celeritate
1234 4339 1365 4414 reditus,
1397 4343 1472 4403 fiant
1499 4343 1672 4422 proportio-

312 4421 399 4481 nales
428 4421 598 4499 ἀποςημασι
627 4422 858 4503 Cupernicanis,
893 4426 973 4505 quod
1004 4424 1033 4486 in
1061 4435 1197 4489 veterum
1225 4430 1262 4490 de
1291 4432 1400 4491 mundo
1424 4431 1587 4493 traditione
1609 4430 1673 4492 fleri

314 4510 392 4571 nullo
415 4518 507 4590 pacto
530 4514 640 4592 potuit.
687 4514 790 4593 Atque
818 4514 892 4575 haec
926 4513 1045 4594 quidem
1076 4515 1164 4594 hujus
1195 4518 1231 4578 de
1259 4530 1341 4580 motu
1372 4526 1522 4581 tractatus
1547 4521 1673 4582 intentio

315 4597 380 4659 scia
403 4600 535 4677 debebat
558 4621 635 4665 esse.
683 4603 799 4664 Verum
822 4623 880 4665 uon
905 4603 1026 4665 difficile
1051 4604 1122 4665 mihi
1146 4616 1195 4667 est
1223 4609 1386 4687 conjicere,
1415 4610 1594 4683 exstituros,
1624 4608 1674 4689 qui

315 4690 503 4765 optaverint,
537 4699 571 4751 ut
598 4690 675 4779 hanc
703 4691 839 4755 ultimam
868 4686 1006 4773 opusculi
1031 4703 1148 4773 partem
1173 4696 1350 4761 omisissem.
1398 4698 1519 4761 Etenim
1543 4700 1674 4773 (dicent)

315 4775 351 4862 si.
369 4795 470 4838 veram
496 4798 552 4859 per
580 4799 706 4860 corpora
733 4783 957 4862 proportionem
990 4782 1141 4844 coelorum
1173 4786 1404 4850 constituisses:
1439 4788 1541 4869 utique
1574 4795 1673 4850 motus

315 4862 397 4925 illam
413 4866 632 4931 confirmarent.
671 4870 797 4933 Veritas
818 4872 896 4933 euim
921 4893 940 4941 a
962 4891 995 4935 se
1019 4871 1088 4960 ipsa
1111 4893 1169 4935 non
1194 4875 1332 4941 dissidet.
1369 4876 1464 4959 Atqui
1490 4877 1575 4941 vides
1598 4878 1671 4958 ipse,
