3609 5634
652 362 658 367 ’
697 374 853 442 magas·
874 376 1028 428 000000.
1381 406 1384 411 -
1470 376 1536 447 495

156 529 338 609 frumenti,
362 532 442 609 vini,
466 532 543 609 olei,
568 532 661 596 tritici
685 541 743 597 ete.
763 535 836 597 itam
858 534 946 598 Jovis
973 535 1003 597 in
1032 536 1128 617 figora
1150 536 1296 600 cardinali
1320 533 1535 617 dispositiones

155 622 344 685 vanissima
366 623 482 685 somnia
505 630 584 685 sunt.
614 619 743 692 Quaeris
765 643 818 687 cur
839 624 941 687 vinum
965 624 1021 687 hoc
1045 644 1124 688 anno
1146 643 1205 688 non
1228 624 1423 708 provenerit?
1455 624 1535 699 Quia

156 708 305 791 frigidus
335 720 367 774 et
398 711 536 774 humidas
564 730 659 774 annus
683 711 749 777 init.
796 711 856 785 Qui
878 714 936 776 hoc
959 714 1128 795 praevidit,
1160 735 1198 776 ex
1229 714 1286 776 hoe
1313 714 1379 777 solo
1407 722 1440 777 et
1460 715 1535 780 illud

156 798 291 863 habuit.
339 798 402 865 Gur
424 819 545 862 annona
567 801 683 881 quua
705 802 790 865 divas
814 802 887 865 alibi
910 801 977 875 1011,
1001 802 1074 866 alibi
1095 804 1219 866 tenuis?
1257 801 1337 875 Quia
1360 820 1398 865 ex
1416 804 1535 867 iuterna

157 887 286 970 aliqua,
311 889 355 952 uti
379 907 470 970 supra
493 891 653 970 disputavi,
678 899 710 953 et
732 892 829 955 adhuc
852 891 974 954 occulta
995 892 1107 955 Terrae
1129 891 1327 973 dispositione
1348 900 1454 971 partes
1474 894 1534 955 ali·

158 995 252 1057 quae
276 978 436 1041 Terrarum
458 979 598 1042 humidae
626 980 727 1056 fuere,
755 988 788 1043 et
816 988 920 1043 aestas
952 989 1095 1062 quantum
1125 982 1202 1044 satis
1230 981 1287 1043 fnit
1309 999 1431 1055 serena3
1461 982 1532 1045 alibi

158 1084 246 1129 vero
270 1067 394 1131 siccitas
418 1068 484 1144 fnit,
500 1068 621 1131 inimica
636 1069 789 1149 frugibns3
813 1088 903 1150 quam
918 1076 951 1131 et
963 1075 1064 1133 terrae
1078 1071 1177 1133 motu's
1197 1080 1318 1133 secutus
1334 1077 1392 1133 est.
1431 1069 1531 1133 Inter-

159 1155 245 1217 dum
268 1158 344 1219 bene
368 1156 487 1239 quidem
509 1158 604 1219 habet
627 1176 736 1233 annus,
767 1158 822 1221 sed
854 1157 955 1221 subito
987 1167 1020 1221 et
1049 1178 1109 1221 una
1136 1159 1184 1222 die
1207 1159 1315 1241 pmina
1343 1158 1394 1221 vel
1416 1158 1531 1239 grando

159 1244 332 1321 montosis,
366 1253 419 1308 aut
450 1246 605 1308 inundatio
638 1247 775 1326 partibus
807 1254 897 1310 nocet
928 1247 1107 1323 humilibua3
1144 1266 1239 1330 eaque
1275 1265 1366 1310 unum
1402 1246 1533 1330 aliquem

159 1340 314 1410 tractum,
340 1353 398 1417 quo
421 1342 529 1397 ventus
555 1335 658 1411 fauor,
684 1343 820 1416 occupat.
858 1333 1117 1407 Quemadmodum
1140 1345 1172 1399 et
1193 1337 1225 1400 in
1247 1344 1405 1400 ventorum
1422 1346 1532 1401 natura

160 1442 286 1504 magna
317 1431 469 1485 momenta
497 1431 585 1494 0001,
616 1442 738 1504 quorum
769 1425 879 1505 plegae
907 1424 953 1486 his
981 1425 1092 1488 0001010
1115 1425 1286 1506 regionibus
1309 1425 1530 1489 inconstantis·

162 1511 269 1575 simae
305 1520 376 1574 sunt
412 1521 448 1575 ut
477 1513 643 1594 plurimum.
699 1513 919 1577 Stultissimum
950 1514 1056 1594 igitur,
1089 1515 1193 1577 horum
1225 1522 1386 1578 eventuum
1421 1534 1531 1578 causas

163 1601 252 1663 allas
280 1620 425 1683 quaerere
452 1602 483 1664 io
510 1602 613 1683 figuris
636 1602 854 1676 cardinalibus,
886 1621 954 1665 cum
976 1603 1155 1666 manifestas
1177 1623 1287 1667 causas
1310 1621 1467 1667 cernemus
1491 1604 1529 1667 ob

163 1690 287 1754 oculos.
333 1691 381 1753 Ac
404 1709 443 1753 ne
466 1710 560 1754 novus
583 1691 672 1754 homo
696 1701 792 1755 artem
814 1692 984 1755 convellere
1006 1692 1120 1769 videar,
1145 1694 1184 1758 ad
1201 1692 1335 1758 Oardani
1358 1700 1390 1755 et
1407 1693 1545 1778 I'yolro·⁴

164 1779 219 1840 nia
244 1780 457 1843 anemritatem
479 1799 620 1863 provoco.

235 1874 237 1877 ’
662 1882 665 1889 ·
713 1868 849 1932 Thesis
871 1868 986 1932 LXVI.
1060 1906 1064 1916 ι

263 1954 396 2019 Causam
429 1976 517 2019 unam
546 1976 603 2038 ego
635 1957 842 2034 considerabo,
876 1964 1090 2038 tempestatem
1118 1976 1186 2020 cum
1208 1958 1247 2020 de
1269 1958 1379 2021 ceteris
1399 1958 1530 2020 nondum

167 2053 301 2109 constet.
349 2045 417 2109 Ver
444 2054 593 2109 maturum
621 2047 650 2109 in
674 2047 921 2111 meridionalibus
948 2047 1024 2109 locis
1047 2059 1182 2127 gemmas
1205 2048 1346 2111 arbomm
1371 2048 1531 2128 protrudet

169 2143 244 2199 ante
267 2144 397 2214 tempus,
421 2136 526 2218 quibus
550 2136 648 2198 adhue
671 2136 785 2199 teneris
809 2135 1023 2218 superveniens
1045 2136 1264 2217 intemperatus
1287 2136 1418 2199 Martius
1441 2136 1529 2199 dam-
1632 2148 1635 2153 ’

167 2244 242 2287 num
265 2224 385 2286 inferet.
432 2225 466 2287 Iu
499 2233 602 2287 nostro
635 2224 756 2288 climate
788 2244 824 2286 eo
856 2234 992 2304 tempore
1020 2225 1059 2288 ob
1089 2225 1183 2305 frigus
1207 2226 1329 2289 solitum
1352 2233 1385 2287 et
1407 2225 1531 2287 boream

169 2314 304 2376 noudum
336 2313 494 2395 quicquam
527 2320 631 2376 extare
664 2313 754 2377 solet.
808 2313 873 2375 Ver
902 2312 1090 2376 commodum
1117 2314 1267 2394 frugibus,
1302 2314 1356 2376 sed
1391 2311 1442 2377 10.
1481 2312 1529 2376 11.

172 2400 225 2466 12.
249 2401 327 2481 Maji
350 2403 380 2464 10
402 2403 536 2483 periculo
564 2410 627 2478 est,
659 2409 694 2465 ut
724 2421 816 2482 snpra
843 2402 965 2465 dictum.
1006 2400 1119 2465 -Junius
1152 2402 1272 2465 florenti
1302 2402 1358 2464 riti
1390 2403 1530 2472 minatur,

169 2509 244 2553 nam
273 2499 306 2554 et
336 2490 385 2554 bie
413 2500 445 2554 et
477 2492 528 2573 qui
558 2490 693 2574 sequitur
713 2491 813 2553 Julius
838 2500 890 2553 aut
912 2490 1003 2553 nimio
1026 2490 1153 2553 humore·
1172 2499 1225 2553 aut
1247 2489 1392 2572 grandine
1415 2490 1531 2570 passim

170 2581 286 2643 damna
307 2580 431 2642 dabunt.
477 2584 645 2662 Augustus,
669 2577 859 2661 September,
884 2578 1019 2642 October
1040 2580 1111 2642 vino
1133 2579 1273 2643 videntur
1295 2581 1408 2655 favere,
1433 2597 1529 2660 quan·

169 2678 235 2731 tum
259 2676 358 2730 restat
379 2670 408 2731 in
432 2670 576 2750 palmite,
605 2668 755 2749 etiamque
779 2670 939 2731 frumento.
985 2665 1048 2730 Sed
1076 2675 1178 2731 tamen
1207 2678 1240 2732 et
1263 2666 1317 2734 20.
1341 2664 1531 2750 prtembris

169 2758 203 2820 in
226 2756 338 2821 ricinia
359 2776 415 2820 sua
437 2758 602 2839 periculum
623 2757 725 2821 habet.

710 2845 842 2908 Thetis
865 2845 994 2907 LXVII.
1501 2892 1506 2899 .

261 2932 352 3007 Quod
374 2935 494 2997 morbos
517 2934 645 3013 attinet,
668 2935 743 2998 illud
767 2934 977 2997 universaliter
1003 2951 1107 2997 verum
1135 2934 1235 2997 sciunt
1257 2933 1384 3008 medici,
1408 2937 1530 2998 turbato
1630 2967 1641 2990 ο

173 3030 244 3086 aere
267 3042 394 3104 corpora
413 3023 509 3086 ‘etiam
532 3032 637 3088 nostra
660 3023 784 3087 turbari.
830 3016 938 3104 ltaque
965 3041 1031 3085 cnm
1054 3021 1160 3104 hyems
1183 3024 1350 3105 inaequalis
1377 3024 1530 3104 significe-

172 3121 232 3188 tur,
255 3113 342 3175 multi
364 3112 457 3176 011010
479 3112 575 3176 morbi
595 3120 699 3188 erunt,
722 3112 883 3193 praecipua
911 3111 940 3173 in
964 3111 1110 3193 principio
1133 3111 1238 3174 Martii
1264 3119 1298 3174 et
1317 3113 1404 3197 Maji.
1452 3111 1530 3177 Cum

174 3208 276 3264 antem
299 3211 331 3265 et
353 3210 457 3265 aestas
471 3211 628 3284 ‘appareat
649 3201 779 3275 turbida,
804 3209 963 3264 autumnus
987 3220 1116 3283 sequens
1140 3200 1178 3263 ob
1197 3219 1392 3281 congressum
1406 3200 1531 3266 Saturni

174 3300 208 3354 et
237 3291 347 3354 Martia
380 3291 540 3354 admodum
571 3290 630 3353 erit
653 3289 803 3372 putridus,
828 3290 914 3353 multi
941 3291 1036 3353 morbi
1060 3291 1265 3368 autumnales,
1290 3291 1400 3355 alieubi
1421 3294 1529 3373 pestis,

174 3398 233 3463 quo
255 3388 365 3443 ventus
387 3380 494 3442 noxius
518 3382 612 3455 lerat3
640 3379 820 3461 praesertim
848 3379 875 3442 01
903 3380 970 3461 quia
997 3379 1125 3460 eclipses
1148 3399 1185 3442 eo
1209 3398 1266 3462 quo
1290 3379 1419 3443 diuinam
1442 3382 1530 3444 modo

174 3468 354 3533 consideret.
402 3470 435 3531 In
460 3488 578 3550 genere,
612 3487 802 3550 quoscunque
826 3468 892 3531 dies
920 3469 1023 3530 notavi
1047 3468 1222 3550 aspectibus
1253 3468 1367 3532 crebris
1391 3470 1528 3546 infestos,

173 3559 199 3622 11
221 3565 254 3620 01
276 3558 395 3622 morbos
419 3558 500 3621 cient
522 3559 551 3620 in
575 3557 721 3639 subjectis
743 3556 870 3631 idoneis,
885 3557 992 3638 etjam
1011 3555 1240 3637 aegrotantibus
1255 3556 1437 3621 difficiliores
1452 3567 1530 3621 sunt

176 3646 255 3711 Cum
279 3656 379 3711 autem
402 3647 491 3710 homo
515 3646 624 3727 aliquia
644 3647 710 3727 jam
735 3645 901 3721 decumbit,
926 3652 980 3707 aut
1003 3664 1070 3707 cum
1093 3645 1233 3707 humores
1257 3645 1359 3708 vitiosi
1374 3646 1440 3724 jam
1454 3648 1529 3710 fluc-

172 3743 264 3800 tuant
286 3736 317 3798 in
340 3755 478 3816 corpore:
503 3742 574 3799 tuuc
597 3755 670 3798 sane
693 3754 752 3797 non
777 3733 914 3814 amplius,
939 3741 974 3796 ut
995 3733 1142 3795 hactenns
1166 3752 1222 3814 ego
1246 3734 1314 3810 feci,
1339 3735 1452 3815 negligi
1473 3736 1528 3797 de-

173 3825 249 3888 bent
271 3824 521 3906 configurationes
544 3823 649 3887 Lunae
680 3842 746 3886 cum
768 3821 917 3905 planetis,
951 3822 1112 3903 praecipue
1135 3821 1308 3885 cumbole.
1354 3824 1435 3886 Nam
1457 3843 1529 3906 par·

175 3914 331 3978 ticularius
355 3915 537 3996 disponunt,
567 3921 599 3975 et
621 3921 743 3975 movent
765 3912 905 3975 humores
937 3912 1032 3992 (quod
1058 3918 1193 3975 testatur
1213 3929 1354 3992 magnum
1376 3913 1449 3976 illud
1473 3915 1530 3976 hu·

175 4022 292 4066 morum
316 4004 409 4066 chaos
432 4006 578 4077 oceanus)
602 4020 657 4065 nec
680 4001 826 4082 negarim,
848 4000 878 4063 in
893 4000 1042 4063 medicina
1055 4000 1194 4064 iacienda
1209 4002 1323 4064 utiliter
1336 4001 1530 4065 considerari.

122 4105 125 4109 ’
176 4092 290 4155 Pareat
313 4111 404 4174 aegro
427 4092 560 4155 medicus
587 4091 781 4154 vehementer
808 4090 985 4165 debilitato,
1019 4090 1046 4152 si
1077 4097 1197 4170 potest,
1229 4091 1316 4152 Luna
1345 4090 1374 4152 in
1405 4097 1532 4171 aspectu

176 4182 249 4244 furti
272 4188 423 4246 versante.
470 4182 550 4245 Nam
574 4179 698 4263 quilibet
722 4187 864 4262 aspectus
890 4197 945 4259 per
973 4198 1006 4241 se
1030 4188 1157 4242 naturae
1179 4179 1320 4262 purgatio
1344 4187 1400 4242 ost
1437 4181 1482 4241 At
1505 4178 1530 4242 si

176 4269 287 4333 validis
318 4269 546 4351 purgationibus
578 4289 654 4350 opus
686 4278 752 4342 est,
784 4269 880 4348 eligat
908 4267 1042 4331 vicissim
1064 4268 1158 4331 101100
1181 4268 1443 4347 configurationes.
1489 4267 1532 4330 Et

177 4379 251 4422 sane
274 4367 370 4423 totum
393 4359 514 4423 crisium
537 4358 690 4440 negotium
712 4378 732 4421 a
755 4358 858 4420 Lunae
882 4357 980 4420 reditu
1003 4364 1036 4418 et
1058 4357 1291 4438 configuratione
1315 4356 1532 4439 complanatis

177 4448 337 4531 dependet,
361 4449 530 4532 frustraque
554 4446 626 4513 alibi
649 4446 811 4530 quaeritur.

700 4535 832 4599 Thasia
854 4533 1003 4598 LXVIII.

266 4626 302 4689 In
325 4626 414 4690 rebus
438 4626 570 4710 politicis
594 4632 626 4689 et
646 4623 764 4689 bellicis
788 4625 960 4704 astrologus
983 4640 1057 4684 sane
1081 4628 1184 4685 votum
1207 4621 1328 4703 aliquod
1350 4622 1529 4705 10010100-

178 4714 246 4777 sitis
268 4714 317 4787 iis,
341 4734 418 4798 quae
441 4735 532 4798 supra
556 4714 741 4779 fundamenti
773 4713 840 4775 loco
864 4713 927 4775 dixi
950 4711 988 4774 de
1011 4712 1176 4775 animorum
1199 4730 1346 4774 consensu
1369 4730 1528 4776 cumcon-

177 4804 404 4885 dgurationibus
418 4804 611 4869 coelestibus.
651 4802 834 4884 Vigentibus
849 4800 928 4865 enirn
942 4799 1052 4865 validis
1065 4800 1247 4882 aspectibus,
1264 4818 1350 4864 omns
1365 4801 1530 4866 animorum

178 4911 282 4974 genus,
318 4893 473 4978 quodlibet
503 4894 534 4957 in
567 4912 621 4958 sno
652 4911 743 4974 opere
765 4891 946 4954 naturaliter
967 4896 1108 4971 vegetum
1131 4898 1180 4954 est
1202 4897 1234 4953 et
1256 4891 1370 4968 alacre,
1399 4892 1529 4955 maxime

1256 4994 1316 5046 28*
