3609 5634
771 366 975 421 amun
1472 367 1550 433 -239

183 518 329 587 mltos
352 521 519 603 metim
541 522 669 601 vigeret,
692 531 726 585 et
746 523 811 587 siae
835 543 895 606 quo
916 524 1098 599 nihilesset.
1123 524 1209 604 cajus
1223 524 1427 606 cognitionem
1440 544 1549 607 capere

182 628 275 673 mens
298 620 407 677 noetra
426 618 542 690 posset.
587 612 695 692 Itaque
717 613 796 675 hanc
819 613 1045 677 demonstrandi
1069 613 1217 676 rationem
1245 633 1284 676 es
1307 614 1474 693 geometria
1495 634 1550 677 ceu

184 698 328 779 exemplo
359 700 528 763 desumtam
560 701 755 763 excoluemnt
787 709 819 762 et
848 702 879 763 in
911 703 1038 764 formam
1070 703 1146 764 artis
1175 703 1309 782 adeoque
1342 710 1374 764 et
1404 703 1550 768 scientiae

183 786 385 867 redegerunt,
409 806 486 868 quae
510 788 635 867 logica
660 789 779 851 dicitur.
827 789 990 852 Vocabula
1013 799 1045 853 et
1066 798 1101 853 ut
1122 791 1269 870 loquimur
1291 790 1455 865 amisos.
1475 810 1551 873 qnos

186 875 220 935 in
245 876 414 954 geometria
444 886 633 956 repererunt,
667 878 859 940 retinuerunt
880 879 957 940 adeo
980 880 1102 952 crehro,
1137 887 1171 940 nt
1193 897 1304 958 negare
1320 873 1420 941 'nemo
1443 880 1550 959 possit.
1664 897 1671 907 ⁸

185 964 242 1025 lta
263 964 525 1045 hypotheseos
544 984 604 1029 vox
627 984 743 1046 qnoque
767 966 971 1031 usitatissima
990 975 1040 1028 est
1067 967 1098 1031 in
1112 967 1249 1031 docmina
1262 967 1550 1031 demonstrationum

185 1053 271 1133 apud
292 1053 502 1121 Aristotelem.
550 1052 627 1117 Cum
651 1054 757 1135 itaque„
777 1055 894 1134 logicae
916 1055 1088 1134 jurisdictio
1116 1074 1171 1134 per
1192 1074 1300 1118 omnes
1317 1064 1425 1135 pateat
1448 1057 1549 1120 seien-

187 1142 267 1216 tias,
299 1161 338 1205 ex
367 1142 466 1223 logica
488 1160 604 1224 quoqne
631 1143 663 1207 in
686 1144 954 1207 astronomiam
978 1162 1037 1206 vox
1064 1143 1266 1225 hypotheseos
1293 1143 1468 1209 introducta
1490 1154 1547 1221 est,

86 1306 91 1311 ,
187 1248 268 1310 quae
290 1231 340 1301 val
363 1231 427 1295 sine
451 1231 553 1311 logica
572 1239 697 1312 propter
719 1232 802 1303 solas
825 1234 1099 1295 demonstrationes
1121 1232 1154 1295 in
1171 1233 1358 1295 astronomia
1380 1234 1547 1313 geometri-

186 1337 243 1379 cas
277 1327 310 1380 et
332 1318 376 1380 sic
400 1320 527 1398 genuino
551 1320 669 1384 nomine
692 1321 905 1401 usurpabatur.
952 1321 1145 1401 Hypothesin
1165 1320 1268 1384 autern
1289 1321 1319 1383 iu
1338 1340 1448 1403 genera
1472 1321 1548 1385 cist

187 1425 271 1480 mas,
306 1407 447 1488 quidquid
470 1409 510 1471 ad
539 1427 745 1490 quamcunque
777 1409 1065 1473 demonstrationem
1096 1419 1257 1489 procerte
1284 1418 1318 1472 et
1344 1411 1549 1474 demonstrato

190 1496 327 1559 affertur.
374 1498 425 1557 Its
453 1497 482 1559 in
507 1497 586 1559 omni
610 1497 783 1578 syllogismo
807 1499 990 1580 hypotheses
1017 1498 1087 1560 illae
1111 1506 1195 1573 strat,
1225 1517 1300 1579 quas
1328 1499 1550 1579 propositiones

189 1585 257 1645 sive
279 1585 463 1663 praemissas
487 1586 577 1648 aliter
600 1586 738 1649 dicimus.
786 1588 820 1648 ln
844 1587 978 1665 longiore
992 1605 1064 1648 vero
1083 1587 1352 1662 demonstratione,
1375 1607 1451 1667 qnae
1469 1588 1548 1651 mul-

189 1681 241 1733 tos
272 1672 367 1735 habet
396 1672 587 1753 syllogismos
619 1674 846 1747 subordinatos,
884 1676 1048 1754 primorum
1084 1675 1324 1756 syllogismorum
1361 1676 1547 1755 praemissae

190 1761 331 1825 dicuntur
361 1760 554 1841 hypotheses.
602 1764 652 1825 lta
683 1762 713 1833 in
741 1763 969 1839 astronomicis,
1003 1763 1120 1844 quoties
1151 1783 1191 1826 ex
1216 1764 1268 1837 iis,
1299 1782 1375 1845 quas
1403 1764 1434 1826 in
1462 1764 1547 1827 coslo

191 1849 352 1928 diligenter
376 1857 408 1910 et
429 1858 501 1931 apte
524 1851 635 1913 attenti
658 1852 801 1924 vidimus,
831 1852 943 1931 aliquid
976 1871 1164 1914 numerorum
1187 1861 1220 1915 et
1247 1853 1406 1931 figuramm
1429 1872 1485 1932 ope
1510 1853 1547 1915 de

188 1938 292 2011 stella,
317 1956 406 2018 quam
429 1939 708 2013 observaversmus,
732 1940 990 2003 demonstramus:
1015 1949 1086 2004 tnnc
1104 1961 1151 2015 ea,
1176 1960 1266 2021 qnam
1284 1941 1346 2002 dixi
1364 1941 1547 2016 observatio,

188 2028 220 2089 in
243 2026 385 2091 instituta
407 2026 662 2091 demonstratione
682 2029 716 2090 fit
738 2028 925 2110 hypothesis,
950 2048 1147 2110 superquam
1170 2029 1331 2110 praecipue
1355 2028 1547 2091 demonstra·

189 2115 235 2177 tio
257 2115 434 2182 exstruitur.

279 2201 419 2269 Gentius
441 2203 517 2264 haec
540 2212 589 2265 est
610 2203 694 2265 vocis
718 2204 895 2286 hypothesis
919 2204 1013 2267 notio.
1059 2205 1096 2266 In
1118 2205 1219 2284 specis
1247 2212 1367 2280 tamen,
1396 2224 1463 2267 cum
1486 2226 1543 2269 nu-

115 2302 127 2313 '
189 2311 274 2359 mero
297 2291 498 2357 multitudinis
522 2292 802 2354 astronomicas
827 2293 953 2355 dicimos
986 2293 1229 2374 hypotheses,
1264 2293 1389 2355 iacimus
1413 2292 1444 2353 id
1467 2312 1548 2355 more

188 2381 362 2445 scholarum
384 2379 473 2458 hujus
496 2380 600 2453 seculi,
625 2381 822 2460 designantes
846 2401 993 2444 summam
1009 2382 1158 2463 quandam
1177 2381 1406 2460 conceptionum
1419 2381 1547 2443 celebris

192 2469 321 2548 alicujus
345 2468 487 2541 artificis,
516 2488 553 2530 ex
573 2466 680 2550 quihus
698 2478 793 2531 totam
817 2470 869 2533 ille
892 2470 1039 2532 rationem
1062 2477 1195 2533 motuum
1223 2469 1400 2531 coelestium
1422 2469 1547 2532 demon-

192 2568 287 2623 strat:
322 2577 382 2639 ona
409 2557 439 2618 in
472 2577 588 2621 summa
610 2557 713 2623 insunt
744 2576 810 2619 cunr
833 2558 977 2638 physicae
1003 2566 1067 2621 tum
1094 2557 1296 2638 geometricae
1326 2555 1548 2637 propositiones

192 2666 306 2721 omnes,
333 2653 481 2727 quotquot
502 2648 541 2708 ad
565 2654 661 2709 totum
685 2665 759 2725 opus
782 2655 955 2708 astronomo
979 2646 1023 2708 illi
1044 2645 1229 2726 propositum
1253 2645 1455 2707 asciscuntur:
1484 2647 1555 2709 sire»

193 2735 263 2797 illas
288 2734 408 2797 aliunde
433 2735 472 2795 ad
495 2754 580 2797 suum
605 2735 791 2797 commodum
814 2735 1006 2797 transtulerit
1028 2736 1155 2803 artifex,
1178 2734 1243 2795 sive
1266 2741 1359 2797 antea
1381 2753 1420 2796 es
1442 2735 1548 2799 ohser-

196 2823 368 2887 redonibus
401 2823 673 2896 demonstraverit,
717 2831 749 2887 et
776 2824 841 2902 jam
878 2824 931 2885 via
959 2823 1118 2903 reciproca·
1150 2842 1252 2885 secum
1290 2823 1499 2885 demonstrata
1530 2843 1551 2884 a

191 2912 326 2974 discente
350 2909 408 2972 sibi
430 2930 485 2973 ceu
508 2911 694 2992 hypotheses
717 2911 840 2973 concedi
864 2912 1011 2991 postulet,
1036 2911 1204 2992 exquibus
1227 2910 1272 2973 illi
1296 2919 1327 2973 et
1350 2930 1405 2972 eos
1426 2912 1548 2992 (quibus

190 3001 275 3067 initio
299 3019 401 3063 secum
422 2999 634 3080 hypothesium
658 3002 724 3062 loco
747 3020 819 3061 usus
843 3002 925 3075 erat)
949 3002 1126 3063 observatos
1141 3000 1299 3061 stellarum
1323 2999 1401 3061 situs
1424 3008 1456 3061 et
1475 3019 1549 3081 quos

189 3108 277 3169 porro
292 3088 432 3151 similiter
446 3088 636 3168 appetituros
651 3096 765 3169 sperat,
782 3089 968 3151 necessitate
982 3088 1172 3171 syllogistica
1190 3088 1465 3153 demonstraturum
1478 3090 1548 3170 pol·
1587 3096 1590 3109 ’

190 3179 325 3243 liceatur.
370 3176 442 3239 Dixi
466 3177 535 3257 qnid
559 3178 601 3239 sit
622 3178 809 3258 hypothesis.
859 3178 969 3239 Dicam
996 3185 1029 3239 et
1052 3179 1170 3259 qualem
1194 3197 1263 3239 esse
1287 3178 1428 3258 justam
1449 3179 1548 3261 hypo·

191 3267 289 3331 thesin
313 3266 355 3329 sit
376 3284 511 3328 necesse.

278 3353 409 3419 Cumin
433 3354 513 3417 omni
542 3352 703 3433 disciplina
733 3361 796 3415 tum
818 3353 848 3415 in
873 3354 1060 3417 astronomia
1080 3373 1212 3435 quoqne,
1244 3375 1321 3436 quae
1344 3356 1548 3418 concludendo

191 3446 334 3513 lectorem
357 3443 513 3518 docemus,
548 3462 586 3503 ea
608 3442 688 3504 serio
712 3442 857 3515 tacimus,
886 3443 1005 3505 omnino
1033 3443 1124 3505 ludos·
1148 3463 1206 3507 nou
1231 3444 1394 3525 agitantes.
1439 3445 1547 3525 Itaque

191 3531 330 3614 quicquid
363 3540 410 3593 est
442 3530 471 3593 in
502 3531 614 3593 uostris
647 3530 898 3601 conclusionibus,
938 3550 1042 3594 verum
1074 3551 1142 3595 esse
1176 3551 1353 3611 persuasum
1390 3531 1546 3596 habemus.

190 3622 284 3683 Porro
307 3628 342 3682 ut
364 3639 465 3681 verum
489 3619 684 3681 concludatur
707 3619 854 3699 legitime,
887 3620 1110 3700 propositiones
1141 3619 1172 3680 in
1196 3620 1387 3700 syllogismo,
1421 3620 1477 3682 hoc
1500 3627 1550 3682 est

192 3709 373 3791 hypotheses
397 3727 485 3769 veras
509 3727 577 3769 esse
602 3727 725 3769 necesse
749 3716 807 3769 est.
853 3707 930 3769 Tum
953 3708 1072 3769 demum
1095 3709 1173 3770 enirn
1197 3708 1253 3768 fine
1277 3715 1381 3770 nostro
1403 3709 1546 3788 potimur,

191 3808 224 3859 ut
246 3817 349 3860 verum
373 3796 478 3859 lectori
500 3796 710 3870 ostendamus,
734 3814 802 3857 cum
824 3795 1001 3876 hypothesis
1025 3804 1151 3875 utraque
1174 3796 1362 3877 undiquaque
1385 3816 1458 3859 vera
1479 3798 1548 3878 legs

192 3885 380 3967 syllogistica
411 3885 441 3946 in
470 3884 691 3947 conclusionem
719 3884 838 3946 directa
862 3883 963 3946 fuerit
1008 3884 1057 3945 At
1086 3883 1112 3945 si
1142 3902 1225 3947 error
1256 3885 1306 3946 uel
1332 3884 1362 3946 in
1390 3893 1547 3966 utromque

191 3976 241 4037 vel
263 3974 293 4035 in
318 3975 496 4049 alterutram
518 3972 753 4053 praemissarum
777 3973 988 4054 hypothesium
1010 3972 1174 4054 irrepserit,
1199 3973 1258 4034 etsi
1281 3992 1384 4036 verum
1397 3973 1548 4037 interdum

191 4064 222 4125 in
245 4062 435 4131 conclusione
458 4063 603 4140 sequitur,
628 4061 659 4122 id
682 4070 795 4137 tamen,
820 4069 853 4123 ut
871 4062 938 4141 jam
960 4062 1076 4141 pridem
1095 4060 1170 4142 Gap.
1199 4060 1226 4124 i.
1251 4062 1311 4124 mei
1333 4062 1430 4142 Myst.
1446 4060 1547 4124 Cosm.

192 4150 340 4231 allegavi,
366 4149 489 4212 fortuito
513 4150 555 4225 fit,
580 4169 634 4213 nec
658 4168 790 4231 semper,
819 4150 965 4213 sedtum
992 4151 1111 4213 demum
1138 4170 1205 4213 curn
1229 4168 1311 4212 error
1332 4149 1548 4228 propositionis

192 4240 278 4301 nnius
311 4237 441 4302 occurrit
471 4247 579 4317 aptae,
612 4239 661 4300 vel
691 4257 781 4300 verae
810 4240 859 4301 vel
890 4238 1002 4314 salsae,
1036 4238 1126 4301 alteri
1154 4239 1193 4300 sd
1221 4257 1323 4300 verum
1356 4237 1544 4300 eliciendum.

105 4374 113 4392 .
191 4327 331 4406 Exempli
354 4327 420 4389 loco
444 4326 633 4391 latitudinem
656 4326 761 4389 Lunae
785 4325 969 4406 Copemicus
984 4327 1142 4406 supposuit
1158 4345 1218 4388 non
1232 4335 1457 4404 estmagnam3
1479 4327 1546 4388 visa

192 4424 242 4478 est
262 4416 317 4477 illa
338 4415 410 4481 olim
433 4433 485 4477 cor
508 4414 618 4493 scorpii
632 4421 746 4493 tegere.
795 4413 980 4494 Copernicns
1003 4415 1083 4476 salsa
1111 4415 1167 4475 hac
1187 4412 1370 4477 testudinis.
1385 4413 1547 4495 hypothesi

194 4496 326 4584 conjettt
342 4512 454 4578 tamen,
479 4521 515 4564 eo
530 4511 664 4583 ternpore
688 4503 857 4581 oportuisse
882 4503 944 4582 tegi
967 4502 1089 4565 stellam
1113 4503 1243 4565 anua.
1288 4499 1450 4564 Sed-alter
1463 4521 1546 4567 error

192 4592 342 4659 comasii:
378 4592 524 4655 assumsit
553 4590 632 4653 euim
660 4590 851 4669 latitudinem
877 4590 987 4653 stellae
1016 4598 1105 4652 tanto
1130 4590 1277 4654 minorem
1302 4589 1400 4670 justo,
1434 4599 1546 4670 quanto

192 4682 288 4745 minor
306 4681 391 4759 justo
414 4680 542 4745 latitudo
565 4679 668 4745 Lunae
692 4679 859 4741 constituta
881 4679 991 4741 fuerat
1038 4679 1154 4759 Atque,
1185 4678 1271 4740 utin
1293 4679 1454 4759 psorerbio
1476 4701 1546 4744 mos

193 4780 302 4835 nestor
323 4769 484 4832 mendaces
507 4776 541 4831 ut
564 4768 628 4831 sint
648 4787 814 4840 memores,
847 4767 893 4829 ita
914 4766 962 4828 hic
985 4766 1082 4828 falsae
1105 4766 1306 4850 hypotheses,
1329 4786 1434 4830 verum
1456 4769 1545 4834 simul

195 4858 319 4926 ormo
343 4858 555 4931 conducentes,
578 4857 609 4920 in
631 4874 797 4937 progressa
817 4855 1098 4933 demonstrationis,
1119 4857 1172 4919 uhi
1188 4856 1266 4919 aliis-
1281 4862 1371 4936 atque
1386 4856 1456 4920 aliis
1477 4859 1550 4922 tw·
