3609 5634
314 349 360 420 aa
767 393 772 404 ,
912 349 1075 441 mm·

314 515 344 577 io
369 514 571 596 descriptione
595 513 692 575 latina
715 512 884 585 monuisse,
920 529 998 577 esse.
1019 512 1091 575 nrihi
1123 513 1152 574 in
1181 522 1302 594 promtu
1330 533 1468 577 numeros
1491 514 1681 587 minutiores,

316 606 369 667 sed
394 605 501 686 quibus
526 603 607 666 intra
630 599 695 665 200
719 621 813 663 annos
837 602 958 664 circiter
980 597 1021 665 8⁰
1043 621 1125 663 error
1148 604 1353 666 committatur
1375 605 1405 665 iu
1420 605 1518 666 reditu
1539 603 1574 676 Q.
1612 601 1680 666 ce-

315 704 412 756 terum
437 692 554 755 facilius
578 702 626 754 est
649 691 747 771 perito
771 691 879 752 artifici
902 701 966 753 tam
989 691 1084 753 exiles
1114 692 1270 772 effingere,
1299 712 1389 773 quam
1417 693 1489 755 mihi
1516 693 1622 773 partiri
1649 690 1679 753 in

315 791 399 845 rotas
420 784 534 863 plures.
580 780 703 842 Numeri
727 779 806 840 euim
830 780 909 842 inter
932 800 965 842 se
987 780 1074 860 primi
1098 789 1188 843 sunta
1214 791 1281 843 tota
1304 801 1373 843 vero
1398 782 1495 845 lorma
1517 791 1549 844 et
1570 781 1679 861 dispo-

316 872 387 934 sitio
411 891 477 933 eum
502 872 531 932 in
554 870 672 932 modum
696 876 852 948 suscepta,
885 870 934 949 qui
963 888 1021 930 nou
1046 870 1146 949 possit
1169 888 1222 949 pro
1247 890 1306 933 uua
1330 871 1406 932 duas
1429 881 1514 933 rotas
1536 869 1677 951 adipisci,

315 962 358 1022 uti
384 961 498 1040 tejam
522 959 691 1038 intelligere
716 958 815 1019 credo.

404 1050 436 1111 ln
463 1049 569 1110 eadem
592 1048 688 1110 latina
712 1047 912 1126 descriptione
937 1066 1041 1108 secure
1065 1047 1257 1126 scmpulosus
1286 1047 1347 1110 lui:
1381 1067 1417 1110 eo
1441 1049 1519 1130 quod
1548 1047 1604 1110 tibi
1626 1067 1679 1110 me

314 1138 370 1200 soli
386 1138 517 1200 scribere
532 1155 695 1198 censerem.
728 1136 896 1217 Propterea
916 1137 1008 1198 etiam
1033 1136 1126 1199 latine
1151 1136 1267 1215 scripsi,
1293 1146 1325 1199 et
1347 1136 1376 1198 in
1400 1137 1573 1217 germanico
1596 1137 1679 1210 cavi,

314 1247 351 1289 ue
374 1227 470 1290 latina
493 1225 656 1306 descriptio
680 1226 708 1286 in
733 1225 848 1287 alienas
872 1245 979 1287 manos
1003 1225 1154 1288 deveniet.
1193 1224 1245 1286 Sic
1269 1225 1348 1287 enim
1371 1226 1553 1300 existimavi,
1578 1225 1677 1288 nemi·

314 1336 380 1378 nem
405 1336 442 1378 ex
466 1314 647 1377 consiliariis
670 1315 752 1385 lore,
783 1313 832 1394 qui
856 1333 914 1375 non
939 1323 1023 1376 tuum
1047 1315 1141 1376 telius
1165 1314 1320 1375 consilium
1344 1316 1464 1393 expeti,
1498 1333 1586 1395 quam
1609 1314 1678 1395 ipse

314 1405 546 1485 prolixissimum
561 1403 706 1483 scriptum
725 1404 846 1482 ignotae
862 1404 1019 1478 materiae,
1045 1423 1150 1464 manus
1174 1403 1426 1477 intricatissimae,
1453 1406 1553 1484 legere
1576 1404 1676 1467 malit.

314 1497 420 1575 ltaque
444 1494 540 1556 adbuc
564 1511 620 1573 ego
645 1494 681 1554 de
705 1491 844 1553 sollicitis
864 1492 932 1554 istis
952 1492 1140 1554 cautionibus
1161 1511 1283 1554 securus
1302 1512 1377 1554 sum.
1416 1492 1505 1563 Quod
1530 1492 1556 1554 si
1580 1493 1676 1555 etiarn

314 1583 425 1663 legant,
451 1583 595 1644 videbunt
618 1601 665 1643 me
689 1590 825 1659 apertum
850 1601 917 1643 esse
942 1591 974 1644 et
996 1582 1186 1661 diligentem,
1211 1582 1261 1661 qui
1285 1582 1384 1643 omnia
1408 1583 1588 1661 expendam,
1615 1602 1674 1644 uec

314 1683 462 1745 metuent,
487 1679 520 1733 ut
544 1690 590 1732 me
614 1670 684 1752 quid
708 1671 803 1731 lutere
826 1672 937 1748 possit,
963 1672 1042 1751 quod
1065 1671 1103 1732 ad
1129 1671 1170 1731 rei
1196 1689 1340 1732 summam
1365 1679 1493 1749 spectet.

403 1760 491 1832 Quod
515 1760 554 1821 ad
578 1779 625 1821 me
649 1760 697 1821 hic
721 1759 934 1839 increpandum
958 1769 1009 1821 tuo
1034 1759 1169 1839 exemplo
1195 1759 1303 1832 uteris,
1333 1761 1427 1833 scito,
1452 1759 1530 1822 idem
1554 1760 1593 1821 ad
1617 1777 1679 1820 on-

314 1869 400 1932 guem
424 1850 495 1912 milri
520 1848 567 1911 bio
592 1849 747 1910 accidisse.
781 1848 895 1911 Rector
910 1860 1012 1912 noster
1027 1849 1104 1910 male
1119 1848 1191 1911 mihi
1210 1848 1360 1929 cupiebat,
1387 1849 1454 1929 ejus
1477 1868 1534 1930 ego
1558 1849 1679 1910 calum-

315 1940 380 2001 nias
404 1940 441 2000 de
465 1938 600 2001 nouitate
624 1938 729 2000 odiosa
752 1939 931 2000 metuebam.
976 1938 1072 2017 Igitur
1095 1937 1252 2000 consilium
1275 1937 1340 2017 cepi
1369 1938 1551 2000 extenuandi
1575 1956 1680 2000 coram

202 2059 206 2068 ·
314 2030 366 2091 illo
389 2027 447 2091 mei
471 2027 595 2100 inuenti,
618 2026 746 2106 utquod
769 2045 827 2087 nou
851 2046 962 2089 novum
986 2028 1040 2089 sed
1055 2027 1221 2107 antiquitus
1245 2035 1347 2088 notum
1372 2028 1472 2090 luerit.
1514 2027 1623 2090 Incidit
1645 2026 1679 2088 in

314 2116 448 2199 Scyllam
476 2117 599 2196 cupiens
633 2116 730 2178 vitare
755 2112 939 2197 Charybdin.
986 2117 1066 2178 Nam
1097 2115 1224 2196 arripuit
1245 2115 1321 2177 illud
1344 2116 1381 2176 de
1406 2115 1586 2197 antiquitate
1609 2134 1680 2177 nra-

309 2208 466 2288 joremque
490 2224 528 2266 ex
551 2226 588 2266 ea
611 2204 789 2266 calumniam
819 2204 848 2265 in
876 2224 923 2266 me
956 2205 1123 2278 derivavit,
1157 2223 1247 2286 quam
1280 2223 1316 2266 ex
1345 2205 1464 2267 curiosa
1493 2213 1527 2267 et
1547 2204 1681 2285 superba
1784 2277 1791 2290 ¹

315 2295 450 2356 novitate
474 2294 623 2375 potuisset
647 2312 797 2374 unquam:
822 2301 978 2355 ettamen
1003 2313 1071 2355 mea
1091 2293 1189 2356 vitula
1212 2292 1328 2356 arabat.

385 2471 531 2521 Maeetlinus
544 2471 568 2520 d.
583 2469 625 2519 22.
638 2471 696 2521 ian.
713 2467 780 2520 1599
798 2470 862 2521 liaeo
880 2472 1020 2535 respondit:
1041 2469 1182 2521 blitabilem
1198 2470 1269 2520 rideo
1287 2472 1393 2535 priorum
1410 2469 1538 2520 literarum
1565 2483 1680 2520 meum

313 2544 437 2593 loctunam
447 2545 472 2593 in
484 2544 580 2594 itinere.
590 2543 795 2607 quemadmodum
803 2542 1061 2593 tabellariuslacobus
1073 2543 1237 2606 superioribus
1245 2543 1370 2594 mensibus
1379 2543 1438 2592 mihi
1450 2557 1546 2606 quoque
1556 2544 1679 2606 exposuit

312 2615 405 2665 Verum
423 2630 462 2664 res
481 2615 544 2664 bene
567 2615 659 2672 babet,
684 2614 804 2678 siquidem
822 2615 861 2663 rel
880 2615 982 2665 taudem
1000 2615 1108 2664 traditae
1130 2611 1237 2663 luerunt.
1275 2613 1363 2663 Mense
1382 2613 1482 2663 Octobri
1501 2613 1581 2663 nullas
1600 2614 1632 2662 ad
1650 2621 1680 2662 te

314 2687 400 2750 scripsi
418 2686 510 2735 literas.
527 2720 575 2734 ...
595 2685 693 2735 Literas
711 2693 768 2735 tuas
787 2687 933 2748 superiores,
953 2700 1014 2751 quas
1033 2685 1063 2735 de
1081 2685 1205 2750 horologio
1225 2684 1258 2733 ud
1277 2700 1337 2748 opus
1353 2686 1543 2734 astronomicum
1562 2684 1679 2733 addendo

313 2771 438 2807 unacum
458 2757 540 2805 rotulis
560 2757 648 2806 dedisti
668 2756 700 2805 ad
718 2771 758 2805 me
778 2757 910 2806 admodum
927 2757 1049 2822 prolixas,
1069 2756 1150 2806 adhuc
1168 2770 1265 2805 mecum
1283 2757 1387 2806 retineo.
1425 2755 1500 2805 Ratio
1519 2763 1566 2812 ost,
1583 2755 1678 2805 Kretz·

314 2843 429 2890 meyerus
447 2830 581 2892 praeterito
599 2842 684 2877 mense
703 2827 770 2893 apud
792 2843 838 2877 nos
861 2828 922 2886 tuit,
951 2829 990 2879 cui
1017 2828 1103 2878 literas
1120 2830 1270 2885 monebant,
1297 2840 1430 2892 earumque
1455 2833 1576 2878 contentu
1593 2841 1698 2878 eorm·

313 2899 337 2949 D
368 2899 399 2948 1).
421 2899 592 2950 Haienretiero
611 2901 719 2963 exposui.
757 2898 806 2948 Sed
825 2900 911 2956 rideo,
939 2900 1062 2949 homiuem
1088 2900 1121 2949 ab
1146 2899 1193 2949 boe
1216 2900 1316 2964 negotio
1340 2899 1414 2962 plane
1433 2899 1571 2949 abhorrere.
1610 2897 1677 2948 Gou-

312 2971 441 3021 sulusrunt
459 2986 517 3036 ergo
536 2986 630 3026 omues,
648 2973 811 3021 mutationem
827 2971 922 3021 unllam
935 2986 989 3022 esse
1002 2970 1192 3035 suscipiendum.
1222 2970 1331 3034 Cumque
1347 2986 1396 3026 me,
1415 2985 1447 3020 ue
1465 2973 1579 3033 princeps
1597 2968 1678 3019 offen·

313 3042 419 3097 deretur,
438 3050 548 3091 metuere
567 3042 680 3100 dicerem,
700 3041 742 3091 ille
760 3043 894 3104 respondit,
913 3043 974 3092 nihil
987 3043 1019 3090 ibi
1033 3044 1133 3091 subesse
1146 3042 1263 3104 periculi,
1282 3042 1329 3090 sibi
1348 3044 1413 3091 enim
1431 3042 1546 3105 principis
1565 3042 1677 3090 animum

312 3113 348 3161 sic
366 3114 492 3177 cognitum
512 3127 581 3169 esse,
608 3114 654 3161 uisi
673 3127 756 3162 coram
774 3113 851 3162 oculis
869 3113 968 3168 rideat,
996 3119 1040 3164 aut
1060 3113 1128 3162 hisce
1151 3114 1247 3176 scriptia
1271 3119 1418 3171 moneatur,
1445 3114 1522 3175 ipsius
1542 3111 1605 3162 Cels.
1624 3126 1678 3162 nou

312 3182 414 3232 ulterius
432 3183 463 3232 de
482 3199 511 3233 eo
529 3184 660 3247 quicquam
683 3198 738 3233 osse
758 3191 888 3234 moturum.
926 3184 1040 3248 Inprimis
1062 3198 1133 3240 vero,
1159 3184 1223 3248 quod
1245 3184 1304 3233 mihi
1327 3198 1423 3247 quoquo
1447 3184 1585 3239 ridebatur,
1611 3183 1680 3233 sicut

313 3255 477 3316 superioribus
494 3255 572 3304 literis
591 3257 684 3318 scripsi,
703 3256 836 3304 immanem
857 3256 1038 3306 denticulorum
1057 3269 1185 3305 numerum
1204 3256 1304 3306 dicebat
1322 3269 1477 3320 nequaquam
1495 3256 1677 3320 repraesentari

312 3339 392 3408 posse.
429 3325 571 3374 Pareridum
589 3340 647 3391 ergo
668 3326 715 3374 luit
734 3340 817 3375 eorum
836 3326 946 3382 consilio,
967 3334 993 3376 et
1010 3327 1039 3383 si,
1059 3327 1123 3390 quod
1141 3341 1180 3376 res
1199 3336 1245 3384 est,
1265 3327 1346 3377 denuo
1365 3328 1447 3376 dicere
1466 3325 1546 3383 uelim,
1565 3327 1632 3377 suasi
1650 3325 1678 3374 id

312 3398 384 3445 mitio
410 3396 487 3453 ultro,
512 3396 625 3460 idemque
644 3396 726 3446 adbuc
745 3397 861 3446 iacerem.
898 3397 949 3448 Sed
967 3399 1039 3446 nimis
1056 3399 1191 3461 pretiosum
1210 3413 1269 3462 opus
1294 3405 1348 3456 est;
1374 3407 1450 3448 antea
1475 3404 1560 3448 autem
1578 3398 1676 3448 dissua-

314 3467 373 3516 dere
391 3467 452 3516 illud
468 3466 537 3516 haud
554 3469 631 3531 potui,
651 3469 710 3532 quia
726 3468 858 3532 putabunt,
879 3482 910 3518 ea
928 3469 1043 3522 uniuersa
1061 3483 1078 3518 a
1095 3476 1121 3518 te
1137 3472 1190 3531 jam
1203 3477 1262 3520 unte
1275 3472 1366 3534 optime
1378 3470 1461 3529 iubae,
1482 3470 1602 3533 quomodo
1619 3483 1676 3533 per·

232 3587 235 3594 .
312 3537 353 3588 lici
371 3544 480 3602 possent,
499 3539 688 3602 praemeditata

385 3610 520 3660 Excusatio
540 3617 585 3658 tua
602 3610 634 3660 de
650 3612 725 3674 priori
743 3612 833 3674 scripto
851 3619 894 3661 suo
908 3611 947 3670 ad
964 3625 1005 3660 me
1023 3611 1083 3661 dato
1101 3613 1179 3661 etsie
1197 3611 1317 3661 adornato
1337 3611 1402 3675 apud
1414 3626 1454 3660 me
1466 3611 1582 3663 facillime
1595 3612 1677 3662 locum

313 3680 402 3737 habet,
428 3696 511 3730 rerum
530 3682 690 3731 metuendum
709 3689 786 3740 esset,
813 3691 841 3731 ut
860 3683 926 3746 apud
945 3682 1019 3742 alios,
1043 3683 1130 3748 quibus
1148 3684 1196 3732 hae
1214 3689 1274 3733 tuae
1293 3684 1402 3731 rationes
1420 3683 1521 3747 ignotae
1540 3689 1598 3732 sunt
1617 3681 1677 3744 (nec

314 3753 380 3801 enim
398 3752 509 3800 omnibus
530 3765 573 3801 eas
593 3767 714 3816 exponere
733 3751 854 3817 possem),
873 3769 913 3804 res
933 3754 1005 3803 aliter
1023 3756 1184 3817 acciperetur.
1223 3753 1273 3804 Sed
1290 3767 1329 3803 res
1347 3754 1411 3804 bene
1429 3753 1520 3811 habet,
1540 3753 1677 3818 quiaillud

313 3823 431 3885 scriptum
454 3829 552 3886 propter
577 3837 679 3873 causam
702 3824 795 3873 dictam
818 3827 844 3874 in
868 3825 971 3875 aliorum
995 3838 1084 3874 manus
1108 3841 1157 3875 non
1180 3826 1256 3875 uenit.
1294 3824 1388 3885 Quodsi
1406 3824 1443 3874 rel
1461 3827 1574 3890 princeps
1593 3840 1677 3876 rursus
1735 3876 1741 3888 ,

312 3895 446 3951 monuerit,
465 3894 504 3943 vel
521 3894 566 3943 tibi
583 3909 622 3944 reu
641 3896 713 3946 aliter
730 3895 856 3958 rideatur,
874 3902 916 3946 sat
937 3898 1121 3960 temporls=erlt
1139 3897 1170 3946 de
1188 3898 1288 3963 negotio
1306 3896 1372 3946 ultra
1390 3896 1524 3962 cogitandi.
1543 3921 1579 3933 -

384 4051 425 4103 Au
441 4051 504 4103 haec
523 4052 700 4117 Keplerus:

403 4159 450 4221 De
465 4159 690 4241 Stuggardiano
714 4163 836 4243 negotio
859 4163 921 4225 tuis
940 4164 1098 4243 acquiesco
1117 4163 1261 4233 consiliis.
1300 4162 1401 4224 Velim
1425 4169 1538 4237 tamem
1563 4180 1676 4242 argeu-

313 4259 385 4322 tum,
412 4250 490 4328 quod
509 4250 573 4329 jam
596 4250 762 4330 impensum
786 4261 844 4327 cst,
868 4253 1037 4326 asservari,
1063 4271 1119 4314 uon
1145 4254 1225 4315 inter
1247 4251 1385 4333 privatos
1409 4251 1552 4326 distrahi,
1578 4259 1625 4325 ut,
1651 4251 1676 4313 ei
1718 4292 1721 4296 »

315 4338 433 4418 quando
448 4356 532 4418 opus,
558 4339 646 4420 quale
669 4339 725 4402 tibi
749 4341 907 4421 descripsi,
932 4343 1008 4403 meis
1031 4343 1079 4404 vel
1103 4342 1231 4420 alicujus
1250 4340 1365 4422 opificis
1384 4333 1532 4402 sumtibus
1554 4340 1676 4421 perfec-

314 4434 378 4488 tum
401 4436 433 4488 et
456 4428 626 4490 absolutum
651 4430 777 4510 principi
799 4449 854 4510 pro
877 4449 963 4493 meae
987 4431 1086 4492 famae
1112 4431 1285 4492 defensioue
1307 4430 1455 4504 obtulero,
1471 4430 1614 4491 'rationes
1638 4429 1675 4491 de

315 4523 441 4593 argento
464 4516 507 4578 illi
532 4515 592 4578 sint
615 4518 800 4597 expeditae..
833 4516 949 4589 Quodsi
979 4519 1170 4582 metuendum
1197 4519 1252 4582 tibi
1281 4538 1339 4579 uon
1368 4527 1434 4591 est,
1469 4528 1502 4580 ut
1529 4518 1611 4581 ultra
1638 4537 1677 4580 ex

315 4603 386 4664 aula
408 4604 625 4685 interpelleris,
650 4608 770 4670 remitte
794 4608 865 4671 mibi
890 4608 1122 4687 descriptionem
1146 4609 1272 4671 latinam
1295 4607 1423 4681 saltem,
1456 4616 1614 4669 reservata
1637 4607 1676 4669 ad

315 4710 432 4753 omnem
456 4702 594 4756 eventum
618 4697 805 4777 germanica,
831 4698 901 4779 quia
925 4699 1079 4779 exemplar
1100 4717 1161 4759 non
1184 4697 1291 4759 habeo.
1349 4750 1354 4764 .

1090 4784 1123 4846 (Ε
1142 4785 1218 4835 llterls
1237 4785 1261 4834 d.
1281 4785 1305 4835 d.
1324 4781 1367 4833 96.
1386 4784 1456 4835 Febr.
1477 4780 1569 4844 1599.)
