3609 5634
251 355 318 424 224
450 348 452 351 ’
850 356 1015 408 emaum.

159 560 162 563 .
252 519 286 570 Il.
301 519 401 569 Curuus
414 533 471 569 eum
484 519 576 570 diserte
588 516 734 582 appellaret
754 523 780 567 st
790 516 940 583 plagiarium
953 529 1037 566 meum
1048 516 1148 580 iusuper
1163 514 1310 565 intitularet
1334 511 1385 565 Sed
1397 512 1498 569 accidit.
1517 520 1546 563 ut
1557 512 1619 563 dum

253 592 369 641 studiosis
387 591 533 655 quibusdam
552 605 582 640 ex
600 590 662 639 meis
680 588 747 638 huuc
761 586 871 638 laborem
887 587 1026 653 corrigendi
1041 600 1128 651 operas
1142 584 1332 653 typographicae
1349 587 1376 636 iu
1388 587 1435 635 isto
1450 585 1617 651 Epistularum

252 662 313 711 libro
326 662 540 721 concredidissem,
563 668 638 725 atque
656 660 703 709 illis
717 660 857 724 originalia,
874 664 948 723 prout
964 658 1133 722 manuscripta
1151 664 1235 718 eraut,
1254 657 1418 713 tradidissem,
1437 657 1473 707 illi
1491 655 1552 706 nihil
1570 658 1616 705 im·

253 734 401 783 mutandum
420 733 547 792 duxerint,
571 746 652 796 neque
669 746 710 781 me
727 731 808 795 magia
826 731 895 779 seriis
914 729 1048 780 distantum
1066 729 1223 794 interpellare
1242 730 1296 777 ausi
1314 731 1379 785 siut,
1400 728 1505 794 ideoque
1524 729 1617 784 omnia,

254 812 328 868 prout
347 804 503 869 autographa
519 803 664 861 habebant,
689 803 793 866 imprimi
810 803 983 866 permiserint,
1009 802 1093 866 sieque
1110 801 1207 853 incuria
1223 800 1333 865 quadam
1356 800 1450 849 iactum
1473 806 1527 857 est,
1552 799 1619 863 quod

253 878 330 939 ipsius
353 890 443 924 nomen
467 889 523 924 cum
547 873 663 938 epithetis
686 873 804 937 appositis
826 872 899 922 isthic
924 878 1048 922 retentum
1071 872 1111 921 rit.
1147 873 1188 921 An
1205 886 1263 921 vero
1280 871 1345 921 haee
1362 872 1488 922 sufficiens
1506 879 1533 921 et
1547 872 1620 933 juata

254 948 316 995 satis
334 948 367 994 ait
384 959 476 1006 causa,
500 952 553 995 tam
571 959 647 1009 supra
664 958 763 994 omnem
780 943 879 993 modum
899 956 994 993 vesana
1011 938 1109 992 mditia
1125 944 1151 992 in
1169 957 1210 993 me
1228 948 1255 993 et
1271 958 1352 1001 meos,
1379 942 1492 1008 adeoque
1508 943 1618 1005 patriam

254 1019 333 1081 ipsam
352 1016 532 1075 debacchandi,
550 1016 617 1067 brevi
636 1016 803 1079 dlspioiemua.
840 1014 966 1064 Potuisset
985 1014 1097 1078 equidem
1116 1014 1147 1064 de
1166 1015 1264 1077 injuria,
1283 1014 1304 1063 ai
1322 1029 1373 1079 qus
1390 1014 1454 1063 ieret
1470 1014 1517 1063 sibi
1535 1012 1615 1068 illata,

255 1090 371 1151 conqueri
390 1094 464 1152 atque
482 1088 549 1137 hano
567 1088 640 1137 licitis
663 1087 751 1136 mediis
776 1085 886 1142 amoliri,
912 1101 962 1134 nou
987 1092 1072 1134 autem
1090 1099 1121 1134 ex
1144 1085 1247 1135 effraeni
1265 1085 1391 1135 vindictae
1409 1084 1546 1149 cupiditate
1563 1090 1617 1132 tam

253 1160 383 1223 impotenti
402 1161 484 1208 animo
502 1159 592 1217 iurare,
611 1159 741 1222 omniaque
758 1157 833 1227 longe
852 1157 977 1206 deteriora
993 1155 1104 1206 reddere.
1140 1156 1228 1221 Neque
1246 1163 1332 1205 tamen
1350 1162 1397 1214 est,
1419 1170 1464 1206 cur
1481 1156 1615 1214 existimet,

254 1230 319 1295 quod
337 1232 363 1279 in
381 1232 455 1280 istum
473 1236 620 1295 nugatorem
638 1231 684 1279 sim
702 1230 861 1284 commotior,
880 1242 956 1292 quam
973 1241 1046 1277 meae
1064 1227 1216 1277 conditiones
1235 1227 1383 1287 admittant,
1403 1234 1432 1277 ut
1450 1234 1479 1277 tu
1497 1224 1615 1288 (candide

254 1308 340 1351 tamen
359 1298 455 1362 auimo)
479 1302 571 1359 iniere,
598 1316 648 1350 nou
671 1301 738 1349 enim
757 1299 872 1349 Caesaris
891 1301 929 1348 ira
954 1296 1002 1361 (uti
1020 1298 1121 1364 quidam
1139 1299 1216 1348 edam
1234 1298 1268 1348 ad
1284 1313 1325 1348 me
1342 1295 1496 1363 pemeripsit)
1514 1297 1616 1363 dignum

255 1373 366 1422 arbium.
403 1373 439 1422 At
456 1374 572 1438 quoniam
590 1374 733 1434 contraius
752 1377 779 1420 et
800 1370 854 1430 ias,
882 1376 1017 1434 conamus
1040 1368 1227 1419 laudatissimus
1250 1371 1344 1434 imperii
1370 1371 1558 1420 constitutiones
1576 1383 1617 1418 me

255 1445 346 1507 scripto
363 1442 418 1507 plna
436 1457 511 1508 quam
535 1444 630 1493 iamose
654 1449 754 1507 praeter
776 1456 875 1491 omnem
893 1443 1024 1491 veritatem
1043 1447 1069 1490 et
1086 1442 1201 1491 meritum
1218 1456 1300 1490 meum
1319 1440 1483 1491 dehonestare
1500 1441 1617 1505 perfricta

255 1515 334 1564 ironte
353 1521 457 1564 conatus
476 1522 526 1571 eat,
550 1518 605 1577 iure
629 1528 686 1564 cum
703 1514 756 1577 ipso
775 1514 817 1577 agi
836 1513 941 1569 curabo,
967 1519 1042 1576 atque
1058 1509 1202 1561 hecuudum
1225 1512 1293 1578 leges
1318 1514 1416 1577 reprimi
1442 1519 1468 1562 et
1490 1513 1617 1576 castigari

250 1585 376 1639 'Subduxit
394 1587 415 1635 is
434 1600 461 1635 se
479 1586 564 1651 Praga
580 1587 606 1635 in
625 1585 739 1635 Sileaiam
758 1584 832 1648 paulo
849 1589 907 1646 pest
923 1598 1006 1633 meum
1023 1582 1106 1633 isthuc
1125 1597 1269 1640 asomum,
1292 1583 1337 1633 sed
1354 1598 1447 1647 nuper,
1465 1584 1503 1632 uti
1520 1584 1616 1639 resciri

256 1658 333 1706 tacite
345 1656 426 1707 rediit
444 1657 518 1707 Forte
530 1656 594 1720 quod
606 1657 640 1705 ibi
652 1670 691 1705 me
703 1670 754 1704 non
767 1655 871 1719 amplius
886 1669 942 1704 esse
952 1654 1123 1711 intellexeram
1141 1661 1255 1719 atquem
1270 1654 1361 1721 longae
1373 1653 1432 1703 mihi
1450 1656 1501 1704 siut
1518 1668 1617 1710 manus,

255 1728 354 1777 etiarnsi
371 1734 469 1792 praesto
488 1743 538 1776 non
556 1729 620 1785 sim,
647 1727 715 1776 breri
733 1727 759 1775 in
778 1732 871 1776 arresto
891 1725 1006 1775 detentus
1026 1732 1053 1774 et
1070 1732 1160 1789 postea
1177 1726 1203 1774 in
1221 1725 1342 1788 judicium
1359 1731 1499 1790 protractus
1516 1727 1617 1776 mutiet.

327 1798 451 1858 Quoniam
469 1813 526 1848 vero
542 1799 655 1864 intelligo
674 1812 705 1847 ex
722 1798 787 1852 tuis,
809 1803 836 1847 te
854 1810 955 1860 spurcas
975 1803 1001 1847 et
1018 1797 1133 1846 scurriles
1151 1798 1214 1847 istas
1234 1797 1335 1847 chartm
1353 1812 1403 1846 non
1420 1797 1523 1855 vidisse,
1547 1798 1618 1845 mitto

254 1869 392 1935 exemplar,
417 1875 447 1918 ut
464 1875 491 1919 et
508 1869 539 1919 de
557 1875 603 1919 tua
626 1868 730 1932 epistola
752 1867 824 1918 isthic
846 1870 965 1931 promtior
988 1867 1119 1931 dispicias,
1146 1881 1176 1918 sc
1201 1874 1286 1918 cetera
1310 1869 1395 1933 qualia
1418 1870 1470 1918 sint
1493 1870 1618 1918 aesfimea

253 1940 356 1991 Videbis
373 1941 473 2005 utique,
492 1953 566 2004 quam
583 1941 687 1996 insana,
707 1940 845 1995 maledica,
865 1940 1006 1989 conviciosa
1023 1946 1050 1987 et
1067 1937 1162 1988 foetida
1179 1939 1212 1988 sit
1230 1940 1386 2004 compilatio,
1405 1953 1529 2005 quamque
1547 1954 1619 1989 mum

258 2019 370 2062 autorem
388 2014 499 2076 apprime
516 2010 635 2061 redoleat
666 2010 861 2074 Imudentiores
879 2011 1017 2060 calumnias
1035 2024 1161 2074 nmquam
1180 2009 1243 2061 iorte
1260 2010 1351 2077 legisti.
1379 2011 1520 2061 Abhorrent
1539 2010 1571 2060 ab
1589 2011 1619 2058 iis

260 2097 332 2133 aures
351 2085 458 2132 omnium
477 2083 632 2132 cordatorum
651 2088 677 2132 et
693 2082 832 2146 proborum.
982 2108 987 2136 r
1581 2082 1590 2100 ⁸

329 2153 423 2203 Verum
442 2154 473 2204 de
491 2156 538 2203 iste
557 2154 632 2203 effero
650 2152 713 2203 Urso
732 2151 898 2201 Dithmareice
916 2151 971 2215 plus
990 2152 1066 2212 ratis,
1085 2166 1165 2216 neque
1184 2153 1250 2201 euim
1268 2158 1306 2201 tot
1324 2166 1341 2202 a
1358 2160 1384 2202 te
1402 2153 1442 2203 rel
1459 2167 1500 2202 me
1517 2151 1618 2217 prolatis

258 2226 337 2275 verbis
355 2225 443 2290 dignus
462 2231 514 2280 est,
538 2232 565 2274 et
582 2226 603 2274 si
620 2226 701 2288 ipsum
718 2225 785 2272 intus
803 2230 829 2273 et
846 2225 872 2272 iu
891 2229 949 2272 cute
967 2220 1007 2284 (ut
1026 2220 1109 2285 ajunt)
1128 2237 1213 2272 nomes
1232 2219 1295 2284 (non
1312 2226 1364 2286 jam
1383 2224 1468 2289 loquor
1486 2224 1516 2273 de
1534 2224 1619 2273 scabie

260 2296 370 2354 Gallica,
389 2309 440 2361 qus
458 2297 489 2345 ob
506 2297 573 2345 ritae
592 2296 758 2360 impuritatem
777 2292 884 2355 scatet),
903 2294 969 2343 idem
987 2307 1086 2343 mecum
1104 2294 1245 2355 testareris,
1265 2295 1313 2343 imo
1330 2298 1384 2357 jam
1402 2295 1494 2345 dudum
1512 2299 1619 2344 testatus

258 2369 354 2418 iuisses.
392 2366 498 2417 Unicum
516 2367 605 2417 saltem
624 2366 727 2426 addam
746 2365 895 2429 hypotheses
914 2372 1011 2414 normas
1030 2365 1157 2415 asserendi
1175 2381 1189 2415 e
1206 2379 1266 2424 usa,
1290 2365 1350 2416 licet
1367 2366 1414 2416 heo
1432 2367 1560 2416 minimum
1578 2367 1618 2422 sit,

259 2446 285 2488 et
301 2438 375 2503 louge
392 2437 465 2503 plura
481 2438 649 2502 validioraque
667 2438 692 2486 in
710 2444 807 2501 promtu
818 2436 926 2486 habeam
939 2442 1094 2501 argumenta
1121 2380 1285 2500 flyprffiresee‘
1297 2437 1351 2487 ittae
1370 2453 1436 2488 anuo
1457 2435 1527 2487 teet
1545 2450 1562 2487 a
1577 2450 1619 2487 me

258 2511 362 2574 primum
381 2510 549 2574 excogitatas,
567 2523 628 2573 quar
646 2509 694 2557 iste
712 2509 758 2558 sibi
777 2521 892 2573 arrogare
910 2521 961 2556 uon
978 2513 1088 2565 veretur,
1113 2509 1188 2571 ipsius
1208 2522 1235 2556 re
1253 2520 1313 2556 resa
1335 2510 1463 2558 incentum
1486 2524 1541 2558 esse
1565 2509 1619 2573 quia

259 2580 398 2639 crediderit,
416 2581 458 2645 qui
477 2595 533 2630 eum
551 2580 607 2629 ullis
626 2580 836 2629 observationibus
854 2579 1010 2635 coelestibus,
1029 2578 1096 2627 unde
1114 2593 1194 2628 novae
1206 2577 1355 2642 hypotheses
1375 2580 1536 2638 extruendae,
1554 2594 1619 2629 nuu-

258 2666 333 2716 quam
351 2652 518 2703 assuefactum
537 2665 591 2702 esse
610 2649 694 2700 norit?
722 2650 774 2700 lmo
792 2651 814 2699 si
830 2652 903 2699 unius
922 2649 1049 2714 planetae,
1067 2651 1213 2713 praesertim
1230 2665 1245 2700 e
1263 2652 1339 2700 tribus
1358 2652 1522 2715 superioribus
1541 2665 1617 2715 appa·

258 2728 354 2772 rentem
371 2722 452 2772 locum
470 2737 513 2786 per
529 2723 596 2773 hanc
611 2723 765 2773 neotericam
777 2721 970 2786 suppositionem
982 2721 1118 2770 meandum
1132 2736 1217 2771 omnes
1229 2722 1439 2785 particularitates
1452 2723 1621 2773 demonstrare

259 2800 381 2915 ”miii
398 2791 449 2914 it:
466 2809 507 2914 lt
523 2790 1071 2927 titiilll“,ttdilt⁰lt⁸it
1084 2793 1497 2929 tlizttltlitltti
1509 2871 1619 2925 mee,

258 2936 325 2985 hano
343 2936 552 3001 excogitationem
570 2937 616 2985 sibi
634 2936 769 2985 attribuere
788 2936 842 2984 ansi
859 2941 929 2984 sunt.
965 2934 1033 2983 luter
1056 2949 1116 2999 quos
1140 2940 1178 2984 est
1196 2933 1285 2985 Scotus
1307 2937 1423 3002 quidam,
1448 2937 1621 2987 Duueauua

259 3008 367 3064 nomme,
386 3006 536 3057 Helmstadii
554 3006 622 3056 Med.
641 3013 667 3055 et
685 3005 766 3055 lieth.
784 3007 923 3070 professor,
949 3006 990 3068 qui
1009 3020 1065 3055 cum
1082 3005 1149 3055 hanc
1166 3007 1288 3057 ratium
1307 3023 1324 3057 a
1341 3023 1382 3058 me
1399 3010 1425 3058 iu
1444 3008 1529 3058 Dania
1547 3022 1619 3058 aete·
1692 3026 1694 3031 ·

149 3131 151 3134 ,
259 3081 344 3142 piaret,
363 3092 420 3128 eam
437 3081 542 3141 priunum
559 3077 688 3127 Restochii
705 3079 819 3141 privatim
838 3079 888 3125 suis
907 3076 1033 3140 discipulis
1052 3076 1170 3134 dictum,
1189 3092 1237 3126 nec
1254 3092 1337 3129 meam
1355 3094 1409 3131 esse
1427 3080 1553 3130 inficiatus
1572 3086 1619 3137 est.

259 3149 303 3198 sed
321 3148 489 3210 Tycheuicam
507 3149 572 3198 ultro
591 3148 731 3212 appellavit,
749 3148 814 3213 quod
831 3149 857 3197 in
875 3149 1009 3212 propinquo
1028 3162 1117 3205 essem
1137 3154 1163 3196 et
1180 3163 1229 3205 me,
1250 3152 1272 3198 si
1290 3150 1363 3201 aliter
1379 3150 1483 3212 iaceret,
1503 3151 1529 3201 id
1545 3149 1621 3200 iacile

258 3221 391 3269 resciscere
408 3234 481 3283 posse
498 3225 630 3270 vereretur.
668 3218 738 3268 Clam
756 3226 842 3268 tamen
860 3220 905 3275 iis,
923 3220 1010 3283 quibus
1028 3220 1135 3268 manure
1153 3219 1259 3279 fidebat,
1287 3221 1412 3286 discipulis
1429 3224 1457 3271 iu
1474 3236 1560 3271 aurem
1577 3236 1620 3270 su·

259 3289 386 3347 surrabat,
406 3304 434 3340 se
451 3291 551 3355 quidem
568 3289 667 3339 honoris
685 3303 765 3339 causa
782 3303 839 3339 eam
856 3289 1005 3352 hypothesin
1021 3290 1081 3339 mihi
1100 3290 1252 3349 adscribere,
1271 3292 1371 3357 utplus
1388 3294 1486 3359 gratiae
1505 3299 1531 3343 et
1549 3299 1621 3342 auto·

259 3362 339 3411 ritatis
356 3360 448 3414 habere
465 3362 543 3424 possit
561 3361 628 3424 apud
646 3360 771 3410 auditores
794 3375 867 3418 suos,
893 3373 981 3410 revera
1002 3366 1087 3410 tamen
1110 3375 1182 3411 suam
1205 3364 1280 3426 ipsius
1307 3378 1376 3423 esse,
1401 3365 1467 3430 quod
1490 3372 1516 3416 et
1532 3371 1623 3429 postea

258 3431 409 3482 Helmstsdii
426 3434 541 3483 remotior
559 3445 576 3481 a
592 3446 632 3481 me
650 3432 732 3482 iactus
751 3431 882 3497 audentius
901 3437 927 3481 et
944 3432 1132 3482 inverecundius
1149 3435 1277 3483 commisit.
1308 3433 1359 3485 Sed
1376 3437 1427 3486 ista
1445 3436 1513 3486 fraus
1532 3441 1559 3485 et
1575 3437 1620 3484 im·

260 3509 362 3567 pastura
380 3518 436 3553 cum
454 3504 487 3554 ab
505 3503 569 3564 aliis,
588 3509 642 3554 tum
654 3505 800 3568 praesertim
812 3502 844 3552 D.
857 3502 889 3552 D.
902 3502 970 3552 Dan.
986 3501 1145 3559 Gramero,
1165 3504 1231 3568 apud
1243 3503 1399 3558 Stetineuses
1411 3507 1488 3557 Verbi
1500 3507 1621 3563 ministro,

259 3576 310 3623 siro
329 3574 486 3639 singulariter
504 3575 615 3632 erudito,
634 3576 675 3640 qui
694 3574 762 3624 Sooti
779 3574 850 3623 istius
868 3574 998 3624 Rostochii
1016 3575 1073 3624 olim
1091 3575 1189 3625 auditor
1206 3585 1276 3634 erat,
1296 3577 1397 3628 demota
1415 3585 1462 3629 est.
1499 3577 1526 3629 Si
1545 3580 1622 3627 otium

260 3645 419 3708 superfuerit,
442 3645 532 3695 curabo
552 3645 689 3709 exemplum
706 3645 833 3696 literarum
858 3648 912 3708 ejus
931 3646 964 3695 ad
983 3644 1109 3711 Oligerum
1128 3645 1354 3699 Rossekrantaium
1371 3665 1453 3703 meum
1473 3649 1621 3714 eomuugui·

260 3730 335 3765 neum
352 3715 403 3765 hac
421 3716 452 3767 de
470 3732 497 3767 re
515 3719 676 3781 scriptarum,
696 3717 765 3768 bisce
784 3718 883 3782 apponi.

333 3785 375 3837 Sic
392 3802 488 3853 quoque
503 3787 683 3846 Roeslinus,
701 3788 762 3839 licet
779 3790 860 3854 magis
878 3793 962 3841 astute
980 3794 1007 3838 et
1024 3794 1107 3844 caute,
1125 3803 1183 3839 mea
1200 3804 1243 3853 pro
1256 3790 1308 3840 suit
1320 3792 1447 3842 venditare
1460 3793 1620 3856 praesumsit,

260 3858 299 3907 ita
315 3864 409 3916 tamem
427 3866 456 3908 ut
472 3858 531 3908 mihi
549 3859 616 3910 hanc
634 3860 829 3923 speculationem
846 3874 896 3909 uon
915 3859 1048 3924 derogarit,
1067 3860 1112 3909 sed
1129 3875 1157 3910 ae
1176 3873 1245 3919 eam,
1264 3869 1395 3927 postqum
1413 3863 1503 3913 similia
1520 3862 1621 3913 adiure-

261 3930 347 3991 uisset,
365 3930 391 3977 in
409 3929 469 3979 libro
487 3945 543 3979 meo
562 3931 593 3981 de
606 3930 711 3981 Cometa
729 3946 753 3981 a
767 3928 800 3977 77
819 3932 940 3995 reperisse
957 3930 1058 3981 fatetur.
1087 3931 1209 3998 Egregius
1227 3946 1288 3983 sane
1307 3935 1385 3991 incus,
1404 3936 1426 3984 si
1443 3934 1519 3985 fidem
1535 3934 1623 3984 mereri

261 4008 353 4065 posset,
372 4013 431 4049 uam
449 4000 510 4051 liber
527 4001 567 4051 ille
585 4016 663 4057 meus,
683 4004 753 4064 cujus
771 4003 891 4059 meminit,
911 4017 955 4065 per
973 3998 988 4049 9
1008 4016 1087 4052 annes
1106 4010 1184 4053 antea
1202 4004 1333 4068 impressus
1351 4013 1407 4056 erat
1424 4013 1451 4057 et
1467 4006 1574 4071 plurima
1591 4006 1623 4055 de

216 4084 224 4089 ·
261 4071 311 4121 hae
330 4085 347 4121 a
365 4085 404 4120 me
425 4073 566 4122 inmadueta
584 4072 727 4122 coelestium
745 4073 924 4123 revolutionum
937 4073 1094 4136 dispositione
1109 4076 1163 4137 jam
1181 4076 1348 4126 innotuerant.
1376 4077 1412 4126 At
1429 4078 1451 4127 si
1468 4076 1529 4126 nihil
1547 4076 1623 4136 aliud,

261 4144 287 4193 id
304 4143 394 4192 saltem
413 4149 440 4192 et
456 4157 530 4207 quam
547 4144 655 4194 maxime
673 4144 785 4195 haudem
796 4145 885 4208 prodit,
905 4143 977 4208 qued,
997 4143 1054 4193 dum
1065 4144 1132 4195 hano
1142 4144 1299 4209 hypothesin,
1318 4155 1347 4197 ut
1363 4163 1422 4198 suus
1440 4149 1512 4199 fieret
1527 4155 1622 4213 partus,

261 4216 288 4264 iu
306 4214 428 4264 nonnullis
447 4215 519 4264 aliter
537 4215 642 4264 iormare
661 4222 765 4266 conatus
783 4217 816 4265 sit
834 4229 939 4279 eamque
957 4215 1102 4272 emendare,
1126 4219 1152 4266 in
1171 4231 1282 4269 enormes
1300 4219 1467 4269 absurditates
1485 4221 1623 4285 impegerit.

261 4287 340 4349 ipsam
362 4287 532 4348 ammctriam
558 4300 589 4336 ac
616 4288 796 4351 proportionem
823 4287 1003 4337 revolutionum
1028 4288 1215 4338 interturbando
1241 4296 1316 4354 atque
1339 4292 1370 4340 ab
1396 4292 1454 4354 ipsis
1473 4292 1624 4355 appetentiis

262 4358 438 4406 idianisaimam
456 4357 606 4414 statuendo;
633 4364 663 4406 ut
680 4358 738 4408 inde
756 4358 818 4408 satis
841 4358 949 4423 liqueat,
977 4373 1033 4407 eum
1055 4373 1106 4407 non
1128 4360 1218 4409 saltem
1235 4359 1282 4410 has
1299 4361 1449 4426 hypotheses
1467 4376 1626 4427 nequaquam

261 4428 409 4493 intelligere,
427 4428 518 4477 nedum
536 4436 565 4478 ut
583 4442 669 4479 earnm
687 4436 759 4479 autor
777 4430 817 4489 sit,
837 4429 932 4479 sedne
950 4429 1050 4495 quidem
1067 4430 1131 4479 ullas
1150 4431 1222 4487 alias,
1239 4433 1288 4481 imo
1301 4435 1469 4484 asmunomiae
1484 4433 1626 4497 penetralia

263 4499 371 4549 necdum
388 4500 572 4564 introspexisse.

217 4644 218 4647 Ἴ
333 4587 493 4653 Maginum
511 4587 602 4638 italum
620 4600 748 4653 uunquam
760 4589 920 4639 existimarim
932 4588 983 4638 tale
996 4589 1055 4655 quid
1067 4589 1208 4641 affectm
1237 4591 1311 4653 Quod
1327 4593 1349 4642 si
1365 4592 1433 4653 iecit,
1452 4594 1626 4649 liseriamauu

240 4701 246 4720 ,
263 4659 362 4721 propria
380 4658 413 4708 ad
430 4660 556 4718 medatis,
576 4660 664 4724 quibus
681 4675 709 4710 se
727 4660 796 4710 illam
813 4660 962 4725 hypothesin
979 4675 1010 4711 ex
1027 4661 1088 4711 libro
1106 4667 1189 4712 nostm
1206 4664 1316 4714 secunde
1329 4663 1360 4713 de
1372 4665 1495 4716 aethereis
1513 4666 1624 4730 phaeno-

263 4730 341 4778 menis
359 4730 464 4794 primum
481 4732 644 4795 perspexisse,
663 4732 757 4797 sibique
776 4734 886 4795 apprime
904 4731 1012 4796 placere,
1030 4733 1104 4783 mode
1116 4733 1205 4783 Martis
1217 4736 1281 4784 orbis
1294 4734 1405 4785 Solalem
1422 4738 1528 4787 mansire
1541 4743 1626 4802 posset

264 4796 374 4863 (putarit
392 4801 459 4850 enim
476 4815 507 4851 ex
521 4801 625 4867 vulgata
637 4804 771 4862 sententia,
790 4804 871 4853 reales
889 4818 945 4853 esse
963 4804 989 4852 in
1007 4803 1076 4853 eaelo
1095 4801 1186 4865 orbes),
1206 4806 1288 4856 iussus
1307 4813 1353 4864 est,
1373 4810 1499 4860 centana
1516 4810 1624 4860 admisit.

231 4938 235 4945 Ἰ
263 4871 288 4922 A
305 4869 409 4939 Magino
426 4885 498 4930 vero,
520 4873 601 4940 siqui
619 4872 662 4924 alii
679 4873 753 4938 hujus
770 4874 946 4940 speculationis
965 4874 1057 4927 consoli
1074 4881 1146 4935 sunt,
1169 4875 1218 4949 hac
1237 4878 1369 4943 accadens
1385 4877 1543 4939 habuerunt,
1561 4882 1627 4932 inter
