3609 5634
594 1380 1104 1544 1166111166

782 1648 915 1660 ——-—·-

256 1806 407 1886 Keplems
439 1807 620 1888 conscripsit
656 1805 694 1869 ab
727 1825 805 1868 auno
842 1804 925 1872 1595
960 1827 1052 1890 usque
1086 1810 1126 1871 ad
1158 1829 1268 1873 anuum
1295 1808 1379 1875 1600
1404 1810 1524 1876 Grastii

87 1937 94 1943 -
165 1914 269 1956 annua
284 1892 512 1958 Calendaria
534 1916 588 1958 seu
607 1894 875 1974 Prognostica,
896 1897 984 1976 jussu
1010 1899 1190 1973 ,‚ordinom“
1206 1899 1338 1982 Styrise,
1362 1901 1431 1963 inde
1446 1903 1524 1964 Pra-

166 2004 226 2063 gae
259 1983 451 2063 imperatoris
474 1985 626 2064 Rudolphi
654 1984 809 2046 mandatis
837 1985 1008 2048 obsecutus.
1055 1987 1106 2049 Ab
1134 2007 1212 2048 anuo
1245 1984 1328 2051 1606
1359 1998 1442 2051 66116
1469 2007 1525 2069 per

166 2073 287 2152 aliquot
313 2092 409 2138 auuos
437 2094 475 2136 ea
501 2073 691 2137 conscribere
719 2073 824 2135 omisit
855 2082 888 2135 et
913 2074 1017 2155 Praga
1039 2095 1117 2138 auno
1152 2072 1237 2139 1612
1271 2077 1380 2139 relicta
1409 2077 1524 2142 Linciis

167 2163 290 2223 demum
320 2163 523 2226 intermissum
552 2163 629 2225 illud
660 2161 814 2241 negotium
841 2181 879 2224 ex
909 2163 1026 2243 integro
1059 2165 1211 2227 resumsit.
1262 2163 1330 2235 Quo
1363 2184 1440 2227 anuo
1469 2165 1526 2229 boc

169 2254 285 2312 tactum
299 2251 411 2313 sitnon
429 2254 519 2332 plaue
530 2259 660 2326 constat,
676 2251 808 2313 fortasse
823 2270 881 2313 nou
895 2259 968 2313 aute
982 2271 1092 2314 aunum
1107 2250 1199 2328 1617,
1216 2261 1359 2333 quantum
1373 2273 1389 2314 e
1401 2254 1527 2333 Kepleri
1609 2253 1618 2268 ⁸

169 2338 281 2415 161616,
305 2359 381 2421 quae
404 2342 484 2403 infra
506 2348 678 2426 sequentur,
703 2340 844 2418 colligere
869 2340 956 2415 licet3
986 2349 1059 2422 quot
1081 2341 1151 2403 iude
1180 2341 1219 2403 ab
1243 2359 1279 2403 eo
1302 2348 1436 2422 ternpore
1461 2340 1526 2403 Ca·-

171 2428 309 2490 lendaria
335 2430 465 2492 ediderit
495 2429 671 2510 quaudoque
699 2428 809 2490 iterum
836 2448 899 2490 rem
926 2428 1078 2508 ingratam
1104 2429 1263 2508 abjecerit,
1302 2430 1340 2490 do
1364 2431 1420 2491 hoo
1453 2429 1527 2494 11616

171 2517 245 2579 61611
258 2517 333 2579 66111
350 2518 499 2581 affirmare
514 2536 683 2597 possumus,
700 2516 758 2578 uisi
769 2517 847 2596 quod
863 2517 999 2579 ultimam
1015 2536 1070 2579 nos
1082 2515 1330 2579 Calendariorum
1345 2517 1527 2584 mentionem

172 2625 251 2693 auno
279 2603 363 2669 1624
387 2607 647 2687 deprehendimus.
695 2604 825 2678 (Linciis
847 2606 878 2667 16
900 2605 1053 2668 tabulario
1070 2615 1286 2668 conservantur
1301 2605 1437 2668 ordinum
1458 2609 1525 2669 Au·

171 2694 349 2756 striacorum
374 2696 510 2770 decreta,
543 2695 650 2776 quibus
673 2694 805 2772 Keplero
833 2712 887 2774 pro
911 2694 1009 2756 dedic.
1035 2692 1162 2757 Calond.
1186 2693 1227 2754 ad
1251 2713 1360 2756 666616
1388 2692 1470 2756 1617
1495 2705 1527 2758 61

172 2781 408 2846 81616616611166
423 2783 649 2864 perscribuntur
666 2780 728 2845 150
742 2784 772 2844 fl.
779 2800 789 2857 3
813 2781 950 2862 616061.
969 2780 1053 2846 1618
1076 2781 1182 2856 5011.;
1206 2780 1275 2844 061.
1297 2779 1381 2846 1619
1402 2779 1463 2848 100
1477 2783 1526 2856 fl.;

178 2869 324 2935 1620-
348 2870 392 2936 60
405 2876 452 2950 6.,
481 2868 565 2936 1623
589 2903 631 2915 -
655 2867 699 2934 40
713 2872 761 2944 6.)
807 2871 935 2945 Turbae,
961 2872 1122 2952 quasillis
1146 2870 1330 2950 temporibus
1353 2871 1383 2932 in
1398 2871 1528 2936 Austris

172 2963 324 3040 superiore
348 2970 472 3025 exortes
496 2970 575 3037 suut,
598 2962 709 3023 itinera
732 2959 883 3022 Viennam
906 2967 938 3021 et
960 2960 990 3022 iu
1013 2958 1304 3038 Wurttembergiam
1327 2959 1414 3021 aunis
1442 2955 1527 3024 1624

173 3048 258 3112 6125
272 3060 425 3131 66666616,
449 3051 585 3113 obsessio
599 3049 771 3112 Linciorum
785 3067 863 3111 anuo
882 3044 976 3123 1626,
994 3049 1088 3112 statio
1097 3049 1204 3112 Ulmae
1218 3048 1324 3110 habita
1339 3048 1378 3111 ad
1393 3047 1526 3112 edendas

172 3140 306 3201 Tabulas
328 3140 539 3221 Rudolpbinas
563 3158 640 3200 auno
668 3134 762 3210 1627,
786 3137 860 3199 haec
884 3137 985 3200 omuia
1008 3138 1088 3201 haud
1112 3138 1223 3200 scimus
1241 3156 1280 3200 an
1299 3137 1388 3200 iidem
1411 3136 1527 3200 faciant

172 3228 364 3308 conjecturae
388 3231 427 3292 ab
451 3249 529 3293 anuo
557 3223 642 3291 1624
669 3227 782 3290 6611661
809 3245 932 3308 6161666
962 3225 1178 3290 calendarium
1205 3247 1224 3289 a
1252 3226 1384 3307 Keplero
1412 3225 1527 3292 editum

174 3336 252 3380 esse.

263 3404 349 3477 Quae
372 3406 484 3486 publici
506 3404 583 3487 juris
607 3404 681 3466 lecit
702 3404 852 3484 Keplerus
876 3402 1062 3468 calendaria
1091 3404 1171 3467 inter
1198 3402 1314 3466 rariora
1342 3403 1526 3466 numeranda

166 3503 245 3559 6661
266 3496 514 3560 bibliothecarum
538 3512 640 3574 opera.
686 3490 826 3573 Contigit
848 3494 936 3555 nobis
958 3494 1170 3556 celeberrimas
1187 3491 1379 3565 Germaniae,
1405 3491 1526 3554 Galliae

177 3594 208 3647 61
238 3583 387 3647 Β6161166
423 3583 623 3646 bibliothecas
655 3581 873 3662 inquirentibus
910 3591 941 3644 et
974 3582 1079 3644 amicis
1112 3600 1236 3661 operam
1266 3579 1381 3660 passim
1414 3582 1528 3640 frustra

175 3671 431 3754 impendentibus,
468 3679 598 3752 quatuor
629 3678 747 3733 tautum
780 3669 1069 3744 Calendaria,
1110 3687 1255 3731 annorum
1290 3665 1389 3742 1596,
1432 3663 1523 3741 1599,

178 3760 262 3825 1605
285 3757 428 3836 611619,
452 3761 597 3842 66616616,
622 3759 680 3823 duo
703 3757 1245 3839 61161666161161666611166116661,
1270 3756 1437 3818 liberaliter
1451 3774 1525 3817 con-

175 3852 303 3914 cedente
316 3851 356 3912 D.
372 3842 565 3923 Krausler,
588 3847 816 3911 bibliothecario
832 3845 1019 3922 Graetiensi‚
1043 3846 1159 3932 reliqua
1181 3865 1198 3907 e
1222 3844 1414 3908 bibliothecis
1435 3844 1526 3924 regiis

176 3939 342 4003 Drasdensi
365 3946 398 4001 et
420 3937 607 4001 Monacensi.
653 3937 712 3999 His
736 3935 1149 4015 acceditPrognosticurn
1172 3934 1212 3997 ad
1231 3951 1340 3997 annum
1359 3930 1452 4007 1602,
1477 3933 1526 3994 16-

176 4029 322 4110 scriptum
336 4024 553 4108 „Astrologiae
568 4025 796 4101 fundamenta,“
820 4025 899 4105 quod
914 4024 1098 4105 descriptum
1113 4022 1282 4104 accepimus
1306 4041 1322 4083 6
1344 4022 1528 4085 bibliotheca

73 4151 79 4155 -
176 4117 374 4191 Beroliueusi,
398 4127 522 4179 curante
545 4115 739 4178 celeberrimo
762 4114 978 4177 mathematico
1001 4115 1041 4176 D.
1065 4112 1205 4175 Martia
1229 4110 1332 4178 0661.

263 4206 312 4268 Ex
339 4206 399 4280 his,
428 4226 505 4287 quae
537 4204 673 4267 referunt
699 4205 774 4267 haec
798 4202 982 4266 Celenderis
1005 4210 1036 4264 et
1059 4201 1275 4281 Prognostica,
1305 4218 1363 4262 uou
1397 4205 1466 4260 tota
1496 4205 1529 4260 et

176 4296 294 4357 sincera
315 4295 440 4375 Kepleri
469 4294 623 4357 sententia
654 4295 691 4355 de
714 4292 893 4372 Astrologia
923 4291 1034 4371 prodit
1080 4289 1258 4369 Expurgate
1291 4288 1412 4367 quidem
1444 4287 1528 4348 illam
1649 4349 1652 4354 „

179 4385 345 4447 conabatur
368 4384 500 4446 animia
523 4381 748 4463 superstitione,
772 4400 832 4462 qua
849 4382 1013 4444 scatebant
1035 4378 1103 4442 libri
1126 4373 1302 4455 astrologici
1321 4395 1424 4438 omues
1450 4374 1529 4438 illiue

177 4473 333 4553 temporis,
358 4491 505 4554 quamque
529 4472 648 4533 ardenti
672 4470 773 4533 studio
798 4469 1003 4532 defendebant
1025 4467 1096 4536 viri,
1131 4466 1239 4548 quibus
1267 4465 1344 4529 aliae
1367 4464 1529 4544 plurimum

177 4563 333 4625 tribuebat
362 4564 393 4624 in
423 4561 635 4624 astronomicis
663 4560 837 4640 (Maginus,
872 4558 1048 4627 Fabricius,
1082 4552 1234 4635 Origauus
1258 4553 1344 4626 166),
1377 4552 1530 4618 retinebat

178 4660 278 4715 tamen
302 4671 340 4713 ex
361 4651 430 4726 1116,
459 4669 535 4731 6666
565 4651 663 4713 minue
692 4648 751 4729 ipsi
773 4648 907 4711 absurda
932 4646 1125 4720 videbantur,
1158 4642 1341 4708 6661611616
1369 4641 1530 4706 disceden-

179 4740 250 4804 dum
278 4742 337 4821 ipsi
365 4748 450 4803 esset
475 4760 495 4801 6
522 4740 654 4820 16666116
692 4738 782 4817 vulgo
816 4734 1004 4815 opinionibus
1036 4742 1068 4796 et
1093 4751 1250 4814 procerum
1281 4730 1531 4811 imperatorisque

181 4831 298 4894 studiis.
346 4830 495 4910 Keplerus
526 4828 731 4892 astronomiae
755 4834 897 4906 suscepto
925 4824 1025 4890 studio
1059 4836 1091 4885 61
1122 4820 1288 4890 astronomi
1317 4822 1436 4886 iunctus
1463 4837 1531 4890 mu-

181 4938 251 4983 6616
288 4938 323 4982 66
353 4920 420 5001 ipso
457 4918 498 4981 ad
534 4916 732 4999 astrologiam
760 4916 906 4980 deductus
942 4921 1021 4984 est,
1044 4912 1153 4994 quippe
1186 4929 1262 4991 quae
1294 4910 1348 4974 illa
1379 4908 1482 4972 661116
1514 4926 1534 4971 a

1263 5013 1322 5066 lb*
