3609 5634
293 342 360 412 432
479 418 482 425 ⁴
857 342 898 396 m
916 344 1094 397 maome·

414 494 429 525 '
861 502 997 566 ’1111111
1020 501 1089 565 LII.

381 591 533 656 Recensni
564 591 740 672 potissimas
773 591 1012 675 praedictionum
1040 589 1291 671 astrologicamm
1319 584 1444 668 cansam
1478 589 1558 672 qnod
1581 588 1660 652 reli-

295 702 384 764 quum
407 691 465 758 est,
490 681 614 761 inipsis
637 681 853 761 utplurimum
875 680 1131 761 praedictionibus
1162 698 1345 745 consumam.
1393 681 1525 744 Primum
1554 698 1660 741 mense

293 771 473 846 DecembrI,
509 770 654 832 Januario
687 778 719 832 et
750 771 913 834 Februario
953 769 1071 834 sextilis
1099 768 1222 832 Saturni
1249 777 1281 831 11
1303 771 1412 833 Martis
1436 770 1512 840 erit,
1535 777 1662 846 praeter

293 880 404 924 rnorem
419 861 585 923 diuturnus.
614 859 737 921 Accidit
760 860 847 934 enim,
869 867 903 923 ut
917 860 1002 921 Mars
1027 860 1114 921 simul
1138 860 1192 921 liat
1214 859 1420 935 stationarius,
1446 866 1478 921 11
1500 856 1658 920 Saturnus

293 971 346 1031 per
379 970 412 1012 se
443 949 550 1012 tardus
584 957 641 1011 est.
689 947 859 1011 Commotio
891 950 1052 1011 vehemens
1080 956 1111 1010 11
1134 947 1322 1011 certissimus
1346 967 1489 1011 excessus
1517 947 1548 1008 in
1571 953 1662 1007 statu

294 1040 384 1102 atris.
430 1028 467 1101 In
490 1057 548 1119 quo
574 1045 674 1100 autem
697 1044 876 1121 excessurus
899 1038 957 1113 sit,
983 1056 1040 1099 non
1064 1037 1110 1099 ita
1131 1037 1305 1116 expeditum
1329 1046 1385 1101 est.
1425 1039 1506 1101 Nam
1520 1036 1559 1098 ad
1578 1035 1661 1097 hanc

293 1149 355 1191 rem
379 1127 541 1209 requiritur
563 1127 714 1207 generalis
728 1127 809 1189 illins
824 1126 1032 1207 dispositionis
1047 1126 1197 1188 Terrenae
1222 1127 1402 1206 speculatio,
1427 1127 1525 1208 qualis
1555 1125 1663 1187 lutura

295 1220 344 1294 sit,
370 1217 450 1297 qnod
473 1214 593 1298 quidem
617 1217 706 1278 nullis
721 1217 819 1278 adhuc
843 1215 1024 1295 conjecturis
1047 1214 1168 1295 assequi
1191 1232 1247 1277 nes
1273 1234 1364 1295 posse
1386 1223 1469 1296 puto,
1490 1234 1565 1296 qnae
1589 1212 1661 1275 dis·

290 1306 399 1388 positio
424 1306 529 1369 fortior
552 1314 616 1379 est,
641 1323 730 1385 quam
754 1306 886 1387 ipsorum
913 1304 1103 1384 planetarum
1131 1303 1317 1384 operationis
1339 1305 1469 1368 variatio
1492 1322 1547 1385 per
1567 1304 1658 1389 Ι11111

295 1395 471 1477 peculiares.
519 1392 555 1457 Si
580 1395 662 1456 solus
687 1395 745 1457 iste
770 1395 879 1456 fuisset
901 1403 1057 1473 aspectus,
1088 1411 1233 1455 summum
1258 1392 1296 1455 ab
1320 1392 1562 1456 exhalationibus
1586 1392 1661 1454 nin-

298 1485 377 1565 gidis
402 1484 496 1564 frigus
518 1482 749 1562 praedixissem.
796 1484 841 1545 At
867 1483 932 1563 jam
962 1490 1087 1564 propter
1118 1500 1295 1544 concursum
1323 1482 1517 1562 plurimorum
1545 1499 1661 1562 aspec-

296 1584 378 1636 tuum
402 1580 520 1634 tantem
551 1579 624 1652 puto
649 1573 712 1635 lore
736 1572 964 1634 commotionem
988 1570 1168 1645 (accedente
1186 1572 1366 1650 praesertim
1381 1572 1514 1635 statione
1528 1564 1661 1641 Martis)

294 1672 329 1725 nt
351 1668 405 1724 aer
426 1661 539 1741 tepidis
561 1661 652 1739 plane
675 1661 852 1742 vaporibus,
876 1680 893 1722 e
917 1661 1029 1722 Terrae
1053 1659 1220 1729 visceribus
1243 1660 1385 1737 exoretis,
1412 1660 1545 1731 calefiat,
1568 1660 1660 1721 nives

294 1751 508 1832 propemodum
531 1750 732 1826 resolvantur,
757 1750 867 1813 itinera
889 1749 1048 1829 plurimum
1071 1747 1282 1830 impediantur.
1327 1749 1465 1812 Jannarii
1482 1746 1514 1813 4.
1539 1752 1570 1825 ό
1581 1745 1662 1826 &Q

293 1841 377 1902 nives
406 1847 460 1901 aut
483 1846 605 1914 ventos,
629 1846 720 1917 prout
742 1839 821 1901 11111
843 1839 995 1919 generalia
1019 1837 1188 1918 dispositio.
1236 1835 1327 1901 Circa
1358 1836 1409 1901 10.
1436 1838 1487 1901 11.
1512 1857 1567 1900 sex
1591 1838 1660 1900 sor·

293 1929 404 1991 tissimi
429 1934 582 2008 aspectus.
630 1929 734 1991 Merus
758 1938 863 2008 tepor,
897 1935 930 1989 et
961 1927 1082 2007 pluviae
1113 1945 1180 1988 cum
1203 1926 1322 1990 nivibus
1343 1927 1534 1990 intermixtis.
1580 1927 1659 1988 Fine

294 2037 331 2079 cx
355 2017 486 2098 antiquis
510 2017 684 2096 aspectibus
708 2017 791 2089 nulli,
819 2036 856 2078 ex
879 2016 965 2078 novis
988 2035 1059 2078 vero
1084 2015 1113 2078 d.
1130 2013 1183 2078 21.
1209 2015 1343 2096 quintilis
1364 2016 1452 2078 lovis
1475 2024 1508 2078 et
1526 2014 1659 2078 Veneris

295 2109 441 2169 flatuosus
465 2113 496 2167 et
519 2106 643 2180 calidus,
670 2113 814 2187 qnantum
837 2106 942 2188 hyems
966 2105 1034 2168 fert.
1072 2105 1112 2166 D.
1137 2099 1190 2166 24.
1216 2104 1349 2183 quintilis
1373 2105 1497 2168 Saturni
1519 2112 1552 2167 11
1574 2103 1660 2167 Solis

295 2196 431 2276 frigidus,
456 2194 597 2274 ningidus
620 2214 674 2256 seu
697 2194 825 2276 pluvius.
859 2194 899 2258 D.
921 2190 974 2258 28.
991 2192 1260 2274 sesquiquadratus
1278 2194 1389 2257 Martis
1413 2204 1446 2256 et
1467 2193 1560 2268 Solis,
1575 2212 1658 2269 acer,

295 2284 450 2348 subtilium
473 2282 691 2363 etrigidorum
715 2290 880 2358 ventorum,
906 2290 938 2346 et
959 2302 1014 2362 pro
1039 2301 1070 2343 re
1094 2290 1168 2344 nata
1190 2282 1341 2364 ningidus.
1372 2281 1546 2347 Observent
1564 2284 1660 2364 igitur

295 2374 350 2436 hos
373 2373 449 2445 dies,
473 2373 580 2454 quibus
604 2381 652 2435 est
675 2373 792 2435 animus
815 2390 911 2434 novos
936 2378 1078 2452 aspectus
1101 2371 1242 2451 probare.

853 2460 988 2523 Thasia
1011 2460 1096 2522 LIII.

382 2548 565 2614 Febmarius
598 2557 701 2612 scatet
733 2549 865 2630 antiquis
900 2556 934 2611 et
959 2549 1046 2611 novis
1078 2547 1259 2628 aspectibus.
1306 2547 1340 2609 ln
1371 2547 1518 2630 principio
1542 2546 1662 2627 (3925

296 2640 401 2701 torhas
435 2639 464 2701 in
492 2640 572 2701 11111
600 2637 815 2701 1111111111111
844 2639 967 2714 afferet,
1001 2657 1070 2699 narn
1104 2638 1166 2699 sere
1199 2636 1323 2701 Saturni
1346 2645 1378 2699 et
1400 2637 1510 2701 Martis
1534 2644 1661 2701 111111-

295 2730 435 2790 rietatem
458 2728 559 2790 sortiti
582 2736 667 2805 snnt,
700 2735 735 2789 ut
762 2746 854 2808 supra
883 2727 995 2790 vidisti.
1042 2726 1164 2806 Loquor
1191 2735 1293 2789 tamen
1320 2726 1369 2789 hic
1399 2746 1437 2790 ex
1460 2727 1660 2808 experientia,

296 2835 373 2898 quae
396 2818 484 2879 valde
508 2817 712 2879 turbulentam
735 2824 868 2879 testatur
890 2817 997 2880 horum
1020 2814 1306 2895 configurationem
1331 2817 1408 2878 11111
1430 2817 1462 2878 id
1485 2825 1518 2880 11
1540 2816 1579 2879 ob
1601 2817 1659 2878 hoc

178 2970 182 2977 ,
295 2914 358 2982 est,
392 2906 462 2987 quia
485 2925 552 2968 cum
575 2905 638 2968 siut
667 2907 801 2986 aequalis
830 2924 925 2985 prope
953 2923 1068 2980 cursus,
1092 2905 1178 2967 tarde
1202 2913 1391 2986 separantur,
1416 2911 1449 2967 et
1470 2906 1660 2986 ponderosos

296 2996 488 3076 aliquatenus
520 3002 761 3074 repraesentant.
821 2993 971 3075 Equidem
1004 3001 1036 3055 et
1070 2994 1203 3055 tonitrua
1234 3012 1302 3056 esse
1333 3002 1470 3073 possunt.
1523 2995 1575 3057 Ab
1607 2992 1658 3057 11.

295 3080 858 3163 1111111.23111111111111111.
906 3086 1014 3164 Itaque
1047 3090 1103 3146 aut
1130 3082 1290 3163 plurimum
1317 3083 1436 3163 ningat,
1469 3083 1496 3145 si
1525 3085 1574 3146 die
1606 3081 1657 3145 11.

297 3174 376 3253 apud
398 3170 517 3253 [ΙῇΘ
543 3171 637 3253 frigus
660 3173 794 3248 redierit,
818 3180 872 3235 aut
892 3172 1052 3255 plurimum
1073 3171 1167 3253 pluet,
1193 3172 1220 3235 si
1242 3180 1331 3254 tepor
1352 3173 1427 3248 illic,
1457 3172 1537 3256 qnod
1559 3172 1658 3253 magis

295 3262 398 3337 credo,
422 3263 579 3343 perduret,

324 3364 334 3374 ‘
853 3348 991 3411 Thesis
1014 3349 1099 3413 LIV.

383 3438 498 3501 Habuit
513 3437 694 3502 Februarius
715 3433 755 3501 21
772 3445 915 3520 aspectus
930 3457 985 3501 sex
998 3438 1189 3519 planetarum
1203 3438 1327 3512 (Lunae
1342 3445 1376 3501 ut
1397 3437 1521 3503 nimium
1543 3440 1657 3504 velocis

294 3528 374 3590 inter
404 3536 547 3607 aspectus
579 3529 657 3590 ratio
684 3546 762 3609 pene
792 3528 875 3590 nulla
893 3526 976 3603 eet).
1024 3528 1153 3590 Martius
1181 3527 1287 3606 viginti
1310 3528 1502 3592 nanciscitur.
1549 3532 1657 3611 ltaque

294 3618 391 3679 multo
412 3617 509 3680 adhuc
531 3616 732 3681 turbulentior
754 3617 827 3692 erit;
852 3635 918 3678 curn
942 3617 1019 3679 alias
1043 3636 1159 3698 quoque
1178 3617 1253 3679 baec
1273 3617 1336 3697 ejus
1351 3625 1460 3682 111111
1473 3619 1522 3682 sit.
1553 3619 1657 3682 Prima

295 3706 407 3768 mensis
425 3716 512 3786 parte
531 3707 596 3787 jam
619 3707 754 3770 tonitrua
776 3713 900 3787 propter
924 3710 950 3780 00
965 3703 1004 3783 Θ
1017 3713 1057 3780 ό,
1086 3706 1133 3769 cui
1157 3707 1216 3769 etsi
1239 3707 1369 3769 latitudo
1391 3708 1501 3771 Martis
1529 3709 1657 3772 multum

295 3795 447 3872 detrahit,
485 3796 632 3858 crebritas
665 3804 766 3857 tamen
801 3803 976 3876 aspectuum
1008 3795 1140 3857 vicissim
1173 3795 1252 3858 vires
1280 3795 1374 3860 addit
1422 3797 1522 3879 Tepor
1552 3798 1655 3879 itaque

294 3884 562 3963 praeternaturalis
595 3885 760 3961 hactenus,
791 3906 810 3946 a
838 3882 885 3947 13.
909 3885 1012 3947 Martii
1045 3902 1175 3965 auguror
1207 3885 1472 3949 commutationem
1497 3886 1529 3950 11
1560 3885 1655 3968 frigus

294 3973 450 4054 hyemale:
479 3973 548 4037 exin
571 3974 730 4036 continuos
753 3981 861 4036 ventos
885 3974 1019 4053 frigidos,
1045 3974 1190 4054 nivesque
1212 3973 1322 4056 pluviis
1341 3975 1543 4040 intermixtas.

861 4063 996 4124 Thesis
1020 4063 1089 4125 LV.
1405 4064 1408 4071 “

384 4150 520 4231 Aprilem
543 4169 631 4231 spero
656 4153 825 4214 naturalem
848 4142 933 4213 Initio
957 4151 1073 4227 calido,
1098 4151 1136 4217 ob
1158 4151 1347 4234 biquiutilem
1370 4153 1479 4215 Martis
1508 4158 1540 4215 11
1561 4150 1653 4229 Solis,

294 4239 425 4322 pluvium
449 4240 611 4304 admodum
634 4238 723 4302 biduo
748 4248 818 4303 ante
842 4248 874 4302 ct
895 4248 968 4320 post
989 4240 1194 4321 plenilunium,
1219 4241 1442 4323 configurantur
1456 4241 1535 4304 enirn
1550 4260 1654 4305 omnes

294 4330 446 4410 planetae.
493 4331 559 4393 Nec
582 4329 709 4392 deerunt
726 4350 752 4393 a
778 4326 828 4392 13.
853 4329 881 4391 11
910 4325 960 4393 tt.
984 4331 1114 4410 pluviae.
1157 4331 1231 4394 Inde
1255 4331 1337 4395 calor
1361 4340 1393 4395 11
1415 4331 1496 4394 circa
1518 4326 1572 4394 24.
1596 4351 1652 4394 ex-

294 4438 409 4496 cessus,
432 4419 537 4500 quiin
560 4419 696 4482 tonitrua
718 4425 862 4499 erumpet,
886 4418 925 4481 ob
948 4419 1099 4500 trigonum
1122 4419 1204 4485 Solia
1227 4427 1259 4483 11
1280 4421 1401 4485 Martia.
1447 4421 1521 4484 Fine
1543 4420 1652 4485 11111111

293 4508 415 4573 imbres.

383 4596 458 4659 Maii
482 4595 627 4683 principia
649 4596 750 4659 reddit
772 4596 894 4660 horrida
917 4604 950 4659 11
973 4596 1274 4677 1111111111όῼζξ,
1298 4597 1356 4662 nisi
1380 4598 1501 4662 diversa
1522 4598 1651 4661 latitudo

295 4687 356 4748 va
378 4687 458 4750 illins
483 4694 622 4761 enervet,
653 4706 729 4767 qnae
754 4687 915 4750 admodum
938 4694 1023 4750 certa
1046 4707 1105 4749 nnn
1130 4696 1195 4762 est,
1224 4695 1258 4749 nt
1285 4708 1341 4750 111
1370 4688 1434 4751 dies
1456 4695 1580 4770 propter
1602 4688 1651 4750 vi-

295 4776 405 4838 tiosum
428 4775 590 4839 etiamnum
612 4777 770 4838 calculum.
816 4777 875 4840 Die
899 4774 948 4841 10.
972 4773 1023 4840 11.
1043 4774 1092 4840 12.
1117 4775 1244 4857 frigidae
1267 4776 1398 4858 pluviae,
1422 4785 1456 4840 11
1476 4779 1526 4841 111
1547 4777 1650 4840 111111

295 4866 462 4942 montanis,
494 4864 657 4928 insalubris
689 4872 751 4928 atr.
797 4866 843 4929 At
865 4885 972 4930 sereno
995 4866 1080 4930 coelo
1109 4865 1270 4930 etiamnum
1292 4867 1400 4950 pruina
1422 4867 1516 4932 1111111
1537 4873 1650 4950 potest.
