3609 5634
710 383 741 434 es
759 383 831 434 auus
849 382 1011 450 naereses.
1471 381 1533 450 371

171 543 335 611 naturam,
360 556 455 618 saque
478 539 506 600 si
528 539 568 602 ad
592 540 707 603 oculum
731 540 881 603 invenitur
905 542 935 604 ln
959 542 1165 618 microcosmo,
1190 539 1261 621 quid
1284 539 1405 616 mirum,
1437 541 1463 603 si
1486 542 1535 605 in-

171 624 318 690 veniatur
340 634 373 689 et
394 627 424 688 in
447 645 660 690 macrocosmo.
707 631 895 708 Aspectuum
920 629 1119 692 differentiam
1148 629 1177 690 in
1202 630 1269 690 sola
1291 628 1482 691 vehementia
1506 639 1538 692 et

175 714 357 778 fortitudine
380 735 468 796 pono.
516 713 663 779 Omnibus
687 717 767 780 idem
790 737 865 799 opus
890 719 999 782 bonum
1022 718 1139 792 tribuo,
1168 717 1387 778 extimulare
1417 717 1534 781 facul-

175 810 283 866 tates
316 803 498 866 animales
532 806 575 866 ad
609 823 720 885 opera
752 826 825 869 sua.
882 809 1051 888 Aspectum
1083 807 1162 867 inter
1191 805 1277 867 binos
1308 806 1449 885 planetas
1482 826 1535 869 seu

174 890 247 969 ipsa
270 910 397 971 corpora
420 893 540 973 lingere,
565 894 694 973 imperiti
719 905 776 957 est.
823 896 894 957 Vox
918 905 967 958 est
989 895 1141 963 Arabum,
1167 896 1219 955 sed
1242 900 1332 974 puto,
1352 912 1390 955 ex
1414 893 1535 957 Graeca

175 977 348 1042 Ptolemaei
366 1002 569 1062 σχηματισμος
584 984 721 1046 deducta.
759 986 824 1046 Aut
846 985 872 1045 si
896 1004 935 1048 ex
949 985 1159 1064 maestiores,
1183 991 1249 1044 esto
1269 1002 1351 1052 sane,
1376 982 1534 1045 dnmmodo

176 1068 332 1132 commode
355 1071 600 1150 interpretemur,
630 1073 668 1133 de
693 1091 839 1134 concursu
862 1074 1026 1148 radiorum,
1056 1073 1084 1134 in
1110 1089 1167 1152 quo
1191 1071 1270 1132 inest
1293 1081 1448 1150 aspectus,
1475 1091 1533 1132 non

176 1154 208 1216 in
227 1155 339 1222 circulo
370 1159 566 1239 imaginario,
601 1160 649 1242 qui
682 1161 862 1223 adsciscitur
895 1163 934 1223 ad
967 1161 1135 1223 metiendos
1169 1160 1295 1238 angulos
1328 1177 1532 1222 concursunm.

176 1242 242 1307 Sed
265 1245 302 1308 de
326 1247 383 1309 hoc
406 1248 436 1310 in
461 1248 736 1313 dissertatiuncula.
782 1249 864 1313 nihil
889 1250 936 1312 hie
971 1249 1068 1312 tribuo
1092 1248 1264 1322 reflexioni,
1298 1267 1368 1309 narn
1392 1257 1534 1328 aspectus

175 1333 279 1396 estin
303 1355 386 1398 mera
409 1323 572 1399 incidentia
594 1357 647 1400 seu
671 1358 817 1402 concursu
840 1341 1000 1403 radiorum.
1046 1338 1112 1401 Nec
1132 1335 1266 1416 sequitur
1289 1337 1533 1419 operatio„qnia

175 1424 303 1486 alterius
325 1426 427 1487 radius
461 1427 620 1489 aTellure
653 1427 683 1489 in
712 1428 837 1490 alterius
865 1447 973 1508 corpus
1006 1427 1172 1490 reflectitur
1203 1417 1298 1504 ⁹(quae
1330 1425 1531 1506 philosophia,

173 1519 257 1592 puto,
283 1522 332 1574 est
345 1514 482 1576 Jofrauci
497 1514 639 1590 Offuoii),
656 1509 697 1589 ¹⁰)
721 1517 776 1577 sed
800 1516 870 1597 quia
886 1516 1022 1579 binorum
1036 1516 1113 1579 radii
1137 1521 1220 1576 certo
1235 1514 1344 1594 angulo
1368 1514 1398 1576 in
1422 1525 1533 1595 puncto

176 1619 213 1662 eo
237 1613 425 1677 concurrunt,
450 1603 479 1664 in
504 1623 561 1683 quo
585 1605 750 1666 collocatur
772 1622 821 1666 res
844 1605 1064 1679 immateriata,
1091 1610 1234 1682 aspectus
1257 1602 1412 1683 receptiva
1434 1604 1533 1666 facul-

178 1700 239 1765 tas,
264 1709 371 1770 nempe
396 1691 544 1754 animalis.
592 1693 651 1756 Ubi
681 1693 754 1755 nihil
781 1694 923 1774 impedit,
956 1703 1070 1773 puncta
1099 1692 1216 1754 differre
1246 1690 1284 1752 ab
1308 1690 1436 1753 invicem
1460 1700 1493 1753 et
1514 1712 1534 1753 a

176 1788 282 1841 centro
306 1779 428 1841 Terrae.
475 1782 553 1842 Nam
577 1789 610 1842 et
635 1782 700 1862 jam
729 1781 842 1844 dictum
867 1789 898 1844 et
920 1781 1102 1844 inculcatum
1125 1780 1154 1841 in
1175 1779 1396 1859 Disputatione,
1423 1799 1532 1860 opera-

176 1866 292 1929 tionem
316 1869 393 1930 hanc
415 1887 470 1948 per
492 1877 634 1951 aspectus
659 1889 727 1932 esse
757 1871 855 1932 stellis
879 1869 1114 1933 accidentariam
1143 1877 1174 1929 et
1197 1875 1315 1930 tantum
1339 1869 1532 1948 objectivam.

177 1956 286 2037 ltaque
317 1967 351 2018 ut
382 1957 523 2019 videntur
552 1959 676 2033 stellae,
707 1959 734 2020 h.
759 1979 785 2020 e.
810 1968 845 2021 nt
866 1959 945 2021 radii
969 1959 1134 2032 confluunt,
1161 1957 1206 2018 ita
1228 1958 1364 2037 operatio
1388 1957 1532 2038 sequitur.

175 2046 221 2106 At
244 2044 320 2106 visio
344 2064 382 2106 ex
405 2052 509 2108 centro
533 2047 644 2109 Terrae
667 2048 741 2109 nihil
764 2048 950 2111 sensibiliter
982 2047 1083 2109 differt
1115 2044 1272 2108 avisione
1304 2065 1342 2107 ex
1365 2047 1530 2126 superficie,

176 2132 214 2193 ob
241 2133 431 2196 altitudinem
455 2135 586 2197 siderum
610 2135 784 2210 immanem;
822 2155 894 2216 ergo
923 2156 1019 2217 neque
1048 2133 1184 2215 operatio
1215 2133 1316 2197 differt
1339 2134 1532 2197 sensibiliter.

176 2221 218 2282 Et
241 2221 311 2300 quid
336 2231 408 2297 tum,
433 2223 458 2284 si
482 2224 616 2286 differret
639 2224 846 2287 sensibiliter?
892 2224 1039 2305 Operatio
1063 2223 1141 2285 enim
1165 2233 1355 2302 sequeretur;
1385 2244 1411 2285 e.
1436 2243 1466 2303 g.
1492 2224 1533 2285 sit

181 2309 260 2370 hora
281 2310 354 2373 XII.
379 2311 497 2373 sextilis
521 2311 645 2375 Saturni
668 2323 699 2375 st
722 2314 825 2376 Inoas
848 2314 878 2375 in
902 2323 1005 2375 centro
1029 2312 1156 2385 Terrae3
1184 2319 1265 2386 esto,
1294 2320 1327 2373 ut
1350 2311 1534 2373 sensibiliter

178 2397 274 2459 distet
299 2400 354 2459 hoc
377 2408 495 2480 tempus
520 2422 538 2462 a
560 2411 695 2481 tempore
718 2403 784 2482 ejus
808 2402 942 2477 sextilis,
968 2401 1015 2483 qui
1041 2400 1071 2461 in
1095 2397 1251 2479 superficie
1275 2399 1387 2461 Terrae
1411 2399 1532 2461 contiu-

178 2494 246 2565 get3
280 2505 346 2548 curn
368 2487 460 2567 igitur
482 2490 578 2565 Luna,
603 2492 694 2552 imum
717 2492 816 2564 sidus,
850 2491 949 2552 locum
972 2495 1068 2551 mutet
1090 2507 1147 2551 nno
1170 2487 1280 2566 gradu,
1310 2505 1381 2566 ergo
1405 2506 1440 2549 eo
1460 2506 1532 2549 mo-

177 2583 280 2637 mento
303 2576 383 2637 inter
405 2572 426 2657 ij
450 2584 483 2637 et
505 2581 529 2650 )
554 2588 642 2642 erunt
665 2574 735 2641 61⁰.
782 2579 859 2640 Post
882 2575 902 2640 2
927 2579 1017 2640 horas
1048 2576 1213 2638 interemat
1241 2570 1310 2651 60⁰,
1340 2576 1389 2656 qni
1416 2595 1533 2639 rursum

177 2664 298 2728 sextilis
322 2673 380 2728 ast.
426 2665 532 2746 Itaque
563 2667 644 2728 intra
671 2665 690 2729 2
719 2668 809 2729 horas
834 2667 1020 2740 coincidunt,
1053 2666 1082 2725 in
1106 2665 1216 2725 ceteris
1238 2664 1371 2743 propius.
1418 2665 1534 2727 Verum

173 2753 240 2832 jam
263 2754 422 2816 considera
445 2762 477 2815 et
501 2756 692 2817 latitudinem
714 2756 896 2826 nonnullam,
921 2762 984 2817 tam
997 2754 1026 2815 in
1043 2752 1225 2833 aspectibus,
1250 2772 1339 2833 quam
1353 2754 1383 2815 in
1402 2752 1528 2815 musica.

176 2841 245 2904 Non
278 2843 384 2905 statim
416 2843 513 2904 omnis
541 2844 739 2906 consonantia
770 2852 917 2924 negatur,
957 2843 1015 2904 etsi
1047 2842 1175 2904 chordae
1208 2859 1266 2903 non
1297 2849 1437 2903 accurate
1470 2843 1533 2904 sint

178 2940 294 2992 tensae.
341 2929 420 3003 Quin
445 2931 504 2994 imo
528 2933 712 3013 quarundam
736 2934 1000 2994 consonantiarum
1033 2931 1232 2992 dimensiones
1262 2930 1435 2991 necessario
1463 2949 1531 2992 ma-

176 3028 251 3082 nent
272 3019 477 3100 imperfectae,
501 3021 580 3101 quod
604 3022 829 3084 fundamentum
853 3033 901 3082 est
924 3030 1061 3082 tonorum
1085 3018 1271 3092 allectionis,
1309 3037 1405 3098 neque
1428 3029 1531 3081 tamen

176 3106 245 3168 ideo
268 3126 327 3169 non
351 3108 486 3170 delectat
510 3109 616 3171 talium
640 3118 777 3172 tonorum
799 3110 965 3190 usurpatio.
1011 3109 1061 3170 Ita
1085 3107 1188 3169 videas
1212 3107 1437 3186 conjunctiones
1460 3109 1531 3188 pla-

175 3204 314 3258 netarum
339 3195 497 3273 efficaces,
532 3198 580 3260 ubi
605 3199 726 3260 diversa
753 3198 893 3272 latitudo,
920 3198 1077 3260 dummodo
1101 3215 1159 3258 non
1184 3195 1294 3270 nimia;
1331 3195 1423 3275 igitur
1446 3205 1478 3260 et
1500 3196 1530 3259 in

177 3283 363 3364 longitndine
387 3285 450 3347 lato
474 3286 602 3366 quodam
626 3288 714 3349 modo
739 3287 897 3349 definiendi
922 3296 1080 3368 aspectos,
1112 3294 1145 3347 ut
1168 3306 1187 3347 a
1210 3278 1272 3346 60⁰
1295 3284 1414 3364 quidem
1437 3303 1529 3365 prae-

176 3372 240 3438 cise
263 3382 425 3453 operentur
447 3375 677 3454 perfectissime,
703 3376 757 3438 ssd
782 3396 801 3438 a
824 3371 885 3439 59⁰
908 3384 939 3438 et
962 3397 981 3437 a
1005 3370 1066 3439 61⁰
1088 3380 1250 3457 operentur
1272 3373 1356 3435 nihil.
1393 3373 1460 3436 Hoc
1477 3395 1529 3437 as-

174 3470 273 3524 sumto
304 3463 393 3542 plane
426 3462 554 3525 ridicula
584 3466 642 3528 erit
664 3464 795 3544 objectio
819 3467 855 3526 de
880 3464 1051 3526 differentia
1082 3464 1179 3525 centri
1203 3469 1235 3523 et
1258 3461 1528 3535 circumferentiae,

173 3550 253 3613 addo
277 3557 309 3616 et
331 3551 369 3612 de
392 3551 569 3628 differentia,
595 3572 683 3634 quarn
706 3553 782 3615 facit
805 3553 954 3615 refractio.
993 3551 1140 3622 Quamvis
1155 3552 1192 3613 de
1207 3550 1387 3611 refractione
1401 3569 1528 3632 respon-

173 3639 302 3704 dandum
325 3639 424 3702 aliter.
471 3641 587 3722 Nempe
620 3662 657 3704 ne
691 3661 788 3723 opaca
820 3642 938 3721 quidem
971 3641 1154 3722 impediunt,
1189 3638 1345 3719 quominus
1377 3639 1527 3702 radiorum

173 3736 316 3810 aspectus
338 3729 522 3809 percipiatur
545 3750 564 3791 a
588 3729 783 3792 facultatibus
816 3729 1016 3804 animalibus,
1050 3729 1158 3790 nedum
1182 3726 1371 3807 semiopaca‚
1403 3735 1438 3789 nt
1460 3734 1527 3804 abr3

174 3818 238 3878 sive
262 3818 340 3899 quod
363 3818 494 3881 facultas
511 3813 658 3881 'animalis
682 3819 789 3881 eadem
813 3818 913 3896 estin
938 3827 1041 3880 centro
1056 3815 1167 3878 Terrae
1191 3823 1223 3877 et
1245 3816 1275 3876 in
1291 3816 1404 3877 extima
1418 3836 1526 3898 super-

174 3905 240 3970 fiere
263 3906 355 3977 atris,
378 3926 432 3968 seu
454 3908 534 3987 quod
557 3907 703 3982 subtilior,
728 3908 839 3988 purior,
863 3906 1090 3969 immaterialior
1114 3914 1162 3968 est
1183 3904 1338 3985 perceptio
1358 3906 1434 3966 situs
1449 3909 1527 3969 stel-

173 3993 278 4068 larum,
303 4012 393 4073 quam
415 4002 449 4056 ut
471 3996 511 4057 ad
535 4016 601 4058 eurn
624 3995 911 4076 repraesentandum
935 3993 1028 4057 radiis
1052 3994 1158 4057 lucidis
1182 4012 1257 4073 opus
1282 3992 1333 4055 sit.
1380 3993 1527 4075 Exemplo

174 4082 216 4144 sit
238 4081 316 4144 ratio
339 4084 508 4164 genesium:
531 4085 660 4148 influunt
682 4086 833 4166 planetae,
858 4084 909 4165 qui
933 4084 988 4146 sub
1004 4084 1097 4146 Terra
1120 4091 1205 4159 sunt;
1230 4082 1370 4144 etrnaria
1392 4084 1421 4143 in
1438 4085 1525 4145 novi-

174 4169 264 4233 luniis
286 4179 457 4247 moventur,
487 4173 579 4235 etiam
601 4192 656 4253 per
679 4173 837 4253 appulsum
861 4174 993 4234 siderum
1017 4173 1056 4234 ad
1080 4172 1181 4246 nadir,
1216 4171 1293 4233 unde
1318 4170 1392 4231 radii
1416 4190 1526 4234 ascen-

174 4260 245 4324 dere
267 4260 472 4340 prohibentur.
518 4260 582 4323 Sed
605 4262 660 4323 boc
684 4261 824 4323 fortassis
848 4262 975 4323 alienius
999 4269 1048 4322 est
1072 4261 1248 4340 exemplum.
1274 4289 1316 4300 -

261 4349 416 4429 Denique,
449 4350 527 4430 qnod
551 4350 662 4426 attinet
686 4369 831 4412 cansam
859 4361 1092 4429 aspectuum,
1126 4349 1199 4410 nihil
1222 4347 1320 4427 magis
1343 4364 1390 4407 me
1414 4357 1525 4423 movet,

174 4455 262 4517 quarn
277 4437 343 4514 hoc,
359 4438 438 4519 qnod
453 4439 611 4502 dicendum
625 4448 683 4511 est,
703 4439 845 4518 aspectus
861 4439 1087 4499 animadversos
1103 4436 1249 4517 ignoratis
1265 4435 1373 4497 causis.
1407 4435 1452 4497 At
1470 4437 1526 4499 hoo

173 4525 248 4588 nihil
270 4525 347 4588 novi.
396 4524 640 4608 Quotusquisque
667 4527 815 4588 rationem
843 4526 927 4587 norit
955 4525 1212 4606 perspicillorum?
1258 4526 1338 4586 Num
1361 4523 1429 4585 ideo
1452 4525 1525 4588 nihil

173 4622 244 4677 sunt
265 4614 460 4695 perspieilla?
506 4615 606 4678 Multa
629 4615 712 4677 talia.
760 4615 876 4694 Magna
898 4614 945 4675 vis
970 4613 1188 4695 experientiae,
1220 4631 1331 4693 magna
1354 4613 1524 4690 curiositas,

171 4722 283 4784 magna
306 4704 470 4766 subtilitas.
518 4702 606 4773 Quod
629 4724 753 4766 causam
775 4703 872 4783 ipsam
896 4702 1017 4778 attinet,
1041 4713 1113 4783 puto
1128 4702 1281 4765 inventam
1304 4710 1335 4763 et
1350 4720 1525 4781 expressam

102 4799 110 4818 ‘
171 4787 448 4875 ihDisputatione,
473 4812 549 4874 qnae
573 4793 680 4855 similis
704 4793 822 4855 videtur
845 4789 1059 4868 Ptolemaicae,
1084 4799 1117 4854 at
1140 4791 1293 4872 explicata
1316 4809 1375 4852 non
1399 4792 1457 4855 init
1479 4793 1524 4854 si-

171 4879 284 4958 militer
306 4902 326 4943 a
347 4881 532 4958 Ptolemaeo.
578 4882 647 4947 Non
661 4889 738 4946 erat
760 4889 850 4944 notus
867 4880 1044 4944 Ptolemaeo
1061 4879 1190 4945 Creator
1212 4880 1328 4955 mundi;
1354 4898 1446 4964 quare
1464 4884 1523 4946 im·

1252 4982 1312 5038 tt·
