3609 5634
218 299 335 372 ’110
497 375 500 382 1
828 291 1062 345 hhdatiaffl

271 460 415 526 menso
435 477 473 522 oa
487 455 633 524 ciaon
652 453 792 526 (Laelios
806 449 880 527 m:
913 450 967 526 „Si
985 451 1102 513 coslum
1119 452 1220 532 tpamn
1238 451 1632 525 aatmdlsmmmtumm-

271 567 327 629 qus
351 547 474 618 mend,
505 555 537 608 ot
565 541 815 624 pulchritudinem
842 541 974 603 siderum
1001 539 1122 619 ponitus
1145 541 1386 620 perspexissem,
1419 537 1553 601 insumis
1575 537 1634 599 illa

272 636 342 699 inihi
368 636 445 696 foret
470 632 650 706 admiratio,
685 631 742 692 nisi
766 638 798 691 te
822 630 965 691 lentorem
988 639 1133 709 aequum,
1165 636 1314 692 attentum
1344 637 1375 690 et
1398 629 1556 709 cupidum,
1583 625 1633 686 cui

272 739 433 797 reserarem,
454 721 627 784 haberemst‘
666 720 749 784 Haec
765 718 814 782 sbi
831 717 1016 797 cognoveris,
1041 719 1066 779 si
1090 735 1203 799 aequas
1227 735 1270 790 es,
1294 711 1460 780 abstinebis
1484 738 1503 777 a
1525 733 1632 795 repre-

272 813 484 885 hensionibus,
514 830 588 891 quas
617 829 673 869 non
702 809 767 870 sine
796 826 889 869 causa
917 807 1098 886 praesagio:
1131 807 1176 868 sin
1207 816 1308 868 autem
1337 826 1391 868 suo
1421 804 1541 887 quidem
1565 804 1634 865 loeo

232 973 245 986 g
274 902 415 982 relinquis
438 901 518 961 ista:
550 896 657 961 metuis
681 906 797 971 tamen,
826 905 860 958 ut
882 905 968 959 certa
990 898 1066 968 siut,
1094 905 1186 975 atque
1209 903 1243 956 ιιι
1264 911 1322 975 ego
1345 894 1525 975 triumphum
1545 891 1634 954 oeci-

272 992 364 1053 nerim
389 1000 459 1050 ante
483 987 657 1049 uictoriam:
682 1004 754 1065 ergo
778 987 826 1047 vel
850 985 973 1047 undem
980 985 1134 1086 pagellas
1158 984 1241 1063 ipsas
1265 985 1391 1058 aceede,
1416 993 1448 1044 et
1471 995 1549 1056 rem,
1573 995 1635 1061 qua

272 1081 309 1141 de
333 1079 448 1158 pridem
472 1076 597 1156 agimus,
622 1093 781 1154 cognosce.
819 1073 887 1136 Nou
913 1074 1045 1154 reperies
1067 1091 1162 1134 noros
1184 1082 1217 1135 et
1240 1073 1407 1152 incognitos
1425 1073 1575 1151 planetas,
1599 1076 1636 1129 at

272 1170 361 1247 paulo
386 1176 478 1228 autea
505 1164 719 1250 interpositos,
748 1182 806 1224 non
836 1185 872 1222 en
901 1163 972 1224 mihi
1001 1161 1317 1241 probaturaudaeia;
1342 1161 1489 1222 sedilios
1513 1169 1636 1220 veteres

273 1276 378 1336 parum
403 1254 563 1316 admodum
588 1254 720 1324 lunatos,
743 1251 903 1329 interjectu
928 1269 998 1313 vero
1017 1250 1238 1312 rectilineorum
1261 1267 1417 1354 corporum
1441 1245 1636 1329 quantumvis

272 1346 403 1408 absurdo
426 1345 471 1405 ite
493 1341 633 1414 munitos,
657 1349 692 1402 nt
714 1357 811 1419 porro,
837 1339 943 1418 quibos
965 1338 1049 1400 uncis
1070 1338 1188 1401 coelum
1202 1358 1259 1420 quo
1281 1340 1378 1401 minus
1401 1345 1479 1410 ruat,
1502 1353 1636 1416 suspen·

273 1435 370 1504 datur,
397 1431 552 1513 quaerenti
576 1430 688 1493 mstico
712 1428 893 1506 respondere
917 1427 1027 1508 possis.
1075 1429 1165 1490 Vale.

586 1624 629 1686 IN
655 1620 989 1686 PRAEFATIONEM
1012 1622 1072 1684 AD
1095 1619 1325 1684 LECTOREM

798 1743 914 1796 sousa
934 1744 1110 1796 suenonis.

354 1853 468 1926 a)Etsi
497 1854 588 1908 omnia
607 1854 731 1908 omnibus
753 1855 918 1918 cohaerent,
949 1872 1077 1909 numerus
1109 1863 1202 1910 tamen
1229 1871 1281 1908 rex
1311 1852 1501 1923 primariorum
1529 1851 1638 1906 orbium

274 1938 384 2010 proprie
405 1933 544 1989 desumtus
566 1941 667 1987 estex
689 1934 807 2005 quinque
829 1935 989 2004 corporibus
1010 1935 1093 1988 solis:
1116 1934 1273 2006 proportio,
1295 1934 1403 2003 potiore
1424 1932 1531 2004 quidem
1553 1939 1638 2002 porte

277 2037 295 2072 a
315 2017 473 2088 corporibus
496 2014 614 2085 quinque
636 2014 824 2085 geometricis,
853 2016 899 2067 sed
922 2031 993 2085 quae
1015 2023 1108 2069 temen
1129 2015 1211 2068 circa
1222 2013 1332 2068 minima
1352 2013 1488 2068 concessit
1508 2011 1638 2072 motibus,

279 2103 310 2152 ut
330 2109 433 2150 caussa
454 2094 559 2148 finali'
552 2111 579 2147 m
601 2094 689 2147 ideam
710 2095 801 2164 operis
821 2103 952 2165 receptae
971 2094 1066 2148 statim
1087 2094 1173 2148 initio.
1214 2095 1253 2149 Et
1276 2094 1327 2148 hoc
1350 2093 1458 2164 quidem
1476 2091 1638 2162 intelligen-

277 2182 340 2232 dum
358 2183 402 2229 est
417 2175 451 2229 de
470 2174 588 2227 motibus
607 2174 739 2244 cujusque
755 2175 888 2245 planetae
914 2173 1068 2228 tardissimo
1088 2192 1155 2238 uuo,
1180 2175 1270 2228 altero
1293 2173 1476 2236 velocissimo,
1506 2174 1539 2224 de
1558 2170 1638 2224 moti·

278 2262 343 2320 bus,
371 2256 477 2308 scilicet
500 2271 585 2308 causa
612 2271 679 2306 suae
707 2253 887 2324 proprietatis
911 2253 1101 2309 consideratis.
1143 2254 1235 2309 Motus
1259 2270 1324 2307 vero
1348 2253 1491 2323 periodici,
1520 2252 1573 2305 hoe
1593 2255 1638 2304 est

278 2351 405 2391 numerus
429 2333 532 2388 dierum
556 2335 583 2387 in
608 2334 821 2403 uniuscujusque
844 2335 978 2404 planetae
1002 2334 1131 2388 circuitus
1155 2333 1309 2398 derivatus,
1338 2341 1396 2388 tam
1418 2348 1437 2387 a
1458 2330 1640 2403 proportione

278 2417 391 2479 orbium,
422 2431 503 2486 quam
520 2415 557 2468 ab
576 2413 828 2469 eccentrioitetibus
851 2413 935 2485 (qnae
958 2432 995 2467 ex
1013 2414 1170 2469 Harmoniis
1189 2421 1255 2468 sunt
1276 2411 1464 2477 constitutae)
1489 2412 1599 2482 lougius
1619 2426 1641 2463 a

279 2499 296 2551 5
316 2497 475 2566 corporibus
495 2502 678 2550 secesserunt.

241 2649 243 2654 y
357 2573 388 2641 b)
408 2576 504 2630 Habes
523 2575 599 2628 illam
619 2574 835 2645 disputationem
853 2573 1051 2630 cumulatam
1043 2591 1070 2626 m
1088 2572 1228 2643 Epitomes
1247 2573 1442 2628 astronomiae
1461 2572 1509 2626 lib
1527 2572 1548 2626 L

319 2653 515 2721 alluserta
538 2662 582 2709 est
605 2655 675 2708 haee
697 2653 848 2724 disputatio
863 2653 1072 2707 Commentariis
1092 2652 1158 2707 meis
1182 2655 1216 2708 de
1237 2661 1312 2708 motu
1331 2653 1444 2716 Martis,
1473 2650 1640 2722 praesertim
1730 2629 1757 2646 Ἀ

280 2739 306 2790 in
325 2735 540 2788 introductione:
566 2735 704 2803 reperitur
719 2751 785 2787 vero
805 2741 935 2787 accurate
955 2734 1025 2788 libro
1044 2735 1092 2788 lv,
1109 2734 1260 2802 Epitomes.
1294 2738 1467 2804 Argumenta
1488 2733 1573 2803 plane
1592 2732 1639 2784 ds·

280 2815 463 2870 monstrativa
481 2833 517 2868 ex
534 2814 706 2884 penitissima
723 2813 908 2868 astronomiae
926 2812 1134 2868 restauratione
1150 2814 1316 2868 concinnata
1334 2820 1407 2868 sunt.

361 2893 389 2958 d)
411 2893 647 2965 Cosmographiae
665 2893 772 2964 quidem
789 2893 871 2947 titulo
891 2894 995 2947 nullum
1015 2913 1050 2947 ex
1076 2893 1124 2946 illo
1143 2900 1266 2964 tempore
1283 2893 1383 2947 librum
1402 2893 1486 2947 edidi:
1516 2900 1547 2946 at
1566 2891 1639 2944 simi·

280 2978 366 3031 litndo
386 2975 442 3028 ista
460 2976 550 3028 relata
569 2981 614 3027 est
630 2991 648 3027 a
669 2991 711 3027 me
735 2974 762 3026 in
780 2973 922 3042 Epitomes
944 2973 991 3027 lib.
1010 2974 1035 3036 1,
1061 2972 1108 3026 ubi
1133 2975 1165 3025 de
1187 2974 1277 3028 mundi
1300 2974 1393 3044 ligura
1408 2974 1529 3034 extima,
1557 2971 1639 3042 inque

281 3057 379 3110 librum
399 3056 447 3109 lV.
468 3054 601 3121 ejusdem,
627 3053 673 3107 ubi
693 3055 726 3105 de
746 3053 833 3106 tubus
847 3052 984 3122 primariis
1007 3053 1098 3107 mundi
1115 3053 1243 3108 membris
1260 3054 1379 3123 disputo.
1421 3054 1479 3108 Nec
1497 3069 1547 3122 pro
1566 3050 1639 3105 simi·

281 3135 395 3190 litueh‘ns
405 3134 481 3187 inani
491 3139 536 3185 est
544 3134 683 3196 habenda,
702 3134 750 3185 aed
762 3133 833 3185 inter
842 3147 942 3186 causas
955 3135 1135 3196 accensenda,
1156 3140 1187 3187 ut
1201 3134 1292 3187 mundi
1307 3134 1396 3187 forma
1410 3141 1440 3187 et
1456 3133 1638 3202 archetypus.

361 3211 388 3278 e)
407 3214 468 3268 Nou
489 3212 534 3284 qui
558 3212 631 3266 eirca
652 3213 749 3265 Jorem
771 3219 907 3275 curreret,
934 3222 966 3265 ut
984 3213 1075 3265 sidera
1098 3211 1219 3267 Galilaei
1241 3213 1381 3277 Modioea3
1398 3207 1433 3280 ³⁰)
1460 3231 1498 3268 ne
1520 3211 1639 3273 fallaris,

282 3309 421 3363 nunquam
443 3294 476 3345 de
495 3293 529 3345 iis
548 3292 685 3362 cogitari3
710 3295 757 3345 sed
777 3291 823 3361 qui
843 3298 875 3345 ut
893 3291 946 3361 ipsi
965 3291 1088 3361 primarii
1105 3295 1250 3363 planetae,
1274 3293 1365 3348 Solem
1389 3295 1417 3347 in
1434 3300 1529 3348 centro
1548 3297 1639 3362 syrte·

282 3373 363 3428 matis
381 3373 500 3442 positum
517 3372 652 3446 curriculo
669 3389 719 3424 suo
739 3372 873 3441 cingeret.
941 3421 948 3428 .

361 3449 387 3521 f)
405 3449 448 3506 En
461 3451 522 3521 jam
531 3460 598 3504 tunc
611 3451 731 3520 rejectos
747 3468 765 3505 a
779 3468 821 3504 me
835 3468 962 3506 numeros
976 3460 1162 3518 numerantes,
1180 3461 1213 3508 ut
1226 3454 1383 3524 appeliant.
1422 3455 1542 3509 Eosdem
1553 3452 1641 3506 etiam

282 3533 403 3601 abjicere
423 3549 441 3584 a
459 3531 642 3584 fundamentis
661 3527 826 3585 harmonicis
844 3529 918 3584 inter
936 3530 1088 3602 praecipua
1106 3534 1192 3587 habui
1211 3533 1239 3588 in
1257 3533 1306 3588 illo
1326 3550 1419 3604 opere.

362 3607 397 3683 g)
415 3610 545 3665 Senarius
565 3616 658 3664 tamen
676 3610 764 3665 habet
786 3610 889 3682 aliquid
909 3611 1080 3666 abstractum
1100 3629 1118 3668 a
1139 3614 1288 3676 creaturis,
1317 3615 1389 3686 quod
1407 3613 1514 3668 seilicet
1536 3612 1640 3682 primus

282 3699 326 3745 est
345 3691 418 3745 inter
436 3691 590 3760 perfectos:
618 3691 770 3760 perfectum
791 3698 883 3743 autem
903 3691 929 3744 id
948 3689 1081 3757 habetur,
1111 3693 1134 3746 si
1153 3700 1197 3747 tot
1219 3701 1284 3747 sunt
1309 3694 1482 3766 inpartibus
1510 3691 1641 3764 aliquotis

195 3816 198 3820 ,
286 3771 416 3834 nabatea,
435 3776 502 3840 quot
520 3771 548 3823 in
568 3776 637 3824 toto.
677 3774 722 3824 Διι
741 3770 812 3824 haee
831 3769 918 3840 igitur
936 3772 1093 3841 proprietas
1111 3772 1240 3827 conciliet
1253 3790 1364 3828 numero
1380 3772 1533 3827 numeranti
1550 3771 1641 3843 digni·

283 3859 369 3906 tatem
389 3851 529 3921 aliquam?
571 3851 765 3904 Consideremr
783 3857 813 3903 et
831 3851 921 3920 qualis
942 3852 1012 3905 haec
1030 3852 1068 3906 sit
1085 3853 1216 3924 dignitas,
1236 3860 1267 3907 et
1280 3855 1413 3924 quomodo
1432 3859 1572 3924 competat
1590 3863 1641 3906 nu·

282 3948 365 3986 mero.
408 3930 527 3985 Primam
554 3930 626 3984 haec
651 3931 773 4001 dignitas
796 3930 906 3984 videtur
932 3947 994 3984 asse
1017 3933 1105 3987 nulla.
1147 3934 1217 3987 Nam
1244 3933 1268 3987 ai
1296 3935 1418 4005 dignitas
1437 3941 1514 3988 esset
1536 3932 1641 4002 aliqua,

281 4012 391 4068 sideest
409 4009 568 4065 harmonica
585 4009 731 4081 disciplina
745 4009 929 4064 testimoninm
946 4011 1108 4081 praebitura
1126 4012 1211 4066 inisse
1228 4013 1351 4068 omnibus
1365 4013 1485 4068 numeris
1500 4011 1640 4083 perfectis.

281 4096 322 4146 st
340 4092 391 4145 illa
408 4090 513 4145 nulium
532 4089 632 4160 resipit
646 4097 760 4161 praeter
778 4089 926 4145 senarium.
968 4090 1078 4161 Reliqui
1096 4091 1167 4146 enim
1185 4094 1302 4162 perfecti
1321 4100 1387 4147 sunt
1405 4094 1552 4164 primorum
1570 4092 1642 4146 mul·

283 4172 408 4242 ciplices,
438 4177 469 4224 ut
496 4176 578 4240 patet
603 4188 640 4226 ex
665 4167 787 4225 Euclidis
815 4170 886 4224 libro
905 4170 955 4224 IX.
982 4185 1061 4241 prop.
1090 4173 1197 4227 ultima.
1239 4174 1331 4235 Quare
1357 4174 1419 4243 (per
1437 4178 1496 4229 Ax.
1520 4173 1549 4228 3.
1576 4171 1643 4226 libri

282 4249 334 4305 mei
357 4252 405 4305 111.
430 4251 626 4312 Harmonice,
660 4258 689 4304 et
711 4267 766 4320 per
789 4250 873 4320 Prop.
899 4249 926 4304 8.
947 4250 1009 4303 libri
1038 4252 1098 4316 Νι,
1132 4268 1204 4323 quae
1234 4254 1360 4308 nituntur
1387 4271 1487 4325 propp.
1513 4253 1560 4308 45.
1590 4252 1640 4307 46.

283 4331 329 4384 47.
356 4327 421 4383 libri
449 4324 485 4398 1.)
509 4345 601 4383 omnes
626 4329 744 4399 perfecti
767 4328 806 4383 sic
828 4330 893 4383 dicti
922 4330 1025 4385 numeri
1054 4337 1168 4400 praeter
1189 4334 1325 4388 senarium
1353 4335 1473 4388 exulant
1501 4350 1519 4387 ιι
1548 4331 1641 4385 termi-

283 4409 325 4463 nis
344 4408 553 4464 concordantias
573 4407 820 4471 constituentibus;
840 4415 995 4463 attestante
1014 4410 1099 4465 etiam
1118 4429 1200 4467 sensu
1220 4414 1344 4469 auditus:
1362 4414 1443 4485 idque
1457 4419 1572 4483 propter
1584 4411 1641 4483 pri·

283 4497 355 4554 utos,
384 4495 416 4544 ut
432 4489 619 4560 septenarium
645 4495 715 4551 etc,
745 4504 763 4541 a
785 4489 882 4559 quibus
908 4489 1075 4544 derivantur
1117 4492 1179 4546 Etsi
1208 4492 1280 4547 enim
1302 4493 1437 4549 sectiones
1465 4490 1642 4552 harmonicae

283 4568 354 4621 libro
371 4565 419 4622 m.
439 4579 518 4638 prop.
544 4567 588 4623 19.
616 4575 796 4622 numerantur
821 4575 941 4638 septem,
970 4570 1016 4639 qui
1044 4587 1171 4626 numerus
1194 4573 1297 4642 primus
1317 4581 1377 4628 est:
1407 4580 1438 4628 at
1459 4572 1528 4627 nulli
1546 4588 1642 4626 eanum

250 4657 256 4669 ·
284 4648 334 4701 dat
347 4646 400 4701 hoe
413 4648 587 4717 septenarius
601 4649 670 4711 iste,
694 4655 727 4702 ut
740 4647 778 4701 sit
790 4647 964 4711 harmonica;
989 4652 1036 4703 sed
1050 4651 1126 4721 prius
1141 4653 1284 4726 quaelibet
1305 4669 1357 4725 per
1371 4667 1401 4708 se
1415 4660 1460 4708 est
1472 4651 1640 4713 harmonica,

284 4723 503 4797 porteadrmum
517 4726 755 4796 acciditiilisjam
769 4729 925 4783 constitutis
940 4729 1083 4797 universis,
1107 4739 1140 4785 ut
1153 4731 1209 4785 sint
1222 4749 1334 4788 numero
1348 4740 1468 4805 septem.
1490 4733 1538 4787 sed
1551 4749 1641 4801 neque

285 4805 433 4878 haeripsa
445 4807 572 4872 confido,
597 4807 832 4881 quadetiniuntur
854 4824 959 4864 numm
953 4808 1099 4880 perfecti,
1122 4811 1192 4866 iasa
1212 4812 1275 4883 ipss
1290 4815 1478 4879 considerata,
1494 4811 1641 4888 dignitatis
