3609 5634
294 423 360 492 326
716 427 817 478 Literae
834 426 938 492 Kepleri
955 424 1106 490 usumque
1123 430 1225 475 mutam

382 586 522 648 Excusat
543 593 586 661 te,
611 604 663 648 cur
685 586 759 648 mihi
781 606 840 648 nou
864 587 1051 661 satisfacias,
1073 584 1193 647 interea
1217 585 1321 648 sedula
1346 603 1431 646 ame
1454 583 1561 645 literas
1587 579 1656 641 exi-

294 675 352 774 gis.
400 673 507 749 Scias,
531 693 578 736 me
603 675 738 754 cogitare
760 675 891 764 posthac
914 683 946 737 te
969 674 1089 748 ulcisci,
1114 693 1172 735 aaa
1195 674 1279 752 prius
1302 673 1484 748 rescribere,
1509 690 1602 752 quam
1627 670 1657 731 in

296 762 487 842 astrolagIcis
511 763 689 842 quibusdam
712 763 809 826 literis
833 764 909 827 meis
932 762 1082 843 prioribus
1105 761 1303 826 satisfeceris.

383 851 490 913 Priuce
513 851 664 931 squidem
678 861 767 916 natus
783 861 832 914 est
853 848 948 925 1578,
972 849 1025 916 25.
1042 849 1112 914 Oct.
1131 852 1161 912 b.
1187 844 1258 931 d'ls
1271 870 1300 931 p.
1317 871 1355 913 m.
1378 850 1431 912 alt.
1446 848 1507 928 poli
1524 837 1614 926 48Ἰ,
1634 841 1657 909 ⁰.

295 942 382 1004 Mare
403 958 459 1020 per
481 870 525 1002 ᾧ
546 941 628 1002 ultra
650 940 797 1006 calculum
821 941 921 1004 Stadii
944 950 977 1002 et
999 939 1155 1006 Maesdiai
1180 940 1287 1003 fuerat.
1335 941 1379 1002 De
1405 946 1501 999 marte
1518 931 1658 1002 Cardaui

295 1029 369 1092 nihil
391 1028 465 1091 scio.
510 1029 557 1091 De
582 1029 774 1110 astrologicis
798 1030 891 1093 etiam
914 1029 987 1096 nihil
1010 1029 1149 1110 posthac,
1174 1029 1232 1090 nisi
1256 1030 1339 1108 prius
1362 1047 1417 1109 per
1438 1035 1546 1107 partes
1567 1024 1658 1105 judi-

295 1137 357 1193 ces,
382 1117 524 1198 quidquid
545 1118 577 1180 in
601 1137 669 1179 mea
692 1119 908 1184 dissertatione
930 1119 1040 1198 probes
1064 1118 1120 1180 vei
1135 1117 1266 1196 rejicias.
1512 1133 1514 1138 ·

384 1206 436 1269 Ad
467 1206 629 1288 epistolam
657 1207 684 1269 d.
709 1204 761 1270 30.
790 1207 859 1269 Jaa.
884 1203 930 1280 (9.
955 1207 1045 1279 Feb.)
1078 1206 1232 1286 scriptam.
1279 1213 1356 1276 (Vide
1374 1227 1448 1282 supra
1465 1228 1489 1276 p.
1509 1207 1585 1272 32³.)

384 1287 451 1358 Pro'
469 1291 733 1358 observationibus
756 1291 810 1360 ts.
833 1295 904 1358 Jau.
929 1296 1045 1377 gratias
1069 1314 1137 1376 ago.

384 1382 420 1445 In
444 1382 609 1448 Germania
640 1384 709 1463 pius
742 1385 876 1464 frigoris,
911 1385 981 1465 quia
1007 1385 1083 1446 haec
1111 1382 1232 1464 propior
1265 1381 1392 1462 frigidae
1425 1382 1505 1444 aeris
1529 1380 1659 1461 regiorsn

297 1472 454 1536 Maritima
475 1472 680 1554 profundiora,
705 1482 737 1534 et
759 1472 824 1558 ipse
847 1481 952 1535 aestus
975 1474 1130 1535 madorem
1154 1473 1258 1547 affert,
1282 1471 1359 1560 quad
1383 1470 1422 1538 D.
1444 1468 1660 1533 cancellarius

246 1591 261 1598 ·
297 1563 433 1624 Francus
456 1561 574 1623 erudite
596 1561 721 1623 monuit.
769 1561 890 1624 Nivium
905 1581 976 1624 vera
999 1563 1068 1642 plus
1091 1561 1121 1622 in
1138 1559 1313 1634 Genaaaia,
1339 1560 1410 1638 quia
1427 1559 1496 1641 plus
1509 1559 1552 1622 ibi
1566 1577 1659 1621 mon-

297 1650 381 1726 dum,
405 1651 484 1711 aude
506 1650 583 1711 baec
605 1650 735 1713 materia
757 1651 891 1713 exhalat.

386 1738 532 1801 Bareas
564 1737 813 1802 aGraenlaadia
835 1739 920 1802 veuit
951 1758 1006 1818 per
1033 1737 1163 1800 medium
1188 1753 1332 1802 oceanum
1365 1736 1445 1797 iuter
1466 1735 1661 1798 Britanniam
1709 1761 1713 1766 ·

259 1862 265 1873 ·
300 1835 332 1888 et
355 1825 601 1899 Scaudiuaviam,
624 1827 654 1892 b.
670 1848 697 1889 e.
720 1828 955 1907 Nordnegiam:
981 1827 1072 1908 Igitur
1095 1827 1204 1890 mitior.
1253 1824 1370 1888 Contra
1389 1820 1553 1887 Caeciae
1576 1823 1665 1908 veuit

300 1934 337 1976 er
361 1915 416 1977 ilia
438 1933 532 1996 prope
556 1916 696 1994 regione,
721 1917 771 1979 ubi
803 1918 940 1979 Drace
973 1917 1074 1978 media
1097 1923 1216 1978 aestate
1239 1933 1388 1976 summam
1412 1914 1527 1977 invenit
1550 1912 1661 1993 frigus.

299 2004 457 2067 Allabitur
489 2013 609 2065 ventum
641 2006 757 2081 limus,
795 2014 830 2068 ut
856 2025 985 2088 aquam,
1018 2014 1180 2086 propterea
1203 2004 1233 2065 iu
1257 2004 1400 2068 circulum
1424 2003 1506 2077 abit,
1545 2021 1606 2063 nan
1633 2002 1663 2062 in

303 2100 428 2156 rectum.
475 2092 557 2156 Nam
579 2091 710 2174 impetus
734 2113 770 2155 ea
793 2114 888 2175 usque
912 2095 995 2157 iilum
1018 2113 1076 2155 noa
1100 2099 1206 2172 posset
1229 2092 1362 2166 deferre,
1396 2093 1454 2154 nisi
1477 2093 1576 2155 fluxus
1602 2092 1663 2151 ad-

298 2181 432 2262 juvaret.
479 2180 600 2244 Ventus
624 2192 672 2244 est
694 2184 791 2244 fluxus
816 2183 906 2252 airis,
931 2191 965 2244 ut
988 2201 1084 2262 aquae
1099 2183 1208 2244 fluxus.
1246 2180 1429 2260 Principium
1453 2180 1563 2245 fluendi
1585 2180 1664 2244 facit

302 2269 439 2332 ebullitio
463 2289 501 2331 ex
533 2269 691 2336 altissimis
714 2271 875 2335 montibus.
928 2272 979 2334 Ab
1010 2290 1045 2333 eo
1079 2269 1202 2350 fastigio
1236 2270 1365 2332 materia
1395 2271 1508 2350 partim
1539 2271 1663 2349 frigore,

300 2358 414 2439 partim
437 2379 494 2422 sna
517 2358 669 2438 gravitate
699 2362 783 2432 (nam
806 2366 860 2421 aer
882 2359 913 2420 in
937 2360 1060 2426 aethere
1084 2357 1187 2439 gravis
1210 2361 1273 2433 est)
1307 2357 1475 2422 devolvitur
1498 2368 1531 2420 et
1552 2360 1584 2420 in
1610 2378 1666 2419 sa·

302 2447 424 2528 pericle
447 2448 527 2510 airis
551 2447 627 2509 facit
650 2449 792 2512 circulum
816 2448 907 2510 alium
933 2468 970 2511 er
993 2449 1063 2520 alio,
1089 2448 1254 2510 latissImos
1276 2448 1399 2509 nltImas
1422 2456 1454 2510 et
1477 2447 1662 2509 laxissimas.

392 2533 555 2598 Genesin
576 2535 879 2600 Dietrlcbsteaii
903 2537 1024 2612 uescia;
1049 2536 1169 2598 incivile
1192 2544 1251 2612 est,
1275 2537 1406 2617 peteuda
1431 2555 1497 2599 eam
1516 2537 1662 2599 refricare

303 2625 434 2686 dolorem
457 2624 564 2706 patris.

393 2709 569 2776 Cametas
609 2720 684 2795 pato
725 2733 852 2794 corpora
892 2713 1053 2804 perspicua
1093 2714 1141 2774 vel
1182 2712 1353 2793 pellucida,
1395 2713 1478 2776 intus
1514 2712 1663 2780 materiae

289 2800 422 2864 -satioae
446 2801 593 2864 colorata.
641 2802 784 2868 Tramite
807 2804 911 2881 itaque
934 2803 1086 2864 radiorum
1101 2801 1185 2891 Solis
1207 2801 1388 2866 calarentur.
1436 2802 1482 2864 De
1507 2801 1564 2862 boo
1587 2800 1663 2864 nihil

305 2890 419 2952 dubita.
467 2888 624 2961 Quomodo
648 2891 754 2953 aether
777 2891 918 2971 limpidus
942 2891 997 2951 hos
1021 2891 1136 2952 calores
1159 2891 1319 2969 suscipiat,
1344 2909 1412 2952 cum
1435 2889 1518 2953 Solis
1542 2895 1574 2951 et
1596 2889 1664 2950 Lu·

304 2997 362 3041 uae
385 2979 488 3040 radios
511 2998 569 3041 nou
595 2979 754 3059 suscipiat,
782 2979 941 3060 plurimum
965 2978 1096 3059 disputa,
1120 2996 1226 3058 parum
1250 2979 1320 3041 mihi
1344 2989 1460 3042 consto.
1507 2978 1663 3040 Interdum
1707 3019 1709 3022 ψ

304 3077 387 3148 puto,
414 3068 572 3130 materiam
597 3087 665 3129 esse
689 3068 770 3130 eirca
793 3076 940 3134 cometam
964 3075 1027 3132 tam
1052 3068 1113 3130 late
1138 3086 1313 3146 expansam,
1338 3088 1414 3150 quae
1434 3066 1566 3147 excipiat
1584 3066 1664 3127 hanc

305 3156 552 3230 illustrationem,
582 3167 616 3218 at
638 3157 797 3235 pulvisculi
820 3157 925 3220 Solem
949 3157 977 3218 in
1002 3157 1131 3219 obscura
1153 3176 1292 3232 aamera3
1325 3165 1396 3225 tuac
1418 3177 1511 3220 eausa
1534 3154 1663 3217 visionis

305 3244 432 3304 essetis
447 3244 625 3306 collectione
640 3253 672 3306 et
688 3245 939 3325 multiplicatione
953 3246 1112 3307 radiorum.
1150 3246 1304 3308 Interdum
1325 3247 1396 3308 mibi
1415 3254 1447 3307 et
1464 3245 1511 3306 hia
1526 3245 1664 3317 (aether)

306 3332 371 3411 ipse
394 3329 514 3394 videtur
536 3334 715 3394 materiatus
739 3342 771 3394 et
785 3334 915 3395 colorum
935 3352 1041 3412 capax,
1065 3336 1335 3415 praesertim-quia
1359 3335 1508 3397 latissima
1531 3334 1595 3414 ejus
1615 3342 1666 3392 est

305 3420 468 3482 illustratio
493 3441 512 3483 a
534 3429 670 3497 cometa,
704 3422 797 3484 radiis
816 3421 898 3484 Solis
925 3423 1076 3484 refractis.
1123 3424 1206 3484 'Iunc
1233 3424 1326 3503 Igitur
1354 3423 1478 3497 accidit,
1507 3431 1549 3495 nt,
1583 3421 1665 3502 quad

305 3516 353 3571 est
375 3510 588 3589 propinquum,
623 3510 871 3590 inconspectum
900 3529 958 3572 aaa
982 3511 1094 3573 veniat.
1143 3512 1297 3574 Interdum
1328 3522 1417 3592 puto,
1456 3512 1582 3573 caudam
1607 3530 1663 3571 ca-

218 3671 220 3676 ,
305 3606 404 3659 metae
428 3600 599 3680 pertIngere
622 3599 700 3662 inira
723 3600 850 3673 Lanam,
876 3606 908 3660 et
930 3599 1008 3660 hanc
1031 3619 1153 3662 causam
1177 3620 1245 3662 esse
1261 3601 1436 3683 apparentis
1459 3601 1574 3662 caudae
1588 3619 1664 3680 pra-

303 3687 453 3768 jussionis,
479 3696 510 3748 et
533 3687 626 3750 radiis
649 3689 731 3750 illias
755 3688 880 3751 colorari
904 3688 1062 3751 materiam
1086 3690 1200 3751 aeriam
1223 3692 1413 3753 crassiorem.
1461 3690 1662 3751 Dilatatianis

306 3794 401 3836 causa
431 3777 515 3836 venit
546 3795 584 3838 ex
616 3777 733 3857 iegibus
765 3777 892 3857 opticis,
926 3778 1129 3858 refriuguntur
1158 3778 1236 3839 radii
1265 3779 1304 3840 ad
1327 3779 1587 3860 perpeudIculum‚
1619 3786 1663 3850 et,

307 3863 441 3925 sectione
466 3864 557 3939 iacta,
582 3867 795 3928 transeuntia
819 3866 990 3946 oppositam
1012 3875 1140 3945 partem.
1617 3883 1622 3896 ’

395 3950 441 4010 De
466 3951 725 4015 iuonrvatIoue
750 3954 821 4035 quid
844 3973 902 4016 nau
927 3955 977 4027 sit,
1002 3955 1101 4017 dicere
1124 3974 1257 4035 possum,
1282 3963 1316 4016 at
1339 3975 1396 4017 nou
1414 3955 1484 4036 quid
1503 3955 1553 4017 sit.
1592 3954 1664 4016 Non

308 4045 357 4100 est
378 4040 553 4118 parallaris,
579 4051 613 4103 ut
636 4042 739 4123 Tycha
761 4044 899 4123 putavit3
924 4063 994 4104 nam
1016 4044 1183 4123 parallaris
1207 4064 1244 4105 ex
1269 4044 1362 4106 rectis
1385 4064 1443 4106 non
1467 4050 1571 4122 potest
1590 4042 1664 4103 red-

308 4128 378 4188 dere
402 4146 503 4189 curva.
549 4128 618 4192 Nan
642 4141 692 4193 est
713 4140 747 4193 nt
770 4132 874 4194 Lunae
898 4132 1091 4205 illumiaatio,
1126 4152 1202 4213 quae
1225 4152 1296 4195 vere
1330 4140 1378 4195 est
1410 4152 1502 4195 curva
1533 4131 1666 4194 circula·

308 4215 390 4278 riter.
438 4217 484 4278 ‘Pu
506 4216 532 4278 si
556 4237 602 4280 me
625 4220 821 4292 refutaveris,
846 4240 905 4282 uon
930 4240 976 4282 me
1001 4222 1144 4284 offendes.
1193 4222 1418 4284 Obscurissima
1441 4231 1491 4283 est
1513 4220 1664 4302 quaestio.

307 4305 372 4368 Nea
396 4324 452 4383 ego
474 4305 575 4389 plures
599 4308 659 4369 vidi
684 4327 755 4371 una
779 4310 849 4371 anni
875 4306 959 4374 1596
983 4310 1156 4373 Novembri.
1203 4319 1280 4382 (Vide
1298 4320 1382 4370 Prode.
1406 4335 1430 4383 p.
1452 4316 1526 4379 tib)

378 4393 548 4444 Fabricius
568 4390 604 4459 [d.
625 4395 648 4444 1.
668 4393 738 4458 (11.)
750 4392 851 4462 Febr.]:
881 4397 972 4449 SeribIs
990 4399 1021 4449 de
1040 4405 1121 4450 terrae
1139 4405 1208 4448 mata
1225 4402 1251 4448 in
1270 4398 1351 4452 Rheni
1369 4406 1452 4449 tractu
1471 4397 1506 4462 (r.
1520 4415 1540 4449 s.
1553 4395 1665 4464 pili).

308 4462 384 4527 caua
410 4471 506 4528 amans
531 4481 688 4531 cognoscere.
726 4467 794 4518 Nihil
817 4484 862 4518 aas
879 4468 921 4520 hic
939 4471 1059 4520 sensimus
1079 4469 1122 4520 dte·
1163 4470 1216 4536 Ego
1235 4486 1266 4520 ex
1284 4471 1356 4521 ruina
1381 4473 1459 4534 partis
1478 4471 1582 4534 alicujus
1598 4472 1665 4522 latei

307 4535 376 4590 rioris
395 4535 528 4598 &salutm
545 4539 571 4586 in
589 4540 759 4601 subiacentem
779 4541 916 4591 caritatem
929 4542 1069 4592 interiorem
1087 4548 1169 4592 terrae
1187 4550 1269 4592 matus
1287 4543 1392 4592 existere
1404 4549 1473 4607 puto.
1510 4541 1580 4592 Sicut
1598 4543 1665 4596 enin

307 4619 382 4669 supra
399 4612 490 4656 terram
508 4615 566 4658 sant
584 4616 688 4669 mantes,
708 4610 745 4660 ita
762 4610 830 4660 haud
848 4610 921 4661 dubie
939 4613 965 4661 in
983 4619 1051 4663 terra
1069 4611 1191 4664 cavernae
1210 4613 1384 4677 amplissimae,
1403 4615 1474 4679 qnasi
1493 4621 1580 4669 antra,
1597 4629 1664 4680 quae

308 4677 482 4727 combustibilis
495 4681 609 4740 materia,
628 4682 667 4731 rel
684 4681 780 4746 liquida
798 4682 946 4741 substatia,
965 4684 1004 4733 rei
1022 4685 1102 4734 simile
1120 4684 1178 4749 qaid
1196 4685 1290 4748 impiet

395 4749 599 4830 Keplerus:
638 4753 674 4814 ad
703 4753 837 4832 prolixas
866 4755 935 4816 illas
965 4756 990 4816 l.
1015 4756 1103 4817 Febr.
1130 4758 1228 4818 datas.
1268 4756 1398 4834 Tempus
1429 4765 1528 4818 terrae
1563 4762 1665 4818 motas

308 4838 429 4915 quaeris
444 4838 554 4899 rectius
569 4860 607 4903 ex
621 4841 818 4903 relationibus
833 4842 995 4906 historicis.
1024 4845 1155 4907 Videtur
1173 4842 1222 4909 15.
1239 4844 1324 4924 Sept.
1341 4845 1433 4907 fuisse
1449 4864 1526 4906 anno
1546 4840 1640 4907 ttat.

396 4925 515 5006 Negas,
550 4930 661 4992 moveri
684 4937 797 4993 terram
821 4937 969 5007 iestram,
1004 4933 1163 4996 coufirmat
1190 4941 1221 4996 te
1246 4932 1337 4999 Cora.
1363 4933 1501 4997 Gemma.
1546 4933 1664 4998 Exem-
