3609 5634
261 374 327 441 222
861 375 1025 425 Promea

262 553 340 596 anno
368 531 412 599 94
445 533 614 612 dimiserat,
648 554 799 617 uunquam
829 542 893 595 tam
924 534 1105 613 exquisitam
1132 533 1205 594 mihi
1234 533 1521 597 commendationem
1548 534 1628 614 (222

187 614 197 639 '
262 636 371 697 2222222,
397 623 467 683 dom
490 626 603 699 vixero,
628 625 752 686 interior
774 626 841 697 ero)
865 622 1093 703 impertivisset.
1131 623 1239 702 ltaque
1262 623 1320 685 1222
1343 642 1400 703 ego
1424 623 1523 704 specie
1547 623 1626 685 doc-

262 712 359 774 trinae
387 712 416 774 in
445 715 633 791 praeclaram
663 712 831 793 opinionem
855 713 892 774 de
921 712 999 787 Urso
1023 719 1143 774 erectus
1166 712 1259 774 incidi
1281 722 1392 791 postea
1422 712 1452 774 in
1478 713 1626 793 quosdam

262 821 301 862 ex
324 800 481 871 nobilitate
501 803 657 885 Styriaca,
686 803 902 863 matbematum
927 809 1082 876 amantes,
1112 800 1219 880 quibus
1243 802 1321 881 quod
1345 810 1429 863 esset
1451 802 1628 863 necessaria

262 889 388 951 subinde
418 909 503 954 mora
530 893 560 954 in
584 893 655 954 aula
678 889 839 962 Caesaris,
872 890 943 953 Ursi
963 889 1078 972 ,notitia
1100 898 1176 952 erat.
1224 890 1273 952 Illi
1296 890 1425 954 hominis
1447 890 1625 969 praedicare

261 978 422 1057 ingenium,
446 980 580 1056 iuventa
605 980 722 1043 12222221
745 999 802 1053 me,
828 988 862 1040 ut
884 979 1037 1040 anniterer
1057 966 1089 1039 in
1113 978 1180 1056 ejus
1197 979 1435 1042 familiaritatem
1455 980 1624 1058 pervenire,

262 1067 397 1149 polliceri
420 1088 506 1131 suam
531 1088 663 1150 operam.
711 1067 773 1130 Sed
798 1068 964 1143 Diogenem
989 1068 1158 1147 quempiam
1188 1068 1261 1129 mihi
1284 1068 1498 1131 describebant
1520 1068 1624 1149 aliqui,

262 1156 309 1217 cui
333 1156 390 1218 nisi
415 1166 468 1220 aut
497 1159 601 1221 lubeat
624 1167 677 1221 aut
700 1177 767 1220 cum
790 1157 984 1237 improbitate
1007 1156 1111 1236 211222
1134 1157 1307 1237 extorqueri
1330 1158 1401 1220 nihil
1425 1157 1533 1238 possit.
1568 1157 1626 1219 His

263 1264 320 1325 ego
350 1246 387 1307 de
416 1248 517 1310 causis
549 1249 673 1309 inventa
699 1248 789 1327 paulo
817 1256 888 1325 post
917 1245 1124 1326 speculatione
1152 1264 1234 1322 mea,
1263 1266 1329 1308 cnm
1359 1265 1419 1308 uon
1443 1257 1526 1307 esset
1552 1246 1626 1307 2221121

264 1335 391 1396 vicinior
414 1337 655 1412 mathematicus,
681 1337 718 1398 ad
738 1355 825 1416 quern
848 1334 1031 1397 commodius
1055 1335 1227 1410 scriberem,
1252 1337 1291 1397 ad
1310 1336 1499 1398 scribendum
1513 1336 1626 1416 impul-

263 1444 329 1499 sus,
366 1425 490 1487 formam
514 1427 612 1505 ipsam
633 1425 745 1505 partim
769 1426 807 1486 ad
830 1424 961 1486 hominis
984 1433 1124 1486 naturam
1156 1443 1233 1503 quae
1253 1426 1420 1500 ferebatur,
1448 1425 1559 1504 partim
1583 1424 1624 1486 ad

263 1533 331 1581 eas.
364 1532 440 1593 quas
470 1523 534 1577 turn
565 1517 642 1577 sorte
668 1513 791 1576 lcrtuito
824 1513 980 1592 legebam,
1016 1512 1245 1574 efficacissimae
1274 1513 1434 1576 brevitatis
1467 1512 1624 1593 epistolas,

264 1602 410 1664 dissoluto
434 1604 464 1664 in
488 1620 629 1685 pompam
654 1603 754 1664 animo
784 1622 822 1663 ex
845 1602 962 1664 receuti
985 1600 1166 1663 inventionis
1190 1621 1275 1663 meae
1299 1621 1419 1675 amore,
1453 1621 1622 1665 accommo-

264 1691 343 1767 davi,
367 1711 489 1754 securus
513 1694 550 1754 de
573 1694 631 1754 1222
654 1700 776 1754 eventu.
824 1689 892 1761 Quo
916 1691 1003 1751 modo
1027 1691 1054 1751 si
1077 1689 1148 1769 qnid
1171 1690 1244 1753 mihi
1267 1691 1380 1753 excidit
1401 1692 1492 1771 paulo
1515 1694 1623 1771 majus,

263 1799 353 1861 quarn
376 1780 413 1841 de
436 1781 502 1861 ipso
527 1800 692 1857 senseram,
716 1782 746 1842 iu
770 1780 900 1860 gratiam
925 1779 1114 1842 laudatorum
1137 1779 1232 1861 ipsius
1256 1780 1370 1841 etmel
1395 1780 1488 1860 ipsius
1511 1799 1622 1856 amore,

265 1877 363 1931 toturn
386 1870 417 1930 id
436 1871 581 1950 juvenilis
604 1869 786 1933 temeritatis
804 1876 863 1944 est,
887 1888 943 1930 nec
966 1869 1056 1931 aliter
1078 1887 1198 1945 excuso,
1223 1868 1383 1931 dummodo
1407 1870 1529 1933 sceleris
1553 1889 1624 1930 sus-

262 1958 411 2039 picionem
443 1960 590 2023 aboleam.
637 1959 686 2020 Ex
709 1959 763 2034 iis,
789 1976 865 2037 quae
890 1957 969 2031 dixi,
995 1957 1080 2019 vides
1102 1957 1240 2037 primurn,
1267 1976 1315 2018 me
1338 1958 1418 2020 bona
1440 1959 1626 2020 conscientia

268 2048 437 2127 ,21221222ιι
462 2049 520 2129 ipsi
540 2048 692 2124 tribuisse,
718 2067 777 2128 qua
791 2045 948 2109 videbatur
962 2066 1089 2126 regnare
1103 2051 1132 2109 in
1157 2046 1227 2107 aula
1242 2044 1385 2108 Caesaris
1410 2056 1441 2109 et
1462 2049 1541 2129 apud
1557 2067 1626 2109 ma-

263 2138 462 2211 thematicos,
487 2156 560 2219 quos
585 2139 614 2198 in
640 2138 743 2199 libello
758 2154 812 2197 suo
828 2134 1047 2217 alloquebatur.
1097 2135 1376 2211 „illustrissimam“
1393 2145 1493 2199 autem
1508 2155 1560 2199 cur
1575 2137 1624 2198 di-

263 2226 373 2299 xerim,
403 2245 527 2287 causam
556 2246 614 2287 222
639 2226 776 2306 reperio,
811 2225 868 2286 nisi
897 2226 975 2304 quod
1005 2225 1139 2286 illustres
1168 2224 1263 2286 nostri
1292 2244 1358 2286 eum
1385 2226 1563 2305 praedicant
1594 2235 1627 2286 et

191 2374 195 2381 ,
267 2314 495 2376 illustrissimus
518 2315 694 2395 praedicare
719 2314 854 2386 videtur,
878 2314 948 2375 2222
972 2313 1089 2375 eumin
1114 2313 1184 2374 2212
1203 2312 1307 2387 habet,
1339 2321 1372 2376 et
1394 2314 1471 2395 quod
1494 2333 1624 2395 pompo-

265 2422 330 2464 sum
350 2403 500 2483 ingenium
525 2404 616 2466 facile
640 2422 772 2465 muscam
796 2404 997 2483 conspicatur,
1022 2422 1058 2463 ex
1074 2422 1133 2482 222
1157 2403 1251 2464 122122
1265 2404 1466 2482 elephantum.
1509 2404 1625 2465 Eodem

264 2493 362 2553 221222
386 2499 418 2553 22
441 2492 481 2569 12,
507 2493 585 2572 2222
609 2512 674 2553 curn
698 2500 855 2553 constaret
877 2492 915 2553 22
939 2491 1097 2572 aliquibus,
1123 2491 1185 2552 dixi
1210 2492 1252 2565 (si
1269 2492 1357 2553 modo
1372 2492 1450 2566 dixi)
1474 2493 1512 2554 ab
1527 2494 1625 2554 omni-

263 2581 319 2642 bus
355 2580 452 2643 doctis
484 2583 581 2661 ipsum
614 2581 795 2661 magnifieri;
830 2589 913 2644 certe
946 2582 1024 2643 22122
1056 2580 1252 2642 Maestlinum
1285 2588 1317 2641 et
1344 2581 1515 2662 Tychonem
1546 2583 1627 2643 inter

264 2670 369 2730 doctos
402 2670 562 2745 habebam,
597 2690 671 2750 quos
704 2669 837 2730 sciebam
863 2682 924 2731 ’222
960 2669 1119 2732 admodum
1151 2671 1306 2749 praeclare
1335 2671 1372 2730 de
1405 2670 1471 2750 ipso
1499 2671 1623 2733 sentire.

265 2756 352 2827 Quod
377 2767 478 2820 autem
503 2759 593 2820 etiarn
617 2760 705 2839 plura
734 2760 763 2820 in
788 2758 865 2820 hunc
889 2760 1009 2821 modum
1034 2760 1258 2821 declamaturus
1282 2759 1421 2834 fuissem,
1455 2760 1481 2821 si
1504 2768 1631 2841 tempus

264 2846 394 2921 tulisset,
420 2848 449 2908 id
474 2867 532 2908 nou
556 2848 676 2909 memini
696 2868 743 2909 me
766 2848 912 2928 polliceri.
959 2848 1023 2908 Irno
1048 2849 1102 2909 illa
1126 2848 1162 2909 de
1187 2848 1366 2928 garrulitate
1390 2848 1491 2910 aliena
1514 2870 1533 2910 a
1554 2868 1624 2911 ma-

264 2936 437 2998 thematicis
461 2938 642 3017 protestatio
672 2955 729 2998 non
762 2938 845 2998 facta
868 2947 916 2999 est
939 2937 1176 3019 adqexcusanda
1199 2938 1292 2999 etiam
1319 2939 1406 3016 plura
1433 2937 1622 3016 hujusmodi:

264 3025 318 3086 sed
332 3026 441 3105 ,potius
466 3027 504 3087 ad
528 3025 705 3105 corrigenda
728 3026 836 3106 priora.
884 3024 973 3096 Quod
997 3027 1023 3088 si
1046 3044 1118 3087 vero
1148 3045 1217 3089 22222
1239 3034 1310 3086 sunt
1328 3028 1427 3088 omnia
1451 3036 1483 3089 et
1504 3026 1626 3106 singula

264 3113 327 3174 ista
349 3114 452 3189 verba,
481 3115 580 3194 „quod
603 3114 835 3176 mathematicos
859 3114 946 3194 hujus
969 3114 1036 3176 aevi
1059 3123 1177 3177 tautum
1191 3114 1457 3194 praecedatunus,
1482 3123 1626 3195 quantum

265 3200 434 3263 Phoebeius
451 3201 532 3263 orbis
547 3203 662 3264 minuta
677 3203 817 3264 sidera“:
843 3222 891 3264 me
917 3201 1056 3264 Christe!
1081 3222 1220 3283 magnam
1243 3205 1381 3284 injuriam
1405 3205 1509 3265 multis
1532 3223 1624 3285 prae-

265 3290 441 3352 clarissimis
464 3290 537 3351 21212
566 3298 656 3370 22222
681 3291 756 3351 2222
784 3292 842 3353 mei
870 3291 967 3371 ipsius
990 3293 1192 3355 conscientiae
1225 3294 1396 3374 imprudens
1430 3294 1497 3355 1221.
1546 3294 1625 3355 11122

207 3386 213 3397 ”
263 3379 420 3441 2221221222
444 3379 544 3441 212222
566 3397 703 3459 possum,
729 3399 878 3459 nunquam
902 3400 949 3443 me
973 3382 1032 3443 2112
1057 3383 1145 3444 modo
1169 3383 1258 3455 serio,
1287 3402 1341 3462 per
1365 3383 1469 3457 lusum,
1495 3382 1623 3461 publice,
1714 3396 1726 3415 ·

264 3467 483 3548 privatim,‘iu
518 3487 556 3557 22
580 3487 617 3529 22
648 3488 686 3531 ex
714 3468 829 3543 animo,
864 3470 1015 3531 volentem
1039 3479 1071 3532 et
1097 3472 1274 3549 prudentem
1304 3472 1360 3533 hoc
1379 3471 1508 3547 dixisse,
1545 3472 1623 3553 quod

263 3556 521 3636 Regiomcntano,
546 3556 727 3637 Copernico,
752 3558 891 3634 Rhetico,
917 3558 1101 3633 Reinholdo,
1127 3560 1277 3643 Tychoui,
1301 3561 1487 3635 Maestlino,
1511 3561 1623 3623 ceteris

263 3665 339 3707 unus
363 3647 459 3710 Ursus
491 3648 706 3726 praeferendus
730 3647 781 3710 sit.
827 3649 988 3729 Nunquam
1021 3649 1119 3724 sensi,
1152 3669 1301 3731 nunquam
1332 3651 1486 3731 praesenti
1521 3651 1623 3711 auimo

264 3734 381 3815 scripsi,
405 3755 552 3816 nunquam
577 3744 640 3797 tam
664 3737 847 3817 flagitiosam
870 3737 1072 3800 adulationem
1095 3739 1230 3817 probavi.
1278 3737 1367 3809 Quod
1391 3739 1417 3800 si
1437 3739 1532 3802 verba
1555 3758 1624 3800 mea
1650 3758 1655 3767 ·

264 3824 392 3903 genuina
414 3826 477 3886 tale
496 3826 566 3905 quid
589 3834 708 3899 sonant,
733 3827 811 3907 quod
834 3825 948 3898 nescio,
972 3846 1060 3889 casus
1084 3829 1113 3888 iu
1133 3829 1223 3907 culpa
1245 3838 1293 3890 est
1315 3848 1440 3908 meaque
1456 3829 1622 3903 festinatio,

264 3922 296 3975 et
319 3914 397 3992 quod
427 3914 496 3994 quid
521 3914 694 3993 scripserim
725 3935 782 3976 uon
808 3916 911 3996 relegi.
958 3916 1130 3991 Poeticum,
1154 3924 1189 3978 ut
1212 3917 1312 3992 vides,
1347 3925 1443 3979 totum
1467 3918 1626 3980 1222222

265 4020 302 4062 ex
325 4008 418 4082 poeta
441 4002 618 4078 desumtum,
645 4009 676 4064 et
698 4005 818 4083 poetico
843 4005 951 4084 spiritu
976 4005 1103 4067 dictum:
1128 4007 1207 4086 quod
1230 4024 1287 4067 non
1312 4014 1432 4067 tantum
1451 4009 1518 4087 jam
1542 4007 1621 4082 uolo,

198 4163 211 4173 ,
265 4091 318 4151 222
342 4098 374 4152 22
396 4099 468 4165 tum,
493 4110 560 4152 cum
584 4091 705 4171 scripsi,
730 4094 867 4154 nolebam
892 4094 1035 4155 aliorsum
1053 4093 1133 4174 rapi,
1162 4095 1303 4157 uolebam
1328 4095 1419 4157 aliam
1443 4114 1625 4176 repraesen-

264 4179 323 4241 tari
343 4180 541 4255 seutentiam,
566 4200 654 4260 quam
680 4182 758 4261 quod
782 4183 948 4244 antecellat
972 4183 1090 4262 vulgus,
1115 4184 1239 4263 vulgus,
1264 4185 1402 4264 inquam,
1426 4185 1624 4247 matbemati-

264 4287 378 4345 corum,
403 4270 482 4351 qncd
506 4277 537 4330 et
569 4269 727 4331 credebam
761 4277 792 4331 et
815 4271 891 4332 citra
923 4272 1115 4351 praecipuam
1144 4273 1271 4352 gloriam
1300 4273 1362 4336 lieri
1395 4283 1508 4353 potest.
1555 4275 1624 4336 Nou
1665 4319 1669 4323 -

264 4365 449 4435 protestarer
472 4365 561 4420 tauta
584 4359 811 4421 asseveratione
834 4368 941 4422 contra
963 4361 1127 4422 manifesta
1145 4362 1238 4423 verba
1262 4363 1411 4437 (simodo
1435 4364 1512 4426 talia
1526 4364 1623 4437 sunt),

264 4445 322 4506 nisi
352 4446 381 4506 in
406 4447 473 4526 ipsa
503 4447 557 4508 1112
580 4447 710 4526 epistola
733 4449 942 4511 documentum
971 4449 1131 4512 maximum
1156 4459 1276 4513 extaret
1303 4470 1389 4513 meae
1422 4453 1623 4527 innocentiae,

265 4532 301 4593 de
326 4552 383 4613 quo
407 4553 507 4614 supra.
554 4536 634 4598 Nam
658 4537 732 4610 etsi,
766 4538 872 4619 quibus
894 4538 997 4600 verbis
1021 4539 1170 4620 Tychouis
1194 4540 1376 4602 mentionem
1404 4541 1540 4617 fecerim,
1568 4560 1624 4603 ne-

265 4621 337 4696 scio,
364 4623 472 4684 iecisse
495 4633 597 4685 taruen
621 4626 699 4687 scio:
724 4634 756 4687 et
779 4627 926 4706 ejusmodi
950 4626 1131 4689 mentionem
1157 4629 1277 4709 quidem
1301 4638 1391 4709 atque
1415 4650 1453 4692 ex
1477 4630 1624 4710 ejusmodi

265 4710 404 4787 opinione
427 4714 608 4792 prolectam,
634 4733 710 4795 quae
734 4717 840 4778 merito
864 4717 975 4779 Ursum
998 4725 1132 4797 pungat,
1166 4718 1191 4779 21
1216 4738 1281 4779 eum
1304 4727 1367 4780 tam
1392 4719 1520 4781 feliciter
1543 4719 1623 4781 21211-

265 4798 330 4859 lant
354 4798 428 4861 haec
451 4802 497 4862 sui
520 4802 614 4880 ipsius
638 4804 748 4882 elogia.
795 4803 857 4866 Sed
881 4813 980 4878 caute,
1012 4813 1047 4866 nt
1069 4806 1169 4880 vides,
1187 4808 1316 4888 posthac
1340 4808 1530 4870 scribendum
1554 4808 1622 4870 erit.

265 4886 352 4949 Adeo
375 4907 523 4969 nunquam
554 4909 611 4952 nou
636 4891 770 4954 salutare
795 4892 948 4975 quippiam
979 4894 1040 4957 ursi
1068 4894 1098 4956 in
1129 4915 1231 4959 aurem
1260 4897 1474 4961 insusurrando
1501 4897 1622 4979 praeei-
