3609 5634
295 343 362 408 223
648 382 652 387 .
895 339 1058 391 1155551515.

295 504 428 568 inscripta:
456 502 593 565 Responsio
612 499 646 549 D.
659 498 776 549 Duucsni
794 498 827 548 51
846 497 984 551 calumnias
1004 497 1123 555 Gramen.
1141 497 1338 561 mlsss'syohoui
1356 513 1422 549 511115
1443 495 1513 551 1000
1530 510 1584 550 una
1602 510 1668 548 511

312 590 339 624 15
370 580 487 623 ammate.

296 591 312 638 p
340 591 470 694 grSumma
486 643 559 705 hujus
578 640 740 704 responsionis
758 639 822 705 haec
842 646 893 689 est:
913 639 950 688 Ex
968 638 1092 702 Tychonis
1109 638 1187 689 literis
1206 654 1272 689 auno
1291 636 1430 690 515111
1448 640 1547 704 propria
1566 639 1603 689 51
1622 652 1668 687 me

296 717 392 778 scriptis
411 721 528 777 apparet,
548 711 691 773 Tychouem
709 710 776 759 illam
794 709 941 773 hypothesin
960 710 1019 759 mihi
1038 725 1086 758 nou
1106 712 1317 768 communicasse,
1343 726 1426 761 rerum
1443 726 1484 760 me
1501 725 1558 759 meo
1576 709 1668 759 115115

296 788 427 843 151551555,
448 791 486 840 51,
506 791 535 831 51
553 784 604 845 ipse
623 782 769 843 confitetur,
786 787 894 831 mentem
914 795 984 830 suam
1003 782 1126 829 imitatum
1144 781 1228 830 inisse.
1267 782 1395 831 Excitasse
1414 790 1499 831 autem
1518 780 1551 830 ad
1569 794 1667 831 nomn

296 858 404 920 ailquam
422 854 569 917 hypothesin
588 851 778 917 excogitandam
797 867 847 903 uon
870 851 1007 908 dissimulo,
1034 851 1184 901 documenta
1209 859 1235 901 et
1257 854 1379 902 rationem
1402 852 1479 901 ullam
1497 853 1572 901 istam
1590 852 1666 900 inre·

295 928 378 977 uiendi
404 926 599 974 communicasse
625 939 698 988 nego.
735 922 898 971 Nihilominus
924 922 990 972 hauc
1009 922 1114 987 gloriam
1131 922 1192 972 mihi
1209 937 1335 988 uunquam
1357 923 1448 984 tribui,
1472 922 1518 973 551
1536 921 1667 985 Tychoni.

296 1013 344 1047 nou
363 996 523 1060 hypothesin,
542 1002 571 1043 ut
588 995 673 1043 scribit
692 986 837 1048 Cramerus,
857 993 1043 1050 Liddeliauam,
1063 992 1107 1043 sed
1126 993 1312 1054 Tychouiausm
1335 995 1448 1043 omnibus
1466 994 1528 1043 meis
1545 991 1665 1055 praelat·

295 1068 401 1116 tionibus
420 1068 513 1115 vocari.
552 1064 609 1114 1155
628 1067 721 1129 ignoro,
741 1064 843 1128 aliquos,
863 1064 977 1128 perlectis
995 1064 1043 1112 illis
1062 1064 1171 1126 epistolis
1189 1071 1216 1114 et
1233 1064 1349 1122 theoriis,
1368 1064 1422 1127 plus
1441 1079 1515 1129 quam
1533 1078 1581 1129 ego
1598 1062 1667 1111 1111111

295 1139 422 1191 tribuisse,
447 1136 512 1201 quod
536 1136 582 1184 illis
606 1136 709 1185 libemm
733 1136 792 1191 tuit,
817 1136 910 1185 necin
927 1149 986 1184 mea
1002 1140 1134 1199 potestate.
1174 1137 1208 1184 111
1225 1137 1252 1185 15
1269 1135 1476 1199 praelectionibus
1494 1135 1600 1198 publicis
1619 1146 1666 1181 me

295 1209 400 1265 dixisse,
419 1207 487 1256 illam
504 1207 653 1270 hypothesin
673 1206 814 1267 Tychonem
833 1206 890 1254 mihi
911 1207 1015 1261 debere,
1035 1220 1075 1255 me
1093 1207 1197 1268 primum
1216 1208 1238 1256 ei
1257 1208 1466 1261 communicasse.
1487 1212 1512 1255 et
1531 1204 1666 1255 Liddelia·

295 1295 353 1329 nam
372 1276 483 1333 locasse,
501 1278 631 1341 impudens
649 1277 806 1326 mendacium
825 1274 863 1327 551
876 1276 987 1326 Crameri
999 1276 1150 1341 aliommque
1165 1276 1342 1333 cavillatorum,
1363 1277 1393 1326 de
1412 1278 1500 1341 quibus
1518 1277 1556 1326 ita
1574 1289 1665 1340 agam,

294 1358 322 1401 51
339 1350 452 1399 omnibus
471 1355 567 1413 pateat,
586 1364 626 1397 me
645 1348 728 1397 151555
746 1362 819 1397 51555
836 1347 1006 1413 negligentem
1025 1362 1075 1396 nou
1094 1363 1156 1398 esse.
1192 1346 1249 1397 Nou
1268 1355 1352 1398 autem
1370 1348 1486 1397 imitabor
1505 1347 1666 1403 Crassorum,

294 1437 341 1471 uec
359 1423 471 1473 convitiis
489 1420 620 1485 pugnabo,
641 1426 680 1479 et,
707 1424 827 1483 quantum
845 1418 897 1468 fieri
916 1425 1013 1483 potest,
1033 1417 1145 1481 Tychoui
1163 1433 1282 1483 parcam,
1308 1420 1405 1469 etiamsi
1423 1419 1464 1469 ille
1482 1418 1542 1468 151111
1561 1416 1604 1480 (51
1621 1418 1664 1465 in·

296 1489 394 1558 telligo)
414 1493 513 1540 minime
532 1498 627 1552 parcat.

364 1562 484 1627 Magini
505 1560 644 1619 „theoriam
666 1559 769 1608 diximus
797 1573 871 1623 supra
894 1575 917 1623 p.
938 1555 987 1614 05,
1017 1560 1083 1610 5515
1101 1560 1211 1622 patebit,
1240 1562 1404 1625 suspicionem
1423 1559 1561 1623 Tychonis,
1590 1557 1664 1606 illum

294 1648 423 1699 arrogasse
442 1634 488 1682 sibi
506 1631 630 1694 Tychouis
655 1629 817 1693 hypotheses,
843 1630 933 1679 ialsam
957 1644 1020 1680 esse.
1057 1630 1097 1680 De
1117 1631 1289 1682 Franciseo
1306 1631 1450 1681 Patricio
1475 1630 1586 1695 pluribus
1606 1629 1664 1693 agit

295 1705 463 1767 Keplerns
482 1704 508 1750 in
526 1701 607 1751 libello
626 1716 670 1749 suo
689 1703 801 1764 sequenti
820 1708 907 1750 contra
920 1700 1025 1757 1115551ς
1044 1700 1084 1749 hic
1096 1701 1232 1750 notandum
1246 1710 1291 1762 est,
1310 1702 1446 1753 Patricium
1465 1699 1529 1763 (nat
1543 1699 1661 1750 Dalmat.

296 1772 373 1829 1530,
391 1769 556 1833 1115151597)
576 1771 754 1835 philosophiam
772 1772 885 1821 docuisse
902 1772 970 1834 prius
982 1771 1110 1829 Ferrarse,
1129 1780 1217 1835 postea
1229 1772 1334 1831 Romae,
1353 1774 1490 1823 innotuisse
1509 1787 1566 1822 cum
1585 1771 1663 1820 editis

295 1846 450 1907 scriptoribus
470 1843 616 1908 quibusdam
634 1842 754 1891 Romanis
780 1850 805 1891 et
825 1842 940 1898 Graecis,
968 1849 1020 1891 tum
1042 1845 1176 1907 praecipue
1201 1859 1274 1908 opere
1293 1846 1425 1908 inscripto:
1453 1843 1525 1893 Nora
1543 1842 1574 1890 de
1594 1840 1659 1890 Uni-

293 1917 369 1965 versis
388 1913 557 1979 philosophia,
575 1914 641 1963 libris
660 1911 694 1962 50
714 1912 904 1975 comprehensa,
924 1915 949 1961 iu
968 1928 1015 1977 quo
1034 1927 1078 1970 ea,
1098 1928 1162 1978 quae
1181 1913 1266 1977 Tycho
1285 1914 1412 1979 increpat,
1433 1912 1602 1978 philosophice
1620 1914 1660 1961 in·

296 1988 382 2054 quirit,
402 2000 483 2049 neque
501 2000 557 2033 sero
577 1999 606 2033 ex
625 1984 732 2046 professo
751 1990 918 2033 astronomum
937 1985 998 2048 agit
1510 1996 1515 2001 ·

366 2056 536 2106 Helisaeus
556 2054 719 2111 Rosliuus,
745 2055 870 2113 15511555,
891 2055 938 2104 5151
956 2070 1005 2104 555
1020 2060 1191 2111 astronomus,
1220 2055 1299 2104 515115
1317 2062 1403 2104 tamen
1426 2070 1482 2104 cum
1504 2053 1660 2118 utrologica

296 2136 348 2176 turn
367 2129 533 2176 astronomica
551 2128 602 2190 egit
620 2126 720 2181 leviora,
740 2140 844 2189 eamque
863 2126 893 2174 ob
913 2139 1015 2175 oausam
1033 2126 1059 2173 iu
1077 2125 1133 2173 lites
1152 2126 1239 2175 incidit
1257 2125 1368 2189 publicas
1387 2141 1443 2175 cum
1455 2125 1573 2188 Keplero,
1593 2138 1660 2191 quas

297 2198 345 2247 alio
363 2198 417 2247 loco
437 2198 558 2246 dicentur.
596 2195 668 2255 Quae
685 2195 734 2245 huc
752 2199 892 2259 pertinent,
911 2196 974 2247 haec
994 2202 1066 2245 sunt:
1093 2195 1225 2246 Roeslinus
1244 2197 1322 2246 edidit
1340 2211 1405 2247 anuo
1428 2193 1600 2246 1597551551
1618 2196 1659 2244 iu·

295 2269 428 2333 scriptum:
455 2266 495 2316 De
515 2267 594 2330 Opere
609 2268 655 2316 Dei
672 2266 803 2323 creatoris,
822 2283 866 2317 seu
885 2267 916 2317 de
929 2266 1023 2316 Mundo
1040 2266 1197 2329 hypotheses.
1225 2266 1254 2316 lu
1272 2267 1320 2317 hoc
1339 2282 1378 2321 ea,
1398 2281 1462 2332 quse
1480 2267 1565 2330 Tycho
1583 2279 1662 2331 supra

296 2339 468 2404 reprehendit,
487 2339 618 2404 leguntur,
645 2337 729 2401 Tycho
748 2353 804 2386 vero
822 2340 875 2402 ipse
894 2337 1003 2387 libellum
1020 2339 1086 2387 huuc
1105 2345 1157 2386 tum
1176 2339 1284 2387 noudum
1301 2341 1456 2402 inspexerat,
1479 2338 1524 2388 sed
1542 2337 1600 2387 Ursi
1617 2352 1658 2388 se·

295 2413 377 2475 quitur
394 2410 477 2469 rerba,
498 2410 539 2474 qui
552 2408 703 2465 Roesliuum,
723 2409 787 2458 sicut
806 2411 881 2459 etiam
896 2409 1026 2473 Magiuusu
1044 2408 1117 2458 simili
1136 2411 1231 2458 ratione
1250 2424 1300 2473 qua
1311 2409 1454 2472 Tychouem
1467 2409 1525 2459 turta·
1543 2415 1659 2459 accusat.

296 2481 428 2531 Roesliuus
446 2481 512 2530 redit
530 2480 563 2529 ad
580 2480 627 2528 hoc
647 2480 783 2529 convicium
801 2480 895 2544 aliquot
914 2481 986 2529 aunis
1004 2487 1074 2544 post,
1094 2482 1118 2528 in
1137 2480 1207 2535 libro,
1225 2495 1297 2544 quem
1315 2482 1453 2543 inscripsit:
1480 2478 1657 2538 Historiseher,

295 2552 442 2602 Politischer
460 2551 511 2601 und
524 2550 737 2599 Astrouomischor
754 2551 906 2600 naturlicher
918 2550 1060 2601 Discors
1079 2566 1125 2599 ron
1140 2550 1254 2616 heutiger
1266 2551 1324 2600 Zeit
1334 2550 1545 2609 Besshaffenheit,
1565 2550 1659 2600 Wesen

296 2623 347 2673 und
366 2622 459 2672 Standt
477 2623 520 2672 der
540 2620 775 2671 Christenheitund
793 2623 839 2672 1115
863 2637 889 2670 55
908 2623 946 2671 155
965 2621 1073 2686 kiluhtig
1091 2622 1116 2671 in
1136 2622 1264 2672 desselben
1288 2621 1395 2688 ergehen
1418 2622 1512 2677 werde,
1538 2636 1585 2671 aus
1604 2623 1659 2670 An-

296 2694 391 2757 leitu'ug
410 2694 468 2741 dero
487 2708 533 2740 rou
560 2707 626 2741 auno
651 2688 720 2740 1500
744 2691 788 2741 551
811 2707 852 2741 am
877 2692 958 2741 hohen
981 2692 1089 2742 Himmel
1113 2693 1289 2742 erschieueneu
1314 2707 1416 2757 grossen
1433 2692 1657 2749 Wunderueicheu,

296 2764 468 2813 souderlichen
487 2763 543 2812 dess
563 2762 694 2812 Cometens
718 2777 784 2811 auno
811 2760 878 2811 1507
903 2778 1051 2828 genommeu
1070 2761 1115 2811 15,
1151 2763 1226 2813 Δ1155
1244 2763 1378 2813 Gelehrteu
1403 2765 1429 2813 iu
1448 2763 1548 2825 allerley
1566 2762 1656 2813 Facul-

296 2841 366 2885 teteu
386 2849 417 2883 su
435 2834 513 2893 lesen,
533 2834 606 2882 sosoi
624 2832 700 2898 lustig
717 2834 769 2882 und
787 2833 905 2894 5111111511,
926 2834 962 2883 515
980 2834 1163 2899 menuiglichen
1180 2850 1223 2883 sur
1235 2835 1365 2899 Warnuug
1376 2834 1426 2884 und
1439 2833 1657 2897 uuffmunsemng.

295 2905 388 2971 gestclt
407 2905 484 2954 durch
500 2904 533 2954 Η.
552 2903 679 2960 Roslin,
700 2903 768 2954 Med
787 2904 820 2954 D.
840 2903 885 2954 15,
915 2904 1061 2969 Strassburg
1080 2902 1157 2953 1509.
1195 2904 1277 2970 Caput
1294 2905 1332 2955 111
1349 2905 1422 2967 hujus
1441 2906 1510 2961 libri,
1528 2904 1656 2968 151155-

296 2977 406 3026 thesibus
425 2977 603 3031 astronomicis,
622 2975 686 3024 haec
703 2975 794 3024 habet:
822 2975 872 3025 Die
890 2990 959 3025 newa
972 2976 1135 3026 fundamenta
1147 2976 1270 3038 Tychonis
1281 2976 1365 3026 Brshe
1378 2977 1409 3027 de
1420 2984 1557 3040 systemate
1569 2975 1657 3025 Mundi

295 3048 410 3113 geliebeu
428 3049 534 3095 5111151
560 3046 607 3095 155
627 3046 695 3094 51155
715 3046 758 3095 des
777 3046 912 3096 Ptolemaei
931 3046 981 3096 551
1000 3046 1048 3096 155
1067 3061 1153 3096 uesieu
1179 3047 1222 3097 des
1242 3046 1382 3111 Gopemicl,
1407 3046 1463 3097 11511
1485 3048 1521 3096 515
1544 3048 1595 3096 sich
1614 3060 1657 3095 am

296 3120 385 3167 besten
402 3119 448 3165 mit
466 3117 509 3165 151
526 3117 634 3181 heiligen
653 3114 745 3165 Schriit
762 3117 811 3165 551
831 3118 875 3167 151
892 3117 1000 3180 Physica
1025 3125 1171 3182 vertrageu,
1197 3118 1248 3167 und
1271 3120 1326 3167 weil
1347 3120 1383 3169 sie
1400 3120 1447 3168 mir
1465 3119 1530 3168 5551
1548 3120 1575 3167 15
1593 3117 1657 3168 Siuu

296 3189 347 3238 und
365 3189 391 3236 in
409 3188 490 3235 meins
510 3187 662 3237 Gedauckeu
682 3186 804 3244 hommes,
825 3188 870 3238 ehe
889 3190 925 3238 sie
943 3191 990 3238 mir
1008 3189 1135 3238 andersvo
1153 3189 1359 3247 heriisrhommen,
1378 3189 1474 3240 solcher
1493 3188 1597 3249 Gestalt,
1617 3187 1656 3237 als

296 3259 337 3308 151
355 3257 476 3320 allnegeu
495 3272 528 3305 au
547 3258 595 3306 den
608 3258 783 3327 Copemicauis
797 3258 965 3308 fundamentis
983 3259 1129 3324 geaweiielt,
1149 3262 1209 3310 aber
1225 3259 1266 3310 ich
1283 3261 1329 3309 mir
1346 3260 1427 3310 selber
1442 3261 1532 3310 daraus
1548 3261 1585 3309 nit
1601 3259 1655 3308 hel·

297 3329 338 3377 155
357 3327 458 3382 155115,
477 3328 558 3391 begab
577 3328 637 3384 sich,
658 3328 715 3376 dass
735 3328 816 3377 Raim.
830 3328 915 3383 Ursus,
935 3344 962 3378 so
981 3345 1054 3379 15151
1071 3331 1119 3392 bey
1137 3330 1254 3393 Tychoue
1271 3330 1353 3381 Brshe
1372 3334 1398 3381 iu
1416 3331 1592 3381 Denuemarch
1610 3344 1655 3394 ge·

297 3413 394 3453 wesen,
419 3400 464 3446 mit
482 3400 562 3447 einem
581 3413 667 3447 551155
687 3397 826 3460 Systemate
851 3415 901 3464 gen
921 3399 1064 3467 Strassburg
1088 3401 1162 3461 1551,
1188 3402 1294 3453 welches
1319 3403 1378 3452 5551
1402 3417 1448 3452 aus
1470 3403 1514 3451 des
1532 3400 1656 3464 Tycbonis

298 3474 433 3531 systemate
452 3484 613 3533 genommeu,
638 3470 690 3518 uud
708 3468 781 3519 alleiu
800 3471 964 3535 umbgekehrt
988 3486 1051 3530 war,
1078 3473 1156 3522 damit
1178 3487 1205 3522 er
1228 3473 1292 3523 auch
1311 3480 1387 3523 etwas
1406 3472 1540 3524 5555111515
1557 3472 1655 3522 11511111·
1751 3478 1754 3483 ’

297 3539 397 3590 brechte
416 3540 467 3588 und
485 3541 566 3589 seines
585 3542 752 3604 praeceptoris
770 3540 869 3592 Sacheu
887 3543 1067 3592 zurirchtriebe.
1104 3542 1207 3595 Solches
1225 3542 1342 3607 Systema
1363 3546 1438 3602 5551,
1463 3544 1518 3594 weil
1542 3558 1568 3593 es
1590 3542 1656 3593 noch

297 3611 344 3661 riel
362 3610 431 3659 mehr
448 3610 501 3659 uud
519 3612 622 3675 grtbere
640 3611 748 3660 absurda
766 3611 817 3661 und
834 3614 990 3677 ungereimbt
1009 3613 1107 3664 Sacheu
1132 3615 1216 3670 hatte,
1243 3616 1310 3665 daun
1329 3615 1473 3679 Coperuici,
1498 3614 1592 3664 155115
1615 3613 1657 3664 ich

298 3681 364 3728 ihme
383 3679 448 3729 noch
465 3682 512 3729 viel
530 3684 638 3746 weniger
656 3682 788 3744 beyiallen.
826 3683 870 3732 lch
888 3684 1036 3747 speculierte
1055 3685 1114 3734 aber
1132 3685 1225 3751 fleissig
1243 3687 1316 3743 drob,
1342 3686 1442 3736 vendet
1460 3687 1499 3735 die
1519 3686 1594 3735 511551
1612 3685 1657 3735 151

300 3750 422 3799 Plaueten
441 3751 550 3807 herumb,
571 3754 619 3801 biss
638 3753 678 3803 ich
696 3754 796 3803 letzlich
813 3754 871 3804 1551
884 3756 930 3803 551
941 3755 1064 3817 Tychonis
1076 3754 1213 3821 Meyuuug,
1232 3758 1283 3806 und
1301 3758 1347 3806 sul
1361 3758 1416 3807 sein
1429 3764 1546 3820 systema,
1566 3756 1657 3806 151555

299 3821 438 3882 Raymarns
457 3822 502 3872 das
522 3824 574 3872 sein
593 3839 740 3889 genommeu
758 3825 810 3875 hat.
849 3825 912 3874 Weil
931 3826 997 3875 daun
1016 3828 1097 3876 meiue
1116 3826 1209 3876 Theses
1231 3828 1349 3891 physicae
1373 3828 1404 3877 de
1427 3843 1501 3892 opere
1518 3827 1568 3877 Dei
1585 3840 1655 3876 crea·

300 3893 383 3946 tionis,
404 3893 444 3941 die
461 3893 599 3943 1515551151
616 3895 738 3959 gedrucht
755 3897 854 3946 worden
874 3892 911 3957 (in
925 3897 1079 3960 praelatione
1093 3898 1152 3947 dicit
1164 3897 1281 3949 Roslinus
1300 3898 1331 3948 de
1349 3899 1386 3948 his
1405 3898 1529 3949 thesibus:
1548 3898 1585 3948 als
1603 3898 1657 3946 ichs

300 3962 355 4010 dem
374 3962 455 4011 Herrn
473 3963 528 4013 155.
549 3963 685 4029 Bongarsio
705 3965 825 4019 51155511,
850 3967 896 4016 hat
919 3967 956 4016 ihr
973 3967 1125 4032 Herrhgheit
1148 3968 1281 4034 dieselbige
1303 3971 1349 4019 mit
1371 3969 1424 4020 sich
1442 3984 1490 4035 geu
1509 3969 1658 4019 l'rauckiurt

299 4047 446 4097 genommeu
465 4035 516 4083 und
534 4034 644 4084 daselbst
662 4037 765 4087 1155155
783 4038 865 4088 lasseu
885 4052 951 4087 anuo
970 4035 1013 4085 97.
1040 4039 1084 4088 155
1102 4054 1155 4090 war
1170 4039 1285 4090 15155151
1302 4042 1328 4088 15
1347 4041 1439 4091 diesem
1457 4041 1538 4091 studio
1555 4041 1656 4104 physico

298 4104 367 4153 nicht
385 4118 450 4168 ganz
469 4105 519 4153 und
538 4119 583 4169 gar
602 4106 740 4164 resolviert,
767 4108 830 4159 doch
854 4108 930 4158 seriel
955 4110 981 4157 iu
999 4111 1106 4159 meinem
1124 4111 1250 4160 Gewisseu
1275 4112 1423 4170 versichert,
1450 4113 1508 4162 dass
1533 4113 1579 4161 mir
1597 4111 1657 4160 Gott

299 4175 397 4224 endlicb
416 4175 506 4224 daraus
524 4176 607 4226 1151155
625 4177 716 4231 511115.
736 4179 782 4228 1115
797 4180 861 4229 auch
874 4179 975 4230 Gottlob
987 4178 1158 4245 geschehen.)‚
1177 4181 1253 4232 achon
1266 4198 1322 4232 zum
1335 4182 1405 4232 Theil
1419 4184 1546 4247 sertertigt
1563 4196 1655 4235 suen.

240 4249 245 4263 ¹
298 4246 347 4294 hab
366 4246 406 4295 ich
424 4247 506 4296 solche
524 4249 550 4296 iu
569 4249 650 4297 5155111
668 4248 778 4306 Ρ55151,
797 4256 863 4299 15511
882 4252 963 4301 515551
981 4251 1072 4301 darauf
1087 4253 1252 4319 gebundeneu
1271 4253 1418 4313 Schreibeu,
1437 4254 1559 4305 dariuuen
1577 4254 1657 4303 dieses

299 4331 345 4364 ron
370 4320 416 4365 mir
440 4317 590 4367 5115515555
615 4318 762 4381 Systematis
781 4320 921 4384 Erhlaruug
942 4322 1096 4386 geschehen,
1122 4338 1155 4373 au
1173 4324 1254 4373 Herru
1277 4324 1436 4375 Moestliuum
1458 4341 1507 4391 geu
1526 4325 1657 4389 Tsibiugeu

301 4387 438 4450 geschicht,
457 4388 511 4437 sein
523 4387 644 4453 Meinuug
657 4390 763 4439 dariiber
781 4407 812 4440 zu
830 4391 986 4442 vemehmeu.
1015 4393 1161 4459 Unterwegs
1180 4396 1240 4445 5551
1253 4396 1348 4447 solches
1360 4396 1457 4446 Pachet
1468 4398 1562 4447 1551551
1579 4402 1658 4461 guteu

301 4456 429 4506 Freuuden
448 4460 529 4508 einem
548 4459 681 4509 Gelehrten
699 4468 771 4510 untur
788 4461 897 4512 Haudeu
915 4463 1045 4522 15151555,
1071 4467 1142 4516 15155
1160 4466 1285 4516 ichauch
1307 4467 1387 4516 daron
1411 4468 1587 4532 geschriebeu,
1614 4465 1658 4515 der

300 4527 404 4578 51511551
424 4529 468 4578 das
486 4529 590 4591 Pachet,
611 4531 663 4580 551
680 4530 765 4580 5511111
782 4533 878 4582 5515155
896 4535 942 4582 1511
960 4536 1066 4585 15515551
1084 4545 1228 4599 systemate,
1248 4538 1334 4589 diesen
1347 4536 1447 4589 Sacheu
1466 4539 1529 4588 auch
1548 4536 1655 4588 11551155-

300 4597 415 4655 15111511,
444 4600 492 4649 155
515 4599 585 4650 Β1151
608 4602 667 4651 aber
692 4601 753 4652 ltsst
777 4618 804 4653 er
821 4604 903 4655 1151111
920 4604 1052 4656 Moestliuo
1077 4608 1231 4659 uuhommeu.
1269 4608 1416 4660 Msestliuus
1440 4611 1593 4667 vermeiute,
1617 4607 1657 4656 ich

300 4667 410 4719 schreibe
429 4669 555 4721 15515155
566 4671 686 4735 Raymari
698 4671 849 4736 Systemate,
868 4682 1001 4727 antvortet
1019 4677 1148 4744 dervegeu
1166 4682 1212 4730 mir
1229 4695 1277 4730 ron
1295 4681 1389 4732 diesem
1406 4680 1458 4731 und
1475 4682 1513 4729 nit
1531 4696 1579 4730 rou
1595 4679 1656 4729 mei·

300 4753 364 4788 nem.
402 4740 435 4789 Er
452 4742 563 4792 echichte
581 4745 628 4792 mir
646 4745 705 4794 aber
722 4746 767 4793 mit
785 4762 816 4795 15
834 4746 958 4810 Tychonis
977 4749 1109 4814 gedruchts
1129 4750 1262 4801 Schreibeu
1281 4767 1336 4801 rom
1356 4752 1475 4802 Cometen
1496 4749 1581 4811 1577,
1599 4750 1655 4800 dar·

300 4809 420 4863 1515551
439 4812 602 4864 5551151555
621 4812 769 4877 systematis
787 4816 908 4885 Meidung
927 4818 994 4879 that,
1021 4820 1164 4871 15551551
1188 4820 1243 4881 ich,
1269 4822 1313 4874 das
1332 4821 1455 4887 Tychouis
1473 4820 1590 4887 Systema
1607 4820 1658 4877 md
