3609 5634
824 349 1095 416 mm

863 648 989 746 Caput
1011 647 1040 720 I.

654 794 747 883 Quid
764 805 807 868 sit
830 804 1011 889 hypothesis
1033 806 1256 901 mmopomim.

364 951 399 1012 In
432 948 636 1029 descriptione
663 946 873 1027 hypothesium
906 946 950 1007 sio
979 945 1111 1025 loquitur
1134 945 1249 1020 tiones
1278 945 1367 1025 quasi
1393 957 1452 1007 aba
1480 945 1524 1006 ed
1552 945 1637 1007 aliad

277 1047 468 1120 comparatae
492 1044 596 1100 essent
617 1036 823 1116 bypotbeses,
847 1048 937 1116 quam
959 1034 999 1095 ad
1023 1034 1116 1095 ludos
1133 1033 1310 1096 horninibus·
1330 1032 1497 1096 rademons
1532 1028 1640 1104 Quam

275 1132 399 1192 adrem
422 1147 481 1190 non
504 1126 585 1189 satis
604 1124 762 1186 verbosum
779 1122 904 1198 invenit,
938 1123 1046 1203 quibus
1070 1140 1160 1203 quem
1180 1122 1245 1184 fieri
1268 1127 1374 1201 potest
1395 1123 1635 1185 mntemtissime

276 1221 313 1282 de
336 1219 392 1280 beo
416 1234 526 1297 genere
547 1213 751 1276 inventionum
774 1214 933 1292 loquatur:
957 1230 1014 1272 neo
1026 1212 1110 1290 prlus
1123 1218 1226 1273 cessat
1238 1211 1406 1273 orationem
1421 1228 1505 1273 susm
1520 1212 1632 1274 distin-

277 1324 378 1387 guere,
403 1304 654 1382 subdistinguens,
680 1319 767 1381 quam
791 1319 825 1361 se
847 1302 945 1380 ipsum
961 1300 1179 1382 quodammodo
1194 1300 1391 1379 superaverit
1436 1300 1641 1363 Nestorem

276 1393 485 1476 hypothesium
508 1400 652 1453 naturam·
668 1389 799 1473 primunr
809 1387 1043 1468 explicabimus3
1067 1396 1176 1467 postea
1194 1389 1278 1450 rarle
1302 1389 1520 1469 impmgentem
1539 1402 1638 1470 semro

275 1485 373 1563 ipsam
396 1481 604 1543 condolentem
617 1479 689 1541 Ursi
712 1478 894 1539 seutentiam
917 1476 1123 1556 particulatim
1145 1477 1364 1556 expendemus:
1389 1494 1427 1537 ns
1441 1478 1516 1557 quid
1524 1486 1632 1553 restet

279 1573 360 1652 qnod
380 1570 538 1650 imperitus
562 1570 659 1629 leotor
680 1568 764 1628 Urso
782 1574 906 1645 propter
922 1565 1040 1645 ingenii
1064 1565 1177 1626 fernam
1201 1565 1315 1627 trustra
1337 1566 1452 1628 credat

366 1661 434 1721 Non
459 1657 565 1719 stetim
588 1674 654 1717 oum
677 1656 746 1734 ipsa
768 1654 845 1716 ooeli
869 1653 1051 1715 obseruandi
1074 1654 1289 1716 consuetudine
1312 1662 1403 1715 nsms
1417 1661 1466 1715 est
1484 1655 1634 1731 motiede,

204 1806 213 1825 ,
277 1757 423 1828 utquam
448 1747 572 1827 quisque
592 1743 838 1823 philosophorum
862 1760 900 1803 er
922 1742 1033 1805 inmite
1056 1742 1132 1804 eoeli
1155 1744 1193 1804 de
1216 1743 1316 1805 mundi
1340 1743 1541 1826 dispositione
1559 1758 1635 1805 eon-

277 1838 412 1916 cepisset
444 1834 627 1914 opinionem,
667 1851 705 1893 es
741 1848 847 1892 nomen
885 1830 1012 1910 aliquod
1043 1831 1170 1893 haberet
1206 1831 1450 1913 hypothesisque·
1474 1832 1634 1894 diceretur.
1712 1894 1718 1905 ,

276 1923 497 2004 Longinquitas
521 1920 665 2000 temporis
687 1920 991 1999 philosophorumque
1015 1920 1181 1993 sueoessio,
1210 1927 1245 1980 ut
1267 1927 1370 1981 cetera
1393 1934 1479 2001 quae}
1492 1938 1634 1983 sonamus

278 2013 427 2075 secundae
450 2009 630 2073 intentionis
642 2008 803 2082 vocabula.
823 2008 867 2069 sie
882 2008 1069 2088 hoe'qnoque
1085 2008 1114 2069 in
1136 2009 1323 2070 astronomia
1337 2009 1497 2071 stabilivit
1533 2010 1636 2072 Prlms

276 2101 360 2163 eoois
392 2100 548 2179 usurpatio
581 2097 637 2159 tuit
669 2097 748 2176 apud
776 2104 1027 2175 geometras
1060 2094 1115 2177 prii
1142 2105 1213 2158 ante
1242 2105 1346 2158 natum
1378 2096 1507 2176 logicam
1533 2099 1641 2181 phane

278 2190 402 2269 sophiae
429 2196 571 2268 purtem.
599 2185 729 2247 natuoali
759 2185 870 2246 ments
900 2185 1016 2246 lumine
1034 2184 1307 2248 demonstrationes
1335 2204 1408 2247 suas
1436 2186 1637 2266 geometricas

277 2292 345 2339 eum
368 2277 483 2338 vellent
505 2274 661 2354 expedire,
691 2273 774 2334 soliti
798 2281 869 2334 sunt
891 2293 910 2334 a
933 2280 1017 2334 certo
1040 2275 1169 2353 quodam
1192 2274 1279 2336 initio
1304 2274 1469 2336 doctrinam
1493 2276 1634 2355 inelpere.

278 2364 539 2437 Quemadmodum
561 2362 640 2423 enim
662 2361 694 2422 in
712 2362 919 2423 architectura
938 2361 1018 2422 satis
1044 2362 1137 2423 habet
1160 2361 1275 2442 opifex,
1309 2363 1335 2424 sl
1357 2376 1412 2441 pro
1435 2364 1538 2425 luebra
1558 2365 1636 2426 mole

280 2455 385 2516 domus
408 2453 606 2515 mndansnrn
624 2449 708 2512 iuda
727 2457 840 2511 terrem
863 2456 1010 2524 metuat,
1035 2466 1132 2531 neque
1155 2451 1303 2512 sollicitus
1317 2459 1375 2526 eet,
1399 2458 1438 2513 ut
1451 2460 1533 2514 terta
1554 2454 1635 2514 inie-

278 2544 339 2605 rior
361 2543 410 2605 vel
432 2549 504 2604 ruat
529 2540 583 2602 vel
601 2539 632 2599 ia
655 2558 724 2601 sese
751 2539 876 2602 recedat
902 2556 999 2617 usque
1019 2539 1060 2599 ad
1082 2546 1233 2613 oestrum,
1263 2539 1308 2600 ita
1338 2539 1368 2600 ie
1391 2548 1425 2601 re
1453 2543 1637 2621 geometriae

277 2631 366 2712 primi
389 2638 527 2691 auctores
551 2636 608 2690 n‘on
632 2627 678 2688 its
705 2628 807 2689 stolidi
836 2627 973 2701 fuerunt,
1007 2635 1043 2688 ut
1071 2628 1121 2707 qni
1151 2635 1222 2708 post
1244 2627 1342 2689 seduti
1374 2636 1450 2690 suat
1466 2630 1646 2711 Pyrrhonil„

278 2729 313 2782 ut
339 2720 440 2782 omnia
461 2717 576 2779 vellent
604 2715 791 2791 addubitare,
825 2715 898 2777 nibil
927 2714 1076 2793 arripere,
1101 2732 1192 2796 super
1218 2717 1297 2796 quod
1324 2732 1386 2777 ceu
1412 2717 1636 2781 fondamentum

279 2817 394 2871 eertum
422 2815 456 2869 et
482 2805 623 2868 omnibus
646 2805 816 2866 confessum
844 2812 948 2866 oetera
977 2805 1090 2865 vellent
1118 2804 1377 2885 soporaedlfioare.
1424 2803 1512 2876 Quae
1534 2808 1636 2889 meque

278 2907 364 2960 oerta
386 2905 421 2958 et
442 2896 520 2975 apud
536 2893 790 2955 omneslromines
812 2893 1082 2967 confessaessent,
1107 2910 1143 2954 sa
1162 2893 1286 2973 speciali
1308 2892 1436 2955 nomine·
1449 2893 1638 2973 ἀξιωμαιιι

277 2988 462 3058 dictitarent,
488 3002 543 3045 eeu
565 2982 732 3043 sententias
753 2982 896 3056 dicerent,
922 2998 998 3062 quse
1021 2981 1171 3043 haberent
1190 2983 1406 3044 auctoritatem
1428 2985 1509 3063 apud
1523 2998 1635 3047 omnes.

278 3073 440 3144 Quaedam
458 3069 627 3149 hujusmodi
650 3069 871 3149 principiorum.
890 3069 941 3131 sio
959 3078 1051 3131 erant·
1068 3078 1258 3149 comparata,
1282 3079 1316 3132 ot
1340 3072 1481 3151 quamuis
1507 3084 1572 3136 non·
1599 3074 1637 3136 ab

280 3163 417 3225 erunibus
441 3161 645 3232 crederentur,
669 3157 746 3237 ipsis
767 3166 870 3219 tamen
893 3158 1068 3220 aratoribus
1081 3159 1160 3220 satis
1174 3166 1262 3222 eram
1274 3167 1357 3232 nota
1381 3167 1415 3221 ut
1432 3174 1499 3223 non:
1515 3163 1637 3225 debita

277 3258 347 3312 rent
377 3269 415 3310 ee
442 3248 504 3309 alia
530 3246 786 3308 demonstratione
813 3253 906 3307 certa·
922 3253 954 3307 et
976 3262 1057 3309 vere·
1076 3247 1249 3322 ostenderet
1284 3249 1315 3310 id
1344 3258 1445 3311 audem
1467 3257 1507 3312 ut·
1522 3251 1564 3313 ir>
1578 3251 1635 3313 sili

276 3338 442 3417 proposita
464 3335 723 3396 demunstratione
749 3342 937 3413 perstarent,
969 3338 1018 3397 vel
1047 3335 1135 3396 nimis
1164 3337 1285 3416 longum
1317 3345 1385 3399 erat
1416 3338 1548 3401 luterum
1587 3342 1636 3403 eet

278 3422 547 3506 intempestivum„
568 3430 603 3484 nt
626 3423 780 3503 ejusmodi
797 3422 969 3484 sententies
990 3440 1057 3485 cum
1080 3423 1276 3500 atriensem,
1306 3427 1343 3487 de
1367 3425 1476 3506 quibus
1505 3428 1536 3489 in
1559 3442 1635 3509 gent

277 3515 387 3577 metria
409 3533 468 3575 non
492 3511 676 3590 disputatur,
701 3511 829 3573 inrasae
852 3519 885 3572 et
906 3512 1059 3574 confusae
1073 3521 1186 3575 essent.
1232 3513 1299 3575 lias
1317 3514 1460 3576 dixerant
1478 3516 1636 3594 sirpeam,

278 3612 386 3682 utpote
406 3620 482 3682 quae
507 3600 684 3661 adimente
708 3600 767 3661 sibi
789 3601 913 3662 concedi
936 3602 1125 3681 aprineipio
1148 3603 1348 3681 postularent
1394 3603 1460 3665 Hos
1478 3612 1544 3668 tom
1565 3621 1634 3667 ma-

277 3693 363 3753 rime¹
389 3708 445 3752 usu
472 3689 571 3763 venit,
603 3706 670 3750 orm
697 3688 733 3749 in
755 3689 931 3768 figuratione
956 3691 1096 3771 angulum
1126 3690 1177 3751 vel
1209 3690 1318 3752 lineam
1350 3680 1456 3753 talem
1476 3693 1636 3774 designare

278 3779 401 3847 vellent,
425 3777 522 3857 qualis
545 3796 635 3837 manu
658 3778 793 3856 praecise
821 3776 885 3838 fieri
913 3779 1028 3859 nequit
1074 3779 1157 3840 Tuae
1189 3780 1269 3840 enim
1296 3780 1452 3855 dicebant,
1482 3780 1542 3854 ege
1563 3785 1640 3845 talia·

277 3867 326 3929 vel
349 3866 432 3928 talis.
478 3865 538 3926 Est
561 3873 592 3926 et
616 3864 697 3927 aliud
720 3884 828 3944 genus,
853 3884 936 3937 cum,
961 3886 1037 3947 quae
1059 3868 1108 3928 vel
1132 3886 1199 3947 esse
1222 3876 1374 3948 nequeunt
1400 3872 1450 3933 vel
1473 3890 1530 3932 non
1555 3880 1633 3946 sunt,

278 3965 422 4036 tauquam
446 3961 549 4015 essent
572 3961 778 4024 assumuntur,
806 3961 840 4014 ut
862 3955 1118 4018 demonstratione
1141 3955 1270 4035 patefiat
1297 3957 1366 4037 quid
1390 3965 1562 4021 secuturum
1586 3961 1634 4021 fo-

278 4051 334 4118 ret,
360 4043 386 4104 si
409 4042 463 4104 illa
485 4050 597 4104 essent
644 4042 709 4103 Hoc
732 4060 848 4123 quoque
871 4063 966 4123 genus
998 4052 1061 4106 tum
1085 4043 1183 4106 locum
1204 4045 1311 4118 hebet,
1337 4064 1405 4106 oum
1429 4066 1445 4107 e
1469 4050 1635 4127 geometria

278 4131 394 4213 egressi
417 4131 448 4192 in
472 4137 619 4209 cognatas
638 4129 783 4192 scientias
797 4132 1065 4195 demonstrationis
1079 4133 1250 4195 methodum
1269 4135 1464 4197 transfemnt.
1506 4137 1632 4199 Utrum-

278 4240 335 4301 que
359 4238 453 4299 genus
480 4226 513 4281 et
535 4238 611 4301 quae
635 4219 695 4280 alia
718 4219 876 4283 brevitatis
899 4240 993 4284 eausa
1020 4221 1204 4296 intermitto,
1238 4222 1357 4302 quando
1387 4223 1426 4284 ad
1450 4232 1549 4287 aetum
1579 4226 1632 4286 de-

279 4308 506 4371 monstrationis
534 4308 705 4382 veniebant,
733 4304 893 4380 ὑποθισιις
924 4329 978 4372 seu
1005 4309 1227 4391 suppositiones
1251 4310 1462 4390 appellabant,
1495 4322 1632 4395 respectu

279 4397 397 4459 scilieet
420 4396 500 4477 ejus,
525 4397 603 4477 quod
628 4396 836 4460 demonstrare
858 4398 1060 4461 intenderent.
1107 4396 1361 4479 Supponebantur
1394 4402 1474 4464 enim
1500 4410 1574 4465 neta
1605 4410 1636 4464 et

277 4505 366 4565 super
388 4485 450 4548 illis
474 4485 705 4547 exstruebantur
726 4485 878 4565 ignotiora
900 4486 1195 4567 ostendebanturque
1219 4487 1357 4559 discenti.
1614 4560 1617 4566 ¹

366 4573 451 4635 Haec
480 4573 562 4653 origo
585 4573 684 4648 vocis,
718 4574 767 4636 hie
799 4593 872 4636 usus
901 4576 980 4654 apud
1012 4582 1192 4654 geometras.
1239 4574 1354 4639 Statim
1381 4578 1412 4640 in
1442 4577 1633 4657 geometricis

281 4660 384 4741 figuris
407 4669 440 4724 et
462 4661 602 4736 numeris,
626 4679 731 4740 nempe
756 4662 785 4723 in
808 4681 840 4724 re
864 4663 958 4724 totius
977 4672 1103 4726 naturae
1127 4664 1295 4726 clarissima
1317 4665 1468 4745 mentique
1487 4667 1634 4728 humanae

280 4749 409 4811 maxime
433 4757 524 4829 apta,
549 4749 808 4830 deprehenderunt
831 4771 928 4814 rerum
951 4752 1204 4832 contemplatores
1227 4754 1324 4815 lumen
1349 4754 1423 4815 illud
1445 4756 1554 4817 mentis
1577 4774 1634 4817 no·
1708 4832 1712 4837 v

270 4846 376 4914 strae,
410 4839 489 4918 quod
517 4839 685 4900 rectissime
709 4839 828 4919 quidem
850 4839 881 4903 in
911 4840 1029 4922 figuris,
1061 4842 1116 4904 sed
1146 4848 1248 4903 tamen
1277 4842 1369 4905 etiam
1397 4843 1428 4906 in
1451 4843 1520 4905 aliis
1543 4842 1633 4907 rebus
