3609 5634
668 401 699 449 (ι
719 401 790 474 ebes
809 402 970 466 amager.
1436 401 1497 467 351

139 556 215 616 aliis
237 553 334 616 literis
358 556 402 633 (p.
429 550 520 634 339).
567 556 699 619 Videtur
725 577 762 617 ea
790 557 858 637 ipsa
886 576 955 620 esse
979 557 1080 637 regio,
1114 559 1192 619 unde
1224 561 1263 622 ad
1287 579 1341 621 nos
1368 561 1506 639 pervenit

139 652 253 706 ventus
270 643 455 719 ἩΝοιιιιιι,ιι
481 645 529 724 qni
553 664 674 727 semper
697 646 835 726 frigidus.
881 646 964 727 Ergo
989 646 1099 726 aliquis
1122 647 1163 708 ibi
1184 648 1268 710 culus
1293 649 1404 722 mundi,
1427 650 1505 711 unde

139 744 209 794 tam
232 731 335 811 frigidi
358 734 451 794 venti.
497 734 565 794 Non
590 735 683 814 liquet
706 754 760 797 nec
785 735 859 796 libet
883 736 911 795 in
937 755 999 796 rem
1023 745 1215 814 praesentem
1237 739 1350 800 venire.

216 821 400 871 Fabricius:
420 820 447 870 Si
465 821 548 872 cauda
566 829 717 873 cometarum
735 838 752 873 a
770 821 828 873 Sole
847 829 979 881 causatur,
1005 839 1049 876 cur
1066 839 1116 874 nou
1135 831 1162 874 et
1180 825 1253 875 Lana
1272 826 1378 876 caudam
1396 829 1502 890 prolicit,

140 907 201 943 cum
218 908 268 941 uon
288 893 388 942 dubium
405 895 446 949 sit,
464 898 616 943 cometarum
634 908 737 957 corpora
754 909 803 943 non
821 897 902 944 minus
921 895 999 946 densa
1017 910 1082 954 csse,
1102 911 1177 961 quam
1196 896 1304 947 Lunae?

235 965 443 1044 Keplerus:
476 966 523 1025 De
548 965 594 1026 his
624 983 682 1026 non
705 967 794 1048 plura
818 966 918 1027 dicere
946 986 1085 1045 possum,
1120 986 1208 1047 quam
1240 969 1269 1029 in
1295 967 1423 1048 Opticis.
1471 968 1505 1030 Si

141 1069 242 1133 opaca
266 1064 369 1113 essent
392 1072 527 1132 corpora,
553 1061 585 1114 ut
608 1053 705 1128 Luna,
730 1073 789 1116 non
814 1056 995 1134 projicerent
1018 1056 1157 1118 caudam.

216 1160 314 1209 Deinde
331 1159 590 1224 pergithplerus‚
610 1160 642 1210 ad
662 1161 724 1211 alias
737 1161 844 1211 Fabncu
856 1164 1016 1226 quaestiones
1029 1162 1191 1227 respondeus,
1210 1177 1275 1226 quas
1290 1178 1339 1212 ιιι
1332 1177 1390 1247 psus
1402 1175 1503 1227 respon

140 1231 253 1280 sionibus
272 1230 373 1295 Kepleri
391 1232 528 1293 patebunt:

233 1321 280 1381 De
303 1319 422 1381 arcanis
440 1319 711 1400 experimentisque
736 1320 864 1400 propriis
893 1299 1086 1384 commendas
1117 1322 1189 1383 mibi
1214 1322 1381 1384 Ptolemaei
1404 1323 1501 1401 apho-

143 1409 267 1470 rismum
290 1410 320 1469 in
345 1407 575 1487 eradripartito
604 1409 641 1469 de
665 1409 895 1488 coangulatione
920 1410 1064 1471 siderum.
1111 1410 1179 1471 Non
1204 1411 1293 1472 credo
1323 1412 1383 1471 tuis
1408 1430 1502 1490 gene-

143 1498 260 1559 ralibus
285 1497 461 1571 affirmatis3
486 1515 608 1560 recense
633 1498 840 1577 experimenta
863 1518 918 1578 per
940 1508 1055 1576 partes,
1079 1499 1219 1578 opinione
1241 1500 1386 1578 pauciora
1405 1509 1500 1561 erunt.

142 1589 301 1665 Aspectus
328 1587 520 1664 planetarum
549 1587 587 1647 ad
612 1587 719 1649 stellas
746 1594 891 1666 perpetuo
919 1585 1027 1648 infiniti
1051 1596 1137 1661 sunt,
1171 1607 1228 1650 non
1258 1587 1351 1667 igitur
1374 1588 1438 1668 apti
1463 1589 1501 1650 ad

143 1676 327 1754 objectivam
351 1674 587 1737 admonitionem
610 1676 659 1736 vel
684 1675 914 1737 commotionem
938 1675 1118 1737 facultatum
1144 1677 1337 1739 naturalium.

234 1762 296 1826 Cur
319 1763 397 1824 inter
421 1771 563 1843 aspectus
592 1763 619 1824 in
645 1765 725 1825 nullo
743 1783 834 1826 censu
858 1764 920 1825 sint
944 1765 975 1840 ό
989 1768 1025 1840 00,
1052 1771 1083 1825 et
1106 1767 1185 1839 Π)
1213 1775 1245 1828 et
1268 1763 1308 1843 Θ
1341 1765 1402 1826 dixi
1427 1786 1499 1833 cau·

142 1873 210 1914 sam
234 1853 264 1914 in
288 1852 513 1914 Fundamentis.
561 1852 606 1913 Tu
629 1872 699 1914 vero
727 1854 856 1933 paginas
882 1853 987 1915 studes
1017 1854 1141 1933 implere
1169 1877 1339 1934 πιριιργοις.
1386 1851 1501 1915 Eadem

143 1952 248 2003 teneto
273 1942 309 2002 de
334 1941 458 2003 heliacis
483 1941 645 2002 exortibus.
693 1941 806 2003 Eorum
830 1942 875 2003 vis
900 1943 1046 2004 naturalis
1070 1945 1192 2023 propria
1208 1944 1300 2007 nulla.
1348 1939 1428 2005 Sunt
1441 1943 1500 2022 igi·

142 2043 193 2093 tur
216 2031 303 2108 sigua
326 2038 379 2091 aut
403 2039 493 2091 notae
516 2037 683 2109 temporum
707 2050 745 2091 ex
768 2030 893 2091 arbitrio
919 2031 1082 2106 hominum,
1106 2031 1187 2112 ‘quia
1209 2032 1278 2093 aliis
1302 2032 1406 2107 citius,
1431 2032 1501 2093 aliis

143 2119 261 2180 tardius
294 2119 442 2193 oriuntur,
475 2127 564 2198 prout
586 2118 652 2179 risu
677 2121 780 2180 valent
812 2120 957 2182 homines.
1004 2120 1070 2181 Neo
1100 2121 1235 2201 sequitur
1265 2139 1363 2182 rerum
1391 2127 1501 2181 natrrra
1610 2144 1613 2147 ⁴

142 2216 279 2269 nostram
304 2208 386 2268 visus
412 2208 658 2270 imbecillitatem.
706 2207 766 2269 Sed
791 2205 828 2269 de
852 2208 908 2268 hoc
931 2208 961 2269 in
986 2209 1211 2271 Fundamentis.

237 2295 332 2357 Venio
357 2296 396 2358 ad
421 2297 526 2362 literas
550 2292 580 2358 6.
597 2292 682 2367 (lb.)
697 2296 805 2369 Febr,
830 2317 904 2374 quas
928 2296 1056 2375 geminis
1081 2298 1259 2376 expressisti
1277 2295 1499 2374 exemplaribus

143 2387 256 2464 (comp.
282 2384 333 2447 tib.
358 2386 395 2445 de
420 2384 519 2446 Stella
541 2386 660 2458 Nora),
691 2403 814 2464 quorum
839 2386 966 2447 alterurn
992 2386 1028 2444 de
1053 2384 1163 2447 Sobele
1186 2385 1293 2448 nudius
1318 2386 1437 2445 demum
1460 2383 1500 2444 ad

143 2494 190 2536 rue
213 2474 306 2548 misit,
331 2475 460 2535 alterum
479 2474 645 2552 exemplum
669 2492 722 2533 suo
747 2480 880 2552 tempore
905 2481 953 2534 est
976 2474 1135 2535 redditum.

233 2563 299 2642 Ego
332 2562 477 2641 impedior
501 2561 555 2634 (ab
588 2561 879 2636 obserr·ationibus);
912 2562 1071 2624 catarrhus
1100 2581 1146 2624 me
1175 2561 1288 2624 bilosus
1322 2559 1498 2622 hisdiebus

143 2673 162 2713 a
190 2653 215 2713 l.
231 2650 301 2713 Jun.
326 2658 420 2712 tenet.
468 2649 563 2711 Sica
589 2647 638 2712 12.
663 2650 692 2712 in
717 2646 769 2712 22.
794 2651 882 2712 Febr.
909 2650 964 2712 fuit
988 2652 1124 2713 defluxus
1147 2649 1399 2730 interscapilinm,
1424 2648 1497 2710 hra-

142 2741 276 2801 cbiorum
302 2748 414 2801 motum
438 2739 620 2817 impediens;
650 2740 788 2819 utrinque
812 2735 832 2814 li
856 2740 885 2801 iu
911 2758 1020 2801 occasu
1051 2759 1128 2800 meo.
1175 2740 1220 2799 Tu
1244 2739 1268 2798 si
1293 2739 1409 2799 videres
1434 2736 1497 2798 lieri

144 2825 228 2905 0οΘ
254 2835 286 2890 et
308 2824 343 2905 li,
379 2831 408 2903 (s
424 2825 463 2904 Θ
489 2834 521 2888 et
544 2835 582 2900 d,
618 2823 682 2904 005
707 2837 738 2888 et
761 2836 786 2897 (ς
809 2828 838 2888 in
859 2837 910 2889 tuo
931 2835 1035 2889 exortu
1065 2835 1096 2889 et
1126 2846 1249 2899 occasu,
1283 2835 1363 2888 metu
1387 2834 1495 2887 conta·
1528 2869 1530 2873 ι

144 2919 294 2978 msceres.
342 2916 441 2977 Video
456 2936 512 2995 ego
529 2917 668 2977 effectum
692 2924 725 2977 et
747 2916 908 2995 praesciri,
933 2925 967 3003 at
986 2935 1043 2978 non
1060 2917 1173 2991 metui,
1188 2916 1258 2997 quia
1281 2915 1354 2977 nihil
1376 2923 1499 2994 praeter

141 3015 267 3067 naturae
291 3006 428 3079 modum,
454 3005 511 3067 nisi
535 3023 582 3065 me
607 3004 672 3084 ipso
697 3024 816 3067 manum
841 3006 1035 3079 admovente,
1069 3006 1141 3067 mihi
1165 3005 1284 3066 evenire
1307 3022 1398 3083 posse
1422 3003 1496 3066 scio.

144 3095 240 3175 lgitur
271 3102 304 3156 et
335 3112 427 3156 caveo
456 3101 489 3154 et
519 3101 655 3172 tempero
689 3114 707 3155 a
739 3095 916 3173 periculosis
949 3095 1131 3169 actionibus,
1166 3094 1306 3156 libertate
1340 3092 1496 3167 sermonis,

144 3185 297 3264 suspectis
331 3183 544 3262 scriptionibus
573 3183 722 3245 derebus
749 3182 932 3263 principum,
965 3185 1060 3246 donec
1088 3183 1245 3245 transierit
1268 3183 1317 3244 lric
1340 3180 1496 3243 transitus.

133 3271 197 3350 ¹Sin
216 3280 316 3334 autem
340 3291 378 3333 ex
400 3270 456 3332 hoc
479 3270 624 3351 principio
647 3273 819 3350 pulmonum
834 3273 930 3334 erasis
945 3280 977 3334 et
990 3273 1110 3354 phtysis
1124 3305 1167 3315 —
1192 3281 1225 3334 at
1238 3271 1368 3334 materia
1382 3277 1452 3332 ante
1467 3270 1495 3341 in

142 3379 266 3440 corporo
291 3361 357 3434 luit,
383 3378 441 3421 non
466 3379 519 3439 per
543 3360 597 3421 bos
621 3369 763 3440 aspectus
788 3362 844 3423 fuit
859 3362 1040 3436 introducta,
1065 3363 1118 3423 sed
1143 3371 1261 3425 tantum
1277 3360 1387 3434 excita,
1413 3359 1496 3438 potui

145 3450 237 3528 igitur
260 3449 373 3511 meliori
398 3449 501 3510 diaeta
515 3467 707 3528 praecavere
753 3451 875 3512 Excuso
890 3458 990 3525 astra;
1015 3451 1088 3520 scio,
1112 3469 1168 3512 nos
1188 3468 1362 3531 quocunque
1377 3447 1495 3510 vivendi

142 3555 253 3617 genere
277 3538 351 3600 nihil
375 3537 456 3599 aliud
480 3557 569 3618 quam
593 3539 677 3599 mori.

213 3642 377 3692 Fabricius
395 3639 430 3704 (d.
452 3640 493 3691 lb.
513 3639 600 3703 Febt)
628 3642 702 3691 Mitto
726 3643 829 3706 genesin
849 3641 891 3690 filii
910 3641 1081 3705 primogeniti,
1109 3642 1150 3706 qui
1173 3641 1251 3692 llteris
1275 3656 1342 3690 nunc
1364 3640 1493 3690 incumbit.
1545 3691 1548 3696 Δ

142 3713 196 3765 Tuo
211 3714 304 3776 judicio
327 3714 381 3777 plus
399 3716 488 3770 tribuo,
507 3728 580 3777 quam
598 3728 653 3762 meo
674 3738 706 3747 -
725 3712 755 3760 ln
767 3712 852 3768 literis,
872 3712 994 3776 quaehas
1007 3713 1155 3761 subsecutae
1173 3718 1232 3761 suut
1249 3710 1273 3761 d.
1290 3711 1329 3760 ιι.
1343 3712 1416 3776 Apu,
1436 3725 1495 3761 ean·
1577 3737 1580 3741 Δ

143 3786 200 3836 dem
217 3787 362 3849 petitionem
379 3787 414 3835 sic
433 3787 535 3849 repetit:
563 3784 669 3848 Egregie
687 3797 771 3831 meam
788 3784 892 3847 genesin
911 3783 1060 3846 descripsisti
1079 3798 1169 3846 nuper,
1189 3797 1220 3833 ac
1238 3784 1260 3834 si
1278 3782 1336 3831 mihi
1355 3783 1401 3846 ipsi
1419 3784 1497 3846 pictur

141 3858 249 3907 fuissem.
286 3857 324 3905 'Fu
342 3859 367 3905 in
386 3857 435 3905 filio
454 3856 519 3905 idem
538 3869 630 3918 quaeso
649 3861 769 3917 praestes,
789 3854 868 3901 iacies
887 3861 985 3918 gratum
1005 3854 1121 3903 officium.
1158 3854 1212 3919 Ego
1236 3854 1296 3903 mibi
1319 3855 1344 3903 in
1363 3855 1393 3902 iis
1411 3853 1498 3902 studiis

141 3942 229 3992 parum
246 3929 335 3985 tribuo.
356 3936 382 3977 et
399 3942 465 4000 nunc
483 3927 554 3992 quasi
571 3925 653 3974 nullus
672 3939 733 3973 sum.

230 4017 435 4096 Keplerus:
470 4015 539 4076 Filii
563 4013 606 4074 tui
629 4013 753 4092 genesin
779 4032 831 4073 cur
854 4020 998 4086 tractem,
1024 4032 1090 4076 cum
1110 4022 1142 4075 tu
1161 4015 1223 4093 jam
1249 4035 1267 4074 a
1290 4013 1387 4075 tribus
1411 4013 1496 4084 annis

142 4106 240 4168 induci
264 4126 322 4167 non
347 4104 456 4184 possis,
482 4110 516 4165 ut
539 4102 575 4164 de
599 4119 668 4164 mea
690 4102 872 4163 transmissa
895 4102 999 4181 genesi
1014 4103 1157 4182 judicium
1176 4105 1266 4175 ieras,
1290 4110 1428 4162 metuens
1452 4121 1495 4162 sc.

141 4195 188 4269 id,
222 4195 299 4275 quod
324 4214 372 4255 res
397 4201 459 4267 est,
493 4212 529 4252 ne
554 4192 749 4253 irretiam'te
777 4190 807 4252 in
837 4190 1027 4269 dogmatibus
1060 4190 1261 4269 astrologicis.
1309 4188 1372 4251 Sed
1396 4197 1495 4250 tamen

142 4283 340 4364 obsequamur
363 4282 506 4355 nonnihil,
527 4279 613 4360 quasi
637 4287 797 4358 praeterea
820 4279 894 4340 nibil
919 4279 968 4353 sit,
994 4280 1070 4358 quod
1086 4287 1260 4340 tractemus.
1309 4275 1349 4354 Θ
1370 4279 1398 4339 io
1413 4274 1495 4355 Uli,

140 4374 167 4444 b
194 4374 221 4433 in
245 4375 335 4452 Uti,
360 4372 392 4446 ll
413 4372 443 4433 in
467 4369 543 4443 ΔΩ
568 4379 600 4429 et
623 4369 682 4429 imo
707 4368 792 4441 coeli,
817 4376 888 4428 sunt
912 4376 1053 4447 aspectus
1070 4365 1170 4441 validi,
1196 4375 1229 4427 ut
1253 4385 1310 4427 non
1331 4368 1408 4427 rnale
1424 4387 1495 4448 spe·
1532 4425 1536 4430 ,

141 4480 221 4537 rem;
244 4463 295 4524 ille
318 4462 506 4535 industriam,
531 4458 589 4520 iste
614 4457 774 4537 ingenium,
800 4458 854 4517 sed
878 4475 997 4535 vagum,
1022 4456 1070 4517 hic
1093 4456 1221 4535 gratiam
1240 4454 1410 4535 pollicetur.
1452 4457 1496 4519 At

142 4553 212 4613 vero
235 4547 256 4628 b
279 4570 334 4630 per
358 4549 545 4611 latitudinem
569 4555 662 4608 austr.
689 4563 829 4648 magnam
854 4546 882 4606 in
907 4545 992 4624 signo
1021 4543 1263 4605 brevissimarum
1288 4545 1495 4608 ascensionum

142 4648 174 4702 et
200 4659 310 4743 magna
336 4640 396 4719 poli
421 4637 614 4699 inclinatione
638 4635 728 4696 valde
753 4635 868 4696 vicinus
892 4642 941 4694 est
965 4633 1086 4704 orienti,
1112 4640 1145 4694 et
1173 4642 1263 4712 puto,
1274 4634 1384 4712 ·piane
1409 4634 1494 4697 inire.

141 4729 184 4790 Tu
208 4729 311 4809 itaque
335 4728 438 4806 cogita
461 4728 498 4788 de
522 4725 688 4786 directione
715 4725 778 4803 ejus
803 4724 842 4784 ad
866 4722 1021 4784 orientem.
1068 4721 1156 4782 lacit
1184 4722 1232 4783 bic
1255 4722 1332 4785 situs
1356 4722 1495 4803 frigidum

142 4820 169 4879 in
195 4819 294 4898 legum
318 4816 529 4878 observatione
552 4822 584 4875 et
607 4832 706 4875 amore
730 4813 976 4892 propinquomm;
1011 4827 1146 4872 erronem
1171 4807 1280 4886 habes,
1310 4830 1368 4872 non
1393 4813 1493 4875 infeli-

140 4925 215 4970 cem.
263 4908 296 4968 ln
329 4906 553 4992 comparatione
584 4922 652 4966 cum
685 4911 738 4978 tua
767 4901 870 4982 genesi
899 4919 957 4962 nou
986 4890 1216 4966 admodumfui
1245 4900 1428 4976 delectatus,
1461 4911 1495 4965 ut
