3609 5634
150 362 318 434 ,aa
655 314 1142 421 ,νοω-ια’

271 524 1637 596 meduanmmoeopumnmtnm.pubuceatmhypouaueamscnpmnnmootiiaro

271 600 346 651 relies
365 606 391 649 et
407 615 570 667 propugnare,
591 607 684 652 ceruum
702 608 801 659 metuo,
819 599 891 650 utin
910 598 1074 649 dissensiones
1093 606 1120 649 ct
1137 613 1239 661 parrum
1256 613 1295 649 raa
1313 599 1410 657 isthaec
1428 608 1555 663 erumpat:
1582 613 1635 664 quo
1688 612 1693 625 ·

271 686 333 725 cau
350 671 423 721 veiim
441 686 496 738 apa,
514 687 554 723 mc
572 674 633 723 istas
652 673 815 739 cogitaumca
833 677 900 728 tnaa,
919 672 945 720 in
963 685 990 721 se
1008 671 1152 743 quidam‚et
1169 669 1347 721 mathematice
1370 671 1539 721 consideratas
1556 683 1632 734 praa·

272 743 355 795 claras
373 749 400 801 ot
417 744 525 799 nobiles,
551 757 676 808 nunquam
700 744 797 794 ridere
833 741 891 794 Jam
910 742 1001 793 dudum
1019 743 1085 793 enim
1103 742 1127 791 in
1147 741 1254 791 ecclesia
1270 740 1370 792 Domini
1389 742 1444 805 pins
1466 742 1634 792 contentionis

272 822 325 869 cst.
345 828 420 879 quam
437 814 537 865 infirmis
556 815 679 879 expediat.
719 814 768 865 Sed
787 815 870 866 nesclo
888 830 936 879 qno
954 828 994 864 mc
1012 815 1118 878 abripiat
1135 812 1232 877 stylus,
1260 814 1299 863 rel
1321 815 1402 877 potius
1419 812 1543 863 fraternus
1559 827 1634 863 meus

270 887 297 937 lu
314 893 341 937 te
359 900 445 937 amor:
472 888 513 951 qul
537 888 585 936 nisi
602 886 660 936 talla
677 888 703 935 in
720 893 748 936 te
766 892 848 941 amet,
875 886 956 951 qualia
974 892 1027 945 est,
1054 885 1239 936 amoarium
1256 887 1370 936 nimirum
1388 892 1415 936 at
1431 885 1632 939 candidissimus.

271 965 326 1011 tam
343 957 445 1008 liberam
463 959 526 1019 stylo
545 958 671 1008 licentiam
689 972 739 1008 nou
756 958 927 1023 permisissem.
965 956 1015 1008 Sed
1039 957 1079 1008 hic
1103 956 1169 1007 idem
1188 970 1257 1006 amor
1275 957 1323 1008 duo
1342 959 1386 1007 abs
1404 964 1430 1007 te
1447 956 1573 1021 postulat,
1600 962 1634 1007 ut

271 1030 385 1080 nimirum
410 1035 534 1079 smennum
560 1030 630 1079 nobis
657 1043 720 1096 agas
746 1028 950 1079 mathematicam
976 1035 1003 1078 ct
1027 1042 1101 1094 quam
1120 1034 1197 1078 antea
1214 1028 1258 1077 tibi
1276 1028 1476 1079 commendatam
1494 1042 1548 1079 esse
1566 1028 1630 1085 scio,

271 1100 393 1151 ecciesiae
421 1100 625 1163 tranquillitatem
650 1106 794 1152 constanter
820 1101 912 1150 loreas.
950 1099 1026 1150 Hisce
1055 1108 1080 1149 te
1107 1098 1163 1148 Deo
1182 1098 1212 1149 0.
1231 1098 1267 1149 ld,
1294 1115 1346 1150 nna
1369 1114 1425 1150 cum
1450 1105 1505 1149 tota
1522 1099 1633 1150 acclama

272 1171 361 1223 Christi
379 1171 419 1234 pie
438 1172 591 1222 commendo.
627 1171 756 1237 Tnhingaa
775 1170 798 1221 d
819 1169 861 1221 12.
882 1171 971 1236 Aprilis
991 1168 1067 1219 isac.

341 1241 436 1302 Quibus
464 1242 672 1294 exhortationibus
700 1250 780 1294 motus
799 1242 923 1307 Replerus
953 1244 1093 1307 promisisse
1114 1241 1228 1298 ridetur,
1256 1255 1381 1308 uunquam
1398 1256 1426 1291 sa
1444 1242 1580 1292 immiscere
1598 1257 1629 1292 aa

270 1312 332 1365 rahe
350 1314 557 1377 disputadonibua
575 1314 769 1372 acclamastioisc
789 1321 860 1365 extat
878 1315 944 1365 enim
963 1314 1068 1379 epistola
1084 1312 1118 1363 Η.
1140 1310 1176 1373 (d.
1195 1312 1219 1363 d
1239 1309 1265 1362 6.
1284 1316 1350 1380 Aug.
1371 1310 1460 1376 1598),
1477 1314 1502 1362 in
1521 1327 1571 1378 qua
1588 1313 1632 1365 hic
1655 1344 1661 1355 ν

270 1399 361 1450 magno
379 1386 471 1450 gaudio
489 1392 620 1450 acceptam
640 1400 657 1436 a
674 1384 782 1451 Keplero
801 1387 984 1450 promissionem
1002 1385 1092 1443 ralert,
1122 1384 1205 1442 ,ilium
1223 1385 1298 1449 pinnis
1316 1386 1399 1436 faama
1418 1384 1539 1435 acclamas
1559 1392 1630 1435 uan-

269 1456 434 1523 quiliitatem,
462 1472 537 1521 quam
563 1471 719 1524 quoscunque
745 1458 899 1524 ingeniorum
922 1458 1084 1507 nobilissimos
1109 1463 1136 1506 et
1160 1456 1307 1506 ciarissimos
1332 1456 1420 1506 foetus.
1460 1456 1493 1506 Et
1510 1459 1631 1519 quamne,

218 1586 222 1597 Ι
270 1529 358 1593 inquit,
379 1528 410 1578 de
427 1529 534 1579 thesium
551 1532 656 1581 veritate
674 1528 758 1579 adhuc
775 1530 874 1596 quidem
893 1528 1063 1584 dissideamus,
1083 1543 1120 1579 eo.
1139 1528 1205 1592 quod
1222 1534 1325 1593 uterque
1342 1527 1453 1577 nostrum
1470 1528 1520 1576 anis
1538 1527 1631 1579 lunda·

269 1600 359 1650 mentis
376 1600 471 1658 nititur,
490 1602 550 1665 qnia
566 1606 651 1650 tamen
670 1607 767 1665 propter
785 1608 863 1656 tuam,
881 1614 931 1665 qna
949 1601 996 1650 imi
1014 1600 1059 1649 tibi
1077 1599 1174 1659 rideris,
1194 1613 1280 1649 sensus
1292 1598 1479 1656 abundantiam,
1497 1613 1546 1648 non
1559 1601 1630 1663 quic·

163 1708 169 1722 .
268 1685 344 1737 quarn
362 1685 505 1733 succenseo,
523 1672 560 1721 sin
578 1671 654 1722 multo
672 1673 752 1721 minus
770 1678 798 1721 tu
816 1672 874 1721 mihi
891 1673 984 1736 poteris
1002 1671 1135 1737 indignari.
1154 1670 1195 1733 qui
1208 1668 1352 1721 firmioribus
1364 1669 1479 1721 suffultus
1492 1671 1630 1720 redonibus
1728 1726 1735 1733 ,

268 1742 344 1794 iibere
362 1742 489 1800 monuo,
507 1744 605 1793 iuteum
623 1750 708 1794 tamen
726 1742 916 1795 mathematicas
935 1743 1155 1807 contemplationes
1174 1750 1294 1807 perpetua
1312 1741 1476 1794 admiserim
1496 1756 1629 1793 scamma.

270 1812 320 1866 Sed
337 1815 404 1865 rivat
423 1821 448 1865 et
466 1815 552 1881 rigeat
568 1815 691 1865 acclesiae
708 1814 751 1879 pia
768 1822 905 1880 sanctaque
924 1814 1112 1879 nanquillitas.“

339 1883 380 1936 De
391 1885 556 1938 Haienrafferi
572 1886 649 1937 literis
665 1885 729 1937 haec
746 1886 823 1938 relart
839 1886 995 1952 KepIerns
1012 1884 1204 1944 Maestllno,
1223 1884 1373 1938 condndeus
1389 1885 1477 1937 literas
1494 1885 1628 1954 longiores,

270 1971 375 2024 aarum
392 1960 472 2022 major
489 1971 546 2022 pars
565 1958 630 2009 inira
649 1966 780 2025 sequetur:

354 2164 424 2182 ....
440 2118 554 2181 Restat
566 2138 656 2181 unum
671 2120 777 2194 adhuc,
803 2127 837 2182 et
857 2139 933 2201 pene
957 2118 1160 2200 praecipuum.
1194 2114 1262 2188 Quo
1281 2119 1406 2181 consilio
1420 2120 1460 2182 ad
1473 2119 1512 2181 D.
1528 2120 1627 2182 Haie-

185 2230 190 2237 ’
269 2208 407 2271 renerum
430 2209 611 2289 scripserim,
636 2210 726 2272 nosti.
772 2209 953 2289 Respondit,
979 2226 1095 2271 summa
1109 2206 1262 2269 literarum
1276 2207 1351 2269 haec
1365 2217 1433 2271 est:
1457 2208 1628 2272 abstineam

269 2319 288 2359 a
311 2297 462 2359 mentione
487 2317 639 2360 sacrarum
654 2297 808 2361 literarum
823 2297 1002 2378 in‘publicc.
1050 2295 1205 2361 Offensum
1224 2296 1259 2358 iri
1282 2296 1393 2359 mnitos
1415 2297 1526 2361 bonos:
1551 2318 1626 2381 quos

268 2387 347 2450 inter
369 2394 401 2448 et
423 2406 456 2450 se
479 2406 538 2449 non
561 2387 687 2455 obscuro
710 2396 825 2452 censet.
874 2387 1002 2451 Omnino
1025 2389 1145 2451 videtur
1167 2392 1320 2459 metuere,
1349 2406 1386 2448 ne
1409 2387 1540 2450 munitus
1569 2408 1626 2469 ego

269 2476 432 2538 autoritate
459 2476 604 2546 Friderici
630 2478 773 2558 principis
806 2496 859 2557 per
886 2477 947 2540 vim
975 2477 1136 2540 extrudere
1163 2475 1253 2537 veiim
1284 2475 1488 2539 defensionem
1521 2488 1628 2541 cootm

267 2584 421 2628 sacrarum
445 2565 599 2628 literarum
622 2567 818 2648 objectiones,
843 2566 917 2629 dicit
940 2566 1032 2641 enim,
1065 2574 1216 2646 repertum
1239 2564 1293 2639 iri,
1323 2566 1459 2644 quirem
1483 2566 1626 2646 impedire

265 2654 370 2717 velint.
417 2656 539 2718 Interea
557 2656 647 2734 jubet
669 2676 715 2719 me
740 2663 860 2719 strenue
883 2675 1010 2737 pergere
1033 2655 1064 2717 in
1087 2656 1135 2717 his
1158 2653 1390 2736 hypothesibus,
1414 2663 1561 2737 quatenus
1585 2657 1626 2718 ad

269 2744 483 2807 astronomiam
507 2746 631 2809 iaciunt.
677 2745 839 2811 Enimvero
862 2747 942 2826 quod
966 2754 1058 2807 autea
1081 2744 1193 2813 censui,
1213 2743 1278 2823 jam
1292 2743 1497 2825 multomagis
1520 2747 1626 2808 credo:

267 2852 326 2895 non
350 2852 418 2896 csse
442 2833 571 2896 alienum
595 2855 615 2896 a
638 2833 805 2914 Cuperoico
829 2834 990 2909 hominem,
1014 2834 1068 2895 sed
1092 2835 1170 2895 inter
1192 2832 1350 2914 theologos
1373 2843 1491 2897 ceteros
1515 2854 1623 2897 ncces·

269 2921 349 2984 sario
373 2923 515 2984 standum
538 2922 595 3003 ipsi
618 2942 672 3004 pro
696 2924 859 2986 autoritate
884 2926 1069 3004 (utputant)
1094 2922 1270 3000 scripturae.
1316 2922 1446 3002 Ideoque
1469 2942 1553 2986 suam
1568 2942 1624 3004 ge-

267 3011 388 3074 nuinam
411 3013 593 3074 sententiam
615 3012 686 3073 mihi
710 3031 767 3075 non
792 3012 937 3093 explicat.
984 3009 1064 3082 Quid
1088 3012 1232 3091 agemus?
1255 3011 1334 3073 Tota
1349 3013 1532 3075 astronomia
1546 3013 1625 3075 tanti

268 3120 326 3163 nun
341 3108 414 3175 est,
448 3109 481 3163 ut
508 3121 584 3163 unus
612 3120 649 3163 ex
671 3101 789 3182 pusillis
813 3101 929 3165 Christi
953 3102 1131 3164 offendatur.
1179 3097 1255 3162 Cum
1278 3101 1379 3180 itaque
1401 3121 1472 3183 pars
1495 3103 1627 3166 maxima

267 3190 423 3252 doctumm
447 3190 601 3252 etiamad
625 3189 702 3252 hanc
726 3191 928 3253 astronomiae
954 3192 1003 3265 (ut
1024 3190 1114 3270 vulgo
1138 3190 1270 3262 videtur)
1294 3191 1508 3253 sublimitatem
1532 3192 1625 3254 intei-

271 3278 351 3340 lectu
375 3297 510 3339 sunnon
534 3279 694 3342 ascendat:
720 3299 777 3359 age
800 3280 1029 3362 Pythagoraeos
1050 3280 1098 3341 vel
1123 3279 1245 3341 tandem
1268 3280 1360 3341 etiam
1382 3282 1530 3343 institutis
1554 3281 1624 3343 inri-

271 3375 378 3430 temur.
423 3367 572 3430 Privatim
596 3387 650 3429 nos
674 3369 723 3448 qui
747 3369 826 3443 adit,
851 3369 1101 3437 communicemus
1123 3368 1167 3431 illi
1192 3369 1317 3431 candide
1344 3377 1478 3432 nostram
1498 3378 1624 3433 senten-

270 3456 355 3519 tiam.
402 3453 525 3521 Publice
557 3466 721 3521 taceamus.
769 3456 831 3521 Cur
867 3457 1083 3520 astronomiam
1119 3457 1304 3521 astronomia
1338 3460 1488 3539 perditum
1524 3457 1624 3523 imus?

272 3546 369 3609 Totus
392 3547 518 3607 mundus
542 3546 835 3637 hujusmodikscatet
857 3547 1042 3621 huminibus,
1074 3546 1122 3627 qui
1145 3547 1246 3627 parati
1268 3557 1339 3610 sunt
1363 3556 1459 3613 totum
1482 3558 1623 3613 astrono-

272 3634 382 3707 miam,
407 3635 433 3696 si
458 3632 626 3716 Copemico
650 3655 730 3698 mere
754 3637 933 3711 adhaereat,
962 3637 1077 3698 mundo·
1094 3637 1202 3717 ejicere
1229 3638 1449 3718 commodisque
1469 3639 1624 3701 'artificum

270 3723 429 3787 obsistere.
463 3724 605 3788 Artifices
620 3743 690 3786 veru
714 3745 751 3787 ex
775 3726 906 3807 seipsis
930 3726 979 3788 vei
1003 3744 1040 3788 ex
1058 3745 1132 3787 aura
1155 3725 1255 3787 vivere
1273 3745 1331 3788 nou
1345 3735 1482 3807 possunt.
1521 3725 1622 3799 Quare

269 3813 322 3875 ita·
337 3811 367 3874 in
392 3814 601 3877 astronomicis
625 3833 774 3894 agamus,
813 3824 847 3877 ut
874 3817 1008 3878 lautores
1036 3815 1236 3877 astronomiae
1264 3816 1447 3878 retineamus
1475 3826 1508 3879 et
1529 3825 1562 3879 ut
1585 3836 1621 3878 uc

268 3901 445 3964 esuriamus.
493 3901 582 3975 Quod
605 3903 673 3966 ideo
697 3904 804 3981 scribo,
831 3904 901 3985 quia
922 3904 1089 3985 penultima
1111 3903 1165 3966 tua
1187 3904 1318 3983 epistola
1340 3907 1380 3967 ad
1397 3924 1444 3967 me
1463 3905 1621 3986 scripsisti,

267 3998 299 4052 te
324 3991 423 4071 quoad
446 3992 561 4055 ludicra
583 4000 697 4054 tractet
719 3994 937 4069 Haiercfferus,
968 3993 1088 4057 ludicris
1112 4012 1281 4068 occurrere,
1305 3995 1358 4057 sed
1381 4005 1519 4076 paratum
1542 4015 1620 4070 esse,

266 4079 293 4143 si
317 4080 427 4143 seriam
450 4081 505 4144 tibi
529 4091 650 4144 moveat
672 4084 918 4159 controversiam,
941 4102 996 4164 pro
1020 4083 1126 4145 merito
1145 4083 1228 4145 illum
1243 4085 1390 4165 excipere.
1427 4086 1528 4149 Nolim
1543 4086 1620 4149 enim

268 4170 424 4233 novolio
452 4190 549 4233 meam
578 4171 625 4233 vel
656 4171 684 4234 in
710 4171 803 4252 ipsius
827 4172 919 4235 etiam
942 4171 1081 4236 veritatis
1115 4174 1204 4253 (quae
1237 4173 1345 4236 nullius
1378 4174 1506 4238 hominis
1535 4176 1619 4237 sain·
1723 4234 1725 4237 ,

266 4268 328 4322 tem
351 4268 405 4322 aut
427 4261 612 4325 commodum
636 4261 803 4332 concernit)
827 4262 960 4339 gratiam
983 4261 1117 4324 inimicos
1140 4261 1194 4324 tibi
1209 4263 1369 4325 conciliare
1384 4273 1438 4327 aut
1455 4264 1618 4327 incommo-

267 4348 334 4410 dius
358 4368 457 4429 agere.
504 4351 548 4411 Tu
572 4350 622 4431 qui
646 4350 899 4425 animadvertisti,
928 4358 1061 4415 tractare
1089 4352 1184 4413 vimm
1211 4350 1294 4414 ilium
1322 4353 1403 4414 seria
1424 4372 1478 4432 per
1514 4356 1619 4426 insum,

267 4437 385 4500 olavum
409 4438 494 4501 clavo
518 4439 630 4519 pellere
653 4447 740 4517 potes
764 4448 795 4501 et
818 4440 867 4501 vei
890 4439 970 4502 seria
992 4448 1175 4502 tractantem
1198 4439 1265 4502 lusu
1289 4442 1425 4522 excipere
1448 4444 1540 4517 serio,
1565 4460 1620 4504 nec

268 4526 328 4589 alia
350 4545 480 4607 persona
502 4529 531 4592 in
556 4548 678 4590 arenam
702 4528 895 4591 descendere.
938 4529 1022 4591 Haec
1051 4548 1106 4609 ego
1135 4529 1253 4610 quidem
1279 4528 1488 4610 παρρησιαζων
1510 4553 1565 4595 neo
1588 4539 1619 4594 te

268 4615 406 4691 imitans,
438 4618 489 4698 qui
517 4618 596 4680 soles
623 4617 714 4680 nihil
743 4618 939 4703 dubitare,
957 4619 1026 4699 quin
1049 4620 1104 4681 hoc
1128 4637 1184 4696 ego
1208 4636 1307 4699 agam,
1331 4622 1410 4701 quud
1434 4640 1481 4683 me
1504 4621 1619 4684 hortari

266 4723 320 4784 pro
344 4706 508 4768 autoritate
531 4726 656 4787 posses,
686 4716 720 4769 ut
742 4726 872 4787 agerem.
920 4706 1036 4779 Quodsi
1059 4710 1150 4770 aliter
1171 4706 1226 4769 tibi
1249 4709 1366 4771 videtur
1388 4710 1417 4772 in
1441 4710 1497 4772 hac
1515 4731 1617 4785 nausa,

267 4813 385 4875 semper
406 4794 476 4857 mihi
500 4796 557 4858 erit
579 4797 740 4876 integrum,
770 4805 850 4859 tuum
879 4797 962 4877 sequi
992 4797 1163 4858 consilium:
1202 4812 1269 4858 nam
1298 4798 1326 4859 in
1350 4800 1523 4878 praesentia
1545 4799 1617 4862 nihil

265 4884 431 4969 respondeo
455 4884 494 4947 D.
509 4885 705 4960 Haiereffero,
730 4884 786 4948 nisi
812 4893 844 4948 ut
866 4905 920 4967 per
942 4886 1129 4953 occasionem
1153 4884 1237 4951 ilium
1259 4888 1374 4950 salutes
1397 4888 1615 4952 officiosissime
