3609 5634
177 373 182 386 ¹
307 363 369 432 108
458 371 461 378 “
821 359 1143 416 Modiam

305 529 381 604 tuit,
417 525 495 608 quod
517 525 633 588 calculo
657 532 724 584 erat
747 521 987 585 examinandum.
1035 520 1174 593 Quodsi
1200 519 1264 601 quis
1286 522 1379 602 probe
1408 522 1572 602 ponderat,
1609 516 1675 576 duo

304 616 375 680 mibi
405 616 554 688 defuisse;
587 613 727 695 primum,
763 612 840 692 quod
882 610 1015 690 ignoravi
1049 610 1144 672 sinum
1180 619 1290 685 totum,
1328 609 1392 672 sive
1429 606 1675 689 magnitudinem

304 708 385 770 iitius
409 703 555 785 propositi
579 700 775 781 quadrantis3
801 701 940 774 aiterum,
965 700 1043 779 quod
1058 709 1190 761 motuum
1208 700 1328 779 vigores
1351 717 1408 761 nou
1434 700 1553 760 fuerunt
1576 695 1676 755 niiter

269 819 271 823 ·
305 796 452 876 expressi,
477 811 565 873 quam
584 791 613 852 in
633 789 825 869 proportione
844 789 929 849 unius
945 789 982 848 ad
998 788 1108 848 aiiuur:
1135 789 1193 867 qui,
1218 788 1346 868 inquam,
1372 789 1447 849 haec
1470 788 1562 868 probe
1581 795 1675 865 ptru-

305 886 410 960 derat,
433 903 491 944 non
515 879 663 942 immerito
687 876 853 951 dubitabit,
879 885 976 938 utrum
1002 877 1191 957 aliquatenus
1221 877 1277 938 hac
1302 876 1413 937 difficili
1437 877 1486 939 via
1508 872 1672 957 pervenire

304 971 451 1053 potuerim
467 988 569 1031 necne.
608 966 649 1028 Et
670 977 770 1027 tomen
798 964 938 1026 contiuuo
964 965 1065 1026 labore
1090 974 1179 1045 atque
1213 965 1327 1026 infinita
1351 966 1465 1027 sinuum
1489 975 1522 1025 et
1545 980 1669 1025 arcuum

305 1059 538 1140 reciprocatione
563 1065 679 1136 tantum
705 1054 808 1128 effeci,
839 1063 870 1114 ut
895 1052 1112 1132 intelligerem,
1139 1056 1234 1116 iocum
1258 1054 1369 1133 babere
1394 1075 1450 1115 non
1474 1074 1565 1134 posse
1588 1054 1669 1114 hanc

306 1148 499 1212 sententiam.

395 1240 508 1300 Aestas
539 1253 615 1315 pene
639 1237 707 1293 tota
730 1231 787 1292 hac
810 1250 898 1293 cruce
926 1229 1056 1310 perdita.
1101 1230 1237 1311 Denique
1265 1230 1324 1292 levi
1348 1232 1477 1312 quadarn
1507 1231 1669 1292 occasione

240 1323 244 1330 ’
305 1328 427 1411 propius
451 1327 479 1387 in
503 1344 565 1387 rem
589 1324 685 1401 ipsam
709 1319 810 1381 incidi.
856 1319 1010 1381 Divinitus
1034 1319 1064 1380 id
1087 1319 1158 1381 mibi
1172 1319 1319 1400 obtigisse
1336 1319 1520 1392 arbitrabar,
1545 1330 1577 1379 ut
1599 1323 1668 1380 t'or-

307 1419 383 1480 tuito
413 1415 615 1486 nanciscerer,
651 1410 728 1490 quod
763 1408 843 1468 nulio
872 1427 1003 1488 unquam
1032 1408 1134 1469 labore
1163 1409 1283 1489 assequi
1316 1417 1474 1488 poteram:
1509 1409 1595 1488 idque
1631 1427 1670 1469 eo

195 1585 196 1588 Ἴ
306 1506 403 1586 tnagis
428 1503 599 1576 credebam,
631 1498 707 1579 quod
733 1497 830 1559 Deum
858 1514 978 1575 semper
1007 1493 1178 1570 oraveram,
1211 1498 1357 1577 siqnidem
1382 1496 1565 1577 Copernicus
1594 1516 1671 1558 vera
1799 1513 1800 1542 ³

200 1673 209 1684 „
307 1595 451 1665 dixisset,
477 1592 520 1653 uti
544 1592 606 1652 ista
630 1586 835 1648 succederent.
861 1583 982 1667 ‚Igitur
1004 1584 1053 1647 die
1077 1582 1107 1648 9.
1132 1587 1182 1646 vei
1214 1583 1261 1647 19.
1277 1584 1349 1647 Juiii
1374 1589 1443 1648 anni
1472 1583 1555 1649 1595
1579 1605 1669 1647 mon-

307 1692 459 1746 straturus
483 1678 668 1741 auditoribus
692 1672 766 1736 rneis
790 1673 1030 1753 conjunctionum
1055 1693 1231 1755 magnarum
1255 1676 1352 1736 saltus
1375 1694 1430 1755 per
1443 1687 1554 1737 octona
1568 1676 1668 1753 signa,
1800 1717 1801 1746 ,

310 1782 340 1834 et
365 1770 511 1854 quomodo
540 1768 610 1830 iiiae
643 1763 828 1844 pedetentim
853 1781 890 1822 ex
914 1782 972 1824 uno
1002 1763 1121 1843 trigono
1156 1772 1315 1826 transeant
1338 1765 1366 1826 in
1386 1764 1492 1839 aliurn,
1529 1764 1670 1845 inscripsi

309 1861 403 1924 muita
426 1856 591 1936 triangula,
614 1853 662 1913 vei
688 1850 774 1931 quasi
798 1849 965 1929 triangula,
992 1851 1088 1913 eidem
1113 1852 1237 1928 circuio,
1262 1852 1306 1914 sic
1330 1853 1452 1916 utfinis
1475 1854 1562 1916 unius
1585 1863 1673 1916 osset

309 1950 424 2012 initium
453 1945 586 2008 atterius.
635 1942 734 2012 (Haec
764 1939 850 2000 vides
879 1939 1017 2020 sequenti
1042 1942 1195 2003 schcmate
1223 1960 1398 2020 magnarum
1428 1943 1672 2023 conjunctionum

310 2037 434 2101 Saturni
467 2044 497 2096 et
525 2033 638 2116 iovis.)
690 2028 785 2108 Igitur
817 2027 925 2107 quibus
966 2030 1085 2107 punctis
1123 2029 1220 2092 latera
1254 2031 1471 2111 triangulorum
1503 2052 1536 2093 se
1566 2040 1672 2094 mutuo

310 2126 470 2197 secabant,
491 2123 527 2183 iis
551 2122 647 2182 rninor·
669 2117 808 2178 circeiius
832 2116 1077 2181 adumbrabatur.
1124 2119 1204 2182 Nam
1229 2117 1332 2181 circuti
1357 2118 1508 2200 triangulo
1532 2120 1672 2199 inscripti

311 2215 412 2279 radius
445 2219 494 2272 est
525 2206 742 2284 circumscripti
776 2205 849 2268 radii
888 2205 1052 2268 dimidium.
1104 2207 1262 2287 Proportio
1301 2209 1378 2269 intcr
1414 2219 1570 2290 utrumque
1607 2209 1672 2270 cir·
1746 2267 1752 2282 ,
1802 2183 1803 2232 ³

311 2304 407 2366 cuturn
433 2300 591 2363 videbatur
620 2298 658 2357 ad
691 2294 807 2355 oculum
832 2313 909 2373 pene
943 2295 1050 2356 similis
1075 2295 1136 2370 iiii,
1170 2316 1245 2377 quae
1274 2305 1323 2357 est
1351 2298 1430 2358 inter
1453 2297 1615 2360 Saturnum
1639 2307 1675 2358 et

311 2393 440 2455 Jovem:
465 2398 496 2450 et
520 2386 700 2464 triangulum
724 2381 821 2462 prima
844 2392 911 2444 erat
933 2383 1107 2463 figurarum,
1132 2384 1210 2446 sicut
1226 2385 1374 2447 Saturnus
1397 2395 1430 2448 et
1442 2385 1562 2467 Jupiter
1582 2387 1673 2467 primi

311 2483 463 2562 planetae.
511 2476 637 2537 Tentavt
654 2471 763 2533 statim
784 2472 991 2554 quadrangulo
1016 2473 1194 2536 distantiam
1213 2474 1375 2536 secundam
1389 2475 1498 2538 Martis
1519 2485 1553 2537 et
1572 2477 1674 2548 Joris,
1803 2483 1804 2530 i
