3609 5634
259 346 325 414 316
677 352 778 405 Literss
789 351 900 425 gepierl
920 352 1072 418 uterumque
1089 359 1191 422 mutum

258 511 422 591 abjectum.
468 511 513 575 Ut
534 530 606 574 vero
629 513 733 575 oculus
755 513 795 575 ad
821 510 933 585 lucem,¹
951 513 1031 574 auris
1051 514 1090 574 ad
1114 530 1233 588 sonum,
1258 513 1304 575 ita
1328 511 1443 574 animus
1468 517 1518 572 cst
1540 527 1622 571 cou-

259 601 404 662 lormatns
429 601 467 661 ad
491 601 566 663 haec
589 605 674 680 παθη
697 601 858 674 coelestia,
883 610 1027 682 tauquam
1050 622 1107 663 sua
1130 602 1251 686 propria
1273 602 1403 683 objecta.
1450 599 1493 661 Et
1515 607 1622 660 tamen

259 689 380 769 genesis
404 689 484 750 nuda
507 697 538 751 et
561 710 657 752 vacua
681 690 777 752 iorrua
801 698 868 765 est;
899 692 1015 753 animus
1038 710 1104 752 curn
1128 691 1306 766 infunditur,
1331 692 1361 752 h.
1386 709 1413 753 e.
1438 708 1504 750 cum
1528 688 1623 749 homo

259 777 401 852 nascitur,
426 797 484 839 non
509 779 615 841 statim
639 787 721 841 totus
742 779 852 860 accipit
876 781 1019 853 formanu;
1043 787 1203 842 contumax
1222 787 1280 856 est,
1305 786 1338 842 et
1359 780 1455 842 multa
1477 777 1515 840 de
1537 777 1622 839 ima-

259 865 481 945 ginationibus,
520 868 654 948 adeoque
688 870 725 931 de
759 869 968 934 allectionibus
1001 868 1106 930 matris
1140 868 1250 930 retinet
1282 869 1446 948 miscetque
1479 864 1621 929 themati

259 957 384 1017 Format
405 954 498 1035 igitur
521 964 553 1018 et
576 957 663 1036 lingit
681 957 811 1019 culinum
834 957 954 1032 thema,
990 958 1043 1018 sed
1068 976 1125 1019 non
1159 958 1257 1038 gignit
1279 977 1400 1031 notrum,
1435 975 1493 1018 uun
1517 963 1621 1017 totum

258 1052 373 1117 mutut3
402 1044 489 1124 fingit
512 1063 582 1107 vero
605 1052 708 1108 uatum
733 1066 770 1108 ex
794 1046 865 1119 hoc,
898 1054 995 1109 matre
1024 1046 1068 1109 sio
1093 1046 1218 1121 allecta,
1252 1047 1321 1108 dum
1344 1053 1464 1126 gereret
1487 1054 1619 1107 uterum.

259 1133 401 1213 Sequitur
425 1134 492 1222 dein
516 1134 686 1211 institutio,
703 1155 787 1215 quae
811 1153 919 1197 novam
943 1131 1155 1198 alterationem
1179 1135 1296 1216 utrique
1319 1135 1410 1214 priori
1441 1135 1551 1209 infert,
1584 1139 1619 1194 at

258 1232 396 1284 neutrum
419 1222 527 1284 tollere
549 1233 670 1303 potest,
704 1224 758 1285 sed
788 1224 822 1285 fit
852 1223 979 1305 denique
1012 1225 1258 1304 contemperatio.
1305 1224 1439 1285 Variaut
1466 1223 1618 1284 bominem

258 1319 364 1386 mater,
384 1310 508 1387 coelum,
528 1312 684 1391 magister,
708 1313 860 1374 mediante
880 1322 979 1394 epate,
1004 1313 1104 1386 corde,
1129 1315 1263 1389 cerebro,
1288 1321 1369 1387 aute,
1394 1312 1433 1388 in,
1457 1321 1618 1393 postpar-

257 1408 331 1474 tum,
357 1408 500 1480 tempore,
525 1410 675 1462 momento
698 1402 854 1481 temporis.

329 1489 514 1539 Fabricius:
545 1490 668 1540 Plauetae
686 1490 799 1541 humores
818 1490 857 1540 vel
875 1490 1022 1555 qualitates,
1051 1491 1096 1539 sibi
1125 1489 1214 1540 aDeo
1240 1491 1425 1554 appropriatus.
1454 1490 1492 1540 rel
1511 1489 1619 1538 dominio

261 1575 305 1609 suo
324 1561 458 1623 subjectas,
478 1560 563 1610 munli
582 1577 628 1611 sua
646 1563 669 1610 ri
688 1563 808 1619 exuitsut,
826 1568 954 1627 vegetant,
974 1561 1108 1619 vivificant,
1127 1569 1153 1611 et
1171 1562 1242 1627 quasi
1260 1564 1380 1610 animant.

350 1632 554 1711 Keplerus:
579 1632 650 1694 Etsi
672 1652 731 1694 uon
755 1633 868 1707 dubito,
893 1633 962 1711 quin
983 1633 1067 1693 Mars
1091 1634 1158 1694 ideo
1181 1633 1270 1694 ruber
1293 1634 1334 1695 sit
1357 1633 1470 1705 lactus,
1495 1639 1529 1692 ut
1552 1640 1618 1692 ter-

261 1739 326 1782 rere
349 1720 449 1800 possit
477 1739 530 1800 pro
558 1721 677 1782 modulo
710 1740 782 1796 suo,
810 1722 926 1802 itaque⁴
945 1720 974 1781 in
1004 1713 1134 1800 seipsis
1158 1721 1291 1782 habeant
1314 1721 1415 1782 sidera
1438 1720 1617 1800 principium

264 1809 395 1870 actionis
418 1828 502 1884 suae,
525 1809 687 1888 potissima
709 1817 809 1871 tamen
834 1809 880 1872 vis
905 1810 933 1871 in
957 1811 1117 1888 geuesibus
1142 1811 1283 1872 consistit
1306 1811 1334 1872 in
1355 1810 1464 1883 animo,
1491 1808 1540 1887 qui
1563 1827 1618 1870 oc·

262 1898 343 1959 culto
376 1915 525 1958 consensu
563 1899 613 1970 (ut
643 1899 748 1960 rustici
780 1918 870 1960 aures
902 1898 1074 1979 intelligunt
1106 1899 1339 1961 concinnitatem
1372 1897 1565 1960 dimensionis
1589 1898 1619 1958 in

263 1986 401 2060 uocibus)
435 1986 637 2062 &ruborem
672 1983 692 2064 li
716 1988 861 2068 pallorem
886 1988 940 2050 lte.
965 1987 1117 2050 intueatur
1147 2000 1179 2047 et
1202 1989 1362 2050 secundum
1387 1987 1478 2048 situm
1502 1986 1621 2047 illorum

262 2074 291 2135 iu
318 2093 350 2134 se
374 2075 439 2154 ipso
463 2074 689 2154 impressionem
708 2077 843 2174 ,foruuetz
879 2088 911 2138 ut
935 2096 1040 2138 manus
1069 2101 1088 2138 a
1112 2077 1250 2139 claritate
1276 2077 1355 2141 Solis
1389 2075 1462 2138 nihil
1494 2075 1620 2161 patitur.

265 2163 317 2224 sed
342 2162 455 2225 oculus.

333 2252 518 2302 Fabricius:
548 2249 777 2301 Profectiones
797 2252 958 2317 astrologicae
977 2254 1002 2302 iu
1021 2261 1101 2302 totum
1119 2255 1190 2319 quasi
1208 2253 1298 2316 rejicis,
1317 2254 1382 2317 quod
1400 2253 1538 2316 subjectum
1551 2251 1620 2301 reule

263 2327 343 2372 motus
362 2339 411 2373 nou
429 2322 547 2373 habeant.
585 2324 619 2371 At
636 2337 684 2372 nec
703 2322 850 2373 fflrecdoues
869 2338 969 2373 munao
987 2325 1081 2374 habeut
1098 2324 1165 2374 reale
1184 2325 1337 2387 subjectum,
1363 2325 1411 2373 nisi
1431 2325 1510 2387 ipsum
1528 2324 1619 2388 priuci-

260 2397 327 2459 pium
345 2400 426 2445 motus
445 2399 471 2444 et
489 2407 590 2444 causum
608 2399 698 2443 motus.
736 2394 781 2443 Est
798 2410 855 2444 reru
872 2396 952 2444 fluxus
971 2395 1072 2459 quidam
1090 2396 1191 2445 usualis
1210 2396 1305 2444 virtuts
1324 2409 1341 2444 a
1357 2396 1437 2460 prima
1456 2408 1542 2451 causa,
1561 2401 1620 2443 tau·

260 2479 334 2530 quarn
353 2479 370 2516 s
387 2465 455 2515 iente
474 2480 518 2514 suc
535 2464 699 2529 procedentis.
736 2465 770 2515 Et
787 2472 815 2514 ut
832 2472 914 2515 motus
933 2468 1064 2515 continuus
1083 2473 1134 2524 est,
1163 2468 1199 2516 ita
1225 2473 1251 2515 et
1268 2467 1364 2515 ussus
1389 2466 1471 2515 fluxus
1488 2466 1621 2515 continuus

261 2543 308 2586 est.
346 2536 431 2586 Virtus
449 2535 548 2586 astralis
565 2537 661 2600 proprio
680 2550 724 2586 suo
742 2543 819 2594 motu,
839 2543 866 2587 et
883 2538 953 2601 quasi
975 2538 1111 2601 aplaneta
1123 2545 1250 2602 separata,
1269 2543 1389 2594 movetur,
1407 2544 1437 2586 ut
1448 2551 1553 2602 magnes
1571 2539 1623 2585 vim

261 2621 332 2657 suam
350 2608 415 2659 lerrc
433 2609 566 2670 separatim
586 2608 762 2667 communicat,
791 2623 838 2658 nec
860 2609 910 2656 vim
934 2622 1018 2657 secum
1042 2610 1158 2665 retrahit,
1184 2608 1229 2658 sed
1247 2610 1317 2673 qnasi
1337 2609 1489 2659 abstractam
1508 2609 1624 2671 relinquit

262 2680 333 2728 terro.
370 2678 406 2729 Ut
423 2691 480 2728 vero
497 2683 579 2727 motus
597 2678 753 2741 planetarum
779 2686 837 2728 sunt
859 2680 934 2735 sarii,
963 2680 999 2729 sic
1022 2688 1102 2728 motus
1126 2681 1222 2728 rimutis
1246 2680 1344 2728 astralia
1366 2681 1522 2743 planetarum
1548 2681 1623 2728 uariis

261 2750 423 2799 directionum
442 2756 469 2798 et
486 2749 678 2812 profectionum,
704 2765 759 2799 cum
779 2764 919 2799 annuarum
937 2757 990 2798 turn
1009 2751 1195 2800 menstrualium
1215 2756 1241 2799 et
1258 2751 1415 2808 diurnarum,
1442 2751 1547 2800 motibus
1566 2765 1622 2813 per-

259 2821 351 2870 ficitur.
389 2819 416 2870 Si
433 2820 492 2885 quid
511 2826 599 2870 senua
615 2819 680 2870 haee
697 2820 784 2879 habes,
803 2821 876 2870 velim
889 2821 956 2871 clare
975 2821 1091 2885 explices,
1110 2836 1158 2871 uec
1177 2823 1258 2870 nimiis
1278 2822 1454 2871 subtilitatibus
1472 2837 1524 2871 rem
1541 2823 1624 2886 potius

262 2892 386 2948 obscures,
405 2906 480 2957 quam
498 2891 613 2941 illustres.
650 2892 703 2956 Ego
722 2906 818 2955 semper
837 2906 938 2956 operam
957 2892 1026 2951 dedi,
1050 2899 1136 2943 utres
1154 2907 1226 2943 veras
1245 2900 1271 2943 et
1288 2894 1424 2943 rationales
1442 2893 1624 2957 simplicissime

262 2962 422 3013 declararem.
458 2962 532 3012 Haec
550 2969 649 3020 tamen,
668 2964 702 3011 mi
720 2962 844 3027 Keplere,
872 2979 922 3012 nou
941 2965 1039 3013 sinistre
1057 2964 1130 3014 uelim
1148 2965 1281 3029 intelligas,
1301 2964 1345 3014 sed
1364 2967 1443 3014 amieo
1463 2967 1545 3014 auimo
1564 2971 1622 3013 tan·

260 3040 454 3159 ξπιὶἆτοροιιο,
483 3047 515 3083 ue
538 3034 627 3083 nimius
652 3036 685 3082 sis
711 3036 736 3083 iu
759 3034 807 3083 illis
831 3034 1019 3092 subtilitatibus,
1048 3036 1113 3100 quod
1131 3038 1207 3085 nostri
1220 3037 1319 3101 'ingenii
1337 3036 1481 3099 simplicitas
1499 3036 1554 3085 illas
1572 3051 1624 3084 nou

282 3120 308 3218 p
350 3175 556 3254 Keplerus:
596 3172 698 3247 Suda,
733 3175 808 3236 suda
841 3176 878 3236 de
901 3176 1139 3254 profectionibus
1173 3184 1205 3237 et
1229 3176 1462 3250 directionibus,
1497 3185 1624 3239 namet

262 3282 318 3343 ego
343 3264 458 3325 sudavi.
507 3261 668 3325 Genesis
692 3262 786 3324 babet
808 3263 867 3325 vim
891 3281 930 3324 ex
952 3265 1031 3334 situ,
1067 3273 1171 3344 estque
1195 3274 1359 3345 perpetua,
1393 3265 1463 3346 quia
1494 3267 1528 3327 tit
1560 3267 1620 3328 im·

261 3352 378 3432 pressio
401 3371 590 3433 permanens.
638 3352 841 3414 Transitus
874 3362 906 3414 et
937 3354 1124 3416 revolutIo
1156 3354 1272 3416 habent
1295 3354 1354 3415 vim
1378 3373 1415 3415 eu
1439 3362 1521 3416 motu
1545 3356 1622 3417 reali

262 3442 301 3504 ad
325 3441 392 3504 locs
415 3460 581 3520 geneseos3
615 3442 774 3521 quaejam
806 3442 903 3503 officia
931 3461 970 3502 ex
993 3443 1214 3505 consentientia
1239 3443 1384 3523 subjectis
1417 3443 1479 3504 suis
1504 3445 1620 3525 reliqui.

261 3531 499 3593 Directiones
524 3531 638 3592 habent
659 3531 720 3592 vim
744 3550 782 3592 ex
806 3531 891 3612 quasi
916 3538 1019 3606 motu;
1044 3532 1154 3593 etenim
1180 3532 1288 3612 aliquis
1312 3544 1411 3594 motus
1436 3532 1517 3608 talis,
1543 3554 1620 3615 qua-

262 3621 332 3682 liter
355 3619 485 3700 aphetae
509 3619 694 3700 diriguntur,
728 3627 759 3681 et
782 3619 808 3682 is
831 3620 924 3682 realis
957 3628 1006 3682 est
1039 3628 1071 3681 et
1103 3639 1172 3682 vere
1196 3622 1248 3696 lit,
1285 3623 1389 3683 statim
1421 3631 1493 3702 post
1515 3631 1621 3703 partus

261 3717 442 3771 momentum
465 3708 621 3788 incipieus.
668 3708 889 3770 Dissimilitudo
915 3730 933 3770 a
954 3709 1046 3791 priori
1070 3718 1172 3771 tamen
1198 3711 1226 3772 in
1252 3729 1297 3785 eo,
1325 3711 1403 3791 quod
1419 3711 1544 3772 effectus
1560 3731 1619 3773 non

220 3873 224 3878 .
256 3797 394 3878 juugitur
415 3798 508 3859 motui
533 3807 565 3860 et
587 3817 697 3859 causae
713 3798 840 3860 ‘ratione
865 3799 1024 3880 temporis,
1048 3799 1101 3860 sed
1126 3798 1256 3860 discedit
1279 3801 1317 3860 ab
1342 3819 1392 3874 eo,
1419 3808 1450 3861 et
1473 3800 1621 3881 multipli-

262 3894 313 3948 cat
336 3895 473 3966 tempora
495 3886 776 3967 proportionaliter,
800 3889 992 3966 proportione
1016 3888 1141 3960 iterum,
1171 3907 1247 3966 quae
1272 3889 1299 3949 iu
1334 3897 1442 3950 natura
1473 3890 1622 3952 invenitur

165 4002 170 4008 ·
262 3983 294 4036 et
316 3974 384 4037 huic
407 3976 498 4036 motui
523 3975 644 4055 propria
667 3984 736 4049 est;
759 3983 793 4037 ut
817 3995 873 4053 ego
897 3978 1016 4057 quidem
1040 3977 1221 4056 dirigo,‘die
1244 3978 1273 4038 in
1299 3997 1406 4039 anuum
1431 3986 1463 4040 et
1486 3997 1620 4059 quocun-

263 4083 318 4146 que
351 4073 487 4144 tempore
520 4073 591 4143 post
622 4071 742 4144 partum
774 4065 804 4126 iu
829 4060 893 4128 365
917 4066 1117 4146 multiplicato
1150 4066 1178 4126 in
1203 4066 1349 4128 inlinitum
1372 4087 1476 4148 usque.
1524 4069 1619 4130 Pro-

262 4153 394 4215 iectio
428 4171 523 4233 neque
548 4153 624 4215 situs
648 4161 712 4227 est,
738 4172 833 4236 neque
857 4163 966 4230 motus,
991 4154 1020 4216 iu
1045 4156 1175 4217 futurum
1199 4174 1338 4234 operans,
1363 4156 1446 4236 cujus
1470 4158 1499 4218 iu
1524 4176 1620 4218 rerum

261 4250 369 4305 natura
391 4241 464 4304 nihil
488 4250 537 4304 est
559 4262 654 4323 neque
677 4242 774 4304 simile
797 4262 893 4324 neque
917 4243 1151 4324 porportionale.
1179 4276 1220 4286 -

351 4333 386 4394 In
411 4331 605 4411 sequentibus
629 4332 742 4394 transis
766 4340 798 4393 tu
822 4353 840 4393 a
864 4333 1038 4395 defensione
1072 4333 1111 4394 ad
1136 4333 1392 4413 impugnationem
1415 4353 1547 4395 mearum
1571 4334 1619 4396 di-

234 4423 245 4495 s
262 4421 437 4495 sectionum,
463 4425 634 4500 propterea,
660 4421 737 4502 quod
762 4422 908 4484 obscurus
933 4423 988 4484 sim
1013 4423 1043 4484 iu
1067 4423 1116 4485 iis.
1165 4423 1242 4484 Puto
1257 4443 1304 4484 me
1323 4425 1391 4503 jam
1406 4423 1454 4484 hic
1470 4443 1537 4485 esse
1552 4424 1618 4485 cla-

261 4511 380 4573 riorem.
405 4542 446 4552 -
472 4508 552 4580 Quid
575 4510 632 4571 hoc
655 4510 700 4573 rei
723 4518 783 4585 est,
819 4512 896 4593 quod
921 4531 985 4574 rem
1008 4514 1180 4587 obscuram,
1215 4532 1269 4575 nec
1298 4532 1420 4586 novam,
1451 4514 1505 4574 sed
1529 4532 1618 4593 quarn

261 4608 386 4679 uterque
409 4599 525 4679 pridem
548 4618 651 4661 snmus
675 4601 822 4679 amplexi,
853 4608 885 4663 tu
909 4600 1010 4682 potius
1033 4602 1080 4663 vis
1108 4610 1251 4682 tauquam
1275 4601 1448 4682 παραιοξω
1477 4603 1618 4677 retinere,

262 4705 352 4766 quam
376 4688 543 4751 confirmari
566 4688 739 4761 obscurius,
768 4709 823 4751 nec
845 4689 960 4769 pateris
984 4691 1201 4771 qualiacunque
1226 4691 1299 4765 dici,
1323 4711 1390 4754 cum
1413 4691 1538 4754 meliora
1560 4710 1617 4751 ne-

262 4778 394 4855 queant?
438 4775 520 4838 Juva
540 4776 659 4857 potius,
691 4785 725 4839 ut
748 4779 828 4841 clare
851 4779 1023 4860 loquamur,
1057 4799 1147 4860 quarn
1170 4787 1204 4841 ut
1226 4780 1301 4842 haec
1325 4781 1505 4861 supprimas.
1551 4780 1617 4842 Hoc

262 4875 363 4930 tamen
396 4874 445 4927 sat
469 4867 565 4928 clare:
598 4866 630 4929 in
660 4867 795 4931 omnibus
818 4868 908 4931 rebus
941 4866 1015 4932 inde'
1043 4889 1063 4930 a
1086 4869 1256 4932 divinitatis
1288 4870 1403 4949 origine
1437 4878 1485 4931 est
1516 4870 1619 4950 aliqua
