3609 5634
223 354 273 410 ΧΠ

222 527 323 581 temen
347 515 530 581 assiduitate
554 524 587 581 et
608 518 728 595 labore,
752 538 935 600 operamque
958 518 1140 581 navantibus
1163 519 1277 583 amicis.
1323 520 1395 582 Jam
1415 519 1446 583 in
1469 536 1505 580 so
1527 536 1577 582 res

221 634 288 703 est,
322 634 355 688 ut
378 624 502 705 Kepleri
534 624 698 687 cultoribus
731 610 876 690 collectos
908 628 975 709 ejus
1007 624 1101 698 libros
1124 632 1157 690 et
1179 615 1314 716 digniore
1337 627 1435 689 forma
1457 623 1577 687 indutos

222 732 362 796 tradendi
384 729 503 795 initium
527 731 626 794 tacere
650 729 751 796 beent

308 839 487 903 Inchoatum
509 844 610 901 autem
633 855 708 918 opus
730 843 766 901 ut
787 836 973 914 absolvatur,
998 837 1129 902 lutnrnm
1152 857 1221 902 csse
1244 856 1417 919 speramus,
1440 842 1484 913 ut,
1508 835 1578 918 qui-

221 966 336 1028 cunque
359 947 466 1010 literss
488 945 595 1007 volunt
617 943 715 1007 cultas
738 951 771 1007 et
794 950 910 1020 auctus,
934 945 1100 1026 quicunque
1122 944 1286 1026 principem
1308 943 1389 1008 iuter
1407 942 1577 1007 Germanos

222 1061 436 1127 astronomum,
461 1050 646 1131 eundemque
668 1049 755 1114 liberi
776 1050 961 1130 ingeniorum
979 1061 1079 1114 motus
1097 1049 1247 1113 vindicem
1265 1058 1297 1114 et
1315 1055 1577 1132 propugnatorem,

222 1156 396 1222 Germanici
420 1156 548 1220 nominis
572 1157 683 1230 decus,
705 1155 772 1237 pari
800 1166 890 1238 atque
922 1159 990 1237 ejus
1023 1175 1215 1221 successores
1239 1156 1374 1233 aliosve,
1405 1156 1456 1238 qui
1478 1156 1578 1237 aliquo
1639 1140 1641 1145 ’

221 1267 376 1329 literarum
398 1283 507 1345 genere
530 1263 765 1339 excelluerunt,
789 1272 982 1326 monumento
1007 1264 1129 1344 dignum
1148 1263 1309 1344 judicant,
1340 1263 1372 1327 in
1394 1269 1513 1344 partem
1534 1262 1580 1326 rei

221 1370 429 1455 suscipiendae
453 1379 485 1435 et
503 1369 656 1452 juvandae
680 1369 760 1431 ultro
783 1389 817 1432 se
842 1370 978 1432 offerant.

284 1476 378 1542 'Uno
411 1496 490 1540 anuo
521 1484 682 1557 postquem
713 1475 789 1539 haec
820 1474 1082 1556 pronunciavimus
1112 1494 1197 1557 spem
1226 1483 1362 1539 nemnem
1384 1493 1578 1571 nonlvanam

221 1585 313 1648 luisse
332 1592 459 1647 eventus
478 1583 628 1666 probauit
663 1582 845 1645 Bavariae
860 1580 975 1662 Regis
990 1582 1237 1653 Maximiliaui
1252 1585 1291 1647 ll.
1312 1580 1578 1663 munificentia,
1700 1588 1703 1591 ‘

220 1691 345 1771 perinde
366 1711 402 1754 sc
416 1691 536 1754 Domini
555 1688 752 1753 illustrissimi
770 1689 940 1763 aNnrou,
963 1689 1011 1753 cui
1030 1707 1102 1751 cura
1120 1690 1287 1753 studiorum
1306 1689 1337 1751 in
1350 1687 1490 1751 Russia
1511 1696 1578 1752 tra·

221 1798 352 1874 ditaest,
368 1796 553 1861 liberalitate
568 1795 674 1876 adjuti,
691 1803 932 1859 astronomorum
942 1794 1022 1875 apud
1034 1793 1204 1859 Germanos
1219 1794 1480 1859 celeberrimorum
1493 1813 1578 1861 com·
1686 1792 1694 1802 ’

220 1902 399 1987 probatione
412 1903 589 1978 confirmati,
610 1902 832 1966 academiarum
846 1901 1054 1968 Berolinensis
1074 1908 1107 1965 et
1120 1901 1303 1965 Viennensis
1321 1900 1473 1982 suffragiis
1487 1900 1580 1964 erecti

220 2027 283 2073 rem
297 2009 375 2073 bono
391 2009 490 2074 auimo
505 2012 646 2093 (samque
659 2009 802 2074 vicesimo
817 2010 927 2073 abhinc
940 2012 1035 2084 auno)
1055 2009 1207 2091 inceptam
1220 2007 1261 2073 ad
1273 2007 1362 2071 finem
1375 2007 1578 2088 perduximus.

309 2117 415 2199 Neque
447 2136 519 2182 vcro
548 2118 596 2181 his
625 2123 763 2193 murm,
796 2135 871 2199 quos
895 2116 1043 2192 diximus,
1068 2114 1153 2178 Viris
1177 2120 1210 2179 et
1231 2112 1439 2177 Societatibns
1461 2114 1579 2194 gratias

222 2222 366 2287 debemus
389 2241 479 2305 quam
501 2223 664 2298 maximas,
689 2222 743 2286 sed
767 2222 894 2287 aliorum
918 2242 1033 2305 qnoque
1056 2241 1149 2304 opera
1172 2228 1205 2284 et
1226 2219 1372 2303 singulari
1395 2217 1578 2284 liberalitate
1660 2206 1663 2214 ⁴

221 2330 323 2394 studia
354 2337 460 2394 nostra
487 2328 532 2394 ita
563 2330 725 2393 sublevata
755 2347 824 2393 esse
856 2330 1047 2410 profitemur,
1080 2334 1114 2391 nt
1140 2327 1280 2391 destituti
1303 2327 1400 2392 mutu
1420 2324 1580 2407 praesidiis

151 2482 156 2503 .
223 2435 385 2500 editionem
416 2454 513 2517 neque
546 2435 717 2500 absolutam
748 2441 781 2498 ct
811 2435 979 2517 integram,
1012 2435 1131 2517 qualem
1157 2433 1380 2514 spectavimus,
1413 2451 1509 2516 nsque
1531 2450 1579 2508 ea,

223 2561 313 2625 qnam
327 2562 400 2626 prae
419 2562 453 2605 se
469 2541 538 2619 fert,
559 2542 655 2605 torma
669 2540 811 2605 exhibere
825 2541 1039 2623 potuissemus.
1063 2539 1199 2615 Quorum
1213 2540 1344 2604 virorum
1357 2540 1496 2622 princeps
1510 2540 1579 2603 lau·
1642 2624 1646 2633 Ι

221 2648 339 2712 dandus
362 2656 411 2713 est
432 2650 470 2715 F.
490 2648 530 2713 G.
549 2649 602 2713 W.
617 2646 783 2743 xStrnne,
807 2648 941 2713 director
962 2649 1104 2730 speculae
1129 2648 1350 2713 astronomicae
1372 2644 1578 2721 Polconensis,

222 2754 272 2837 qui
294 2774 327 2818 re
351 2761 383 2818 et
405 2754 530 2819 consilio
553 2755 838 2820 benevolentissime
870 2774 926 2816 nos
958 2755 1053 2818 tuitus
1083 2754 1295 2819 liberalissime
1318 2751 1406 2819 uobis
1429 2751 1580 2817 concessit
1686 2836 1688 2839 ι

221 2860 425 2945 manuscripta
453 2861 592 2944 Kepleri,
627 2881 704 2945 quae
737 2860 934 2925 Pulcoveusis
965 2861 1151 2926 bibliotheca
1183 2860 1284 2925 eximii
1315 2860 1414 2925 instas
1444 2857 1581 2922 thesauri

222 2975 393 3031 conservat.
433 2968 512 3032 Huic
535 2967 723 3050 adjungimus
747 2967 849 3044 filium,
873 2968 930 3031 tali
951 2975 1039 3048 patre
1062 2966 1194 3049 dignum,
1218 2966 1415 3031 Pulcoveusis
1437 2965 1580 3048 speculas

222 3081 460 3139 astronomomm
473 3075 655 3156 primarium,
672 3073 848 3139 Ottonem
858 3072 1005 3148 Struve,
1021 3072 1071 3156 qui
1084 3081 1294 3156 perscrutatus
1308 3071 1582 3154 manuscriptorum
1703 3099 1714 3109 ·

221 3181 340 3245 illorum
362 3182 473 3245 molem
495 3182 533 3245 de
556 3179 754 3263 gravioribus,
779 3199 857 3263 quae
879 3180 942 3243 illis
965 3178 1085 3256 insunt,
1109 3199 1164 3245 uos
1183 3180 1299 3245 monuit
1321 3179 1508 3272 digitumque
1530 3177 1580 3245 iu·

221 3287 372 3352 tenditis
395 3308 442 3365 ea,
467 3307 543 3368 quae
567 3307 606 3352 ex
626 3307 659 3352 re
682 3293 789 3351 nostra
811 3294 926 3351 essent.
959 3286 1162 3367 Adjungimus
1184 3285 1386 3351 amicissimos
1409 3283 1580 3350 Christo·

221 3393 372 3475 phorum
390 3393 539 3471 Schaal,
558 3394 759 3476 professorem
777 3393 929 3479 gymnasii
947 3392 1156 3474 Tubingensis,
1176 3400 1209 3458 et
1225 3394 1428 3458 Hauricum
1448 3390 1580 3468 Kratr,

224 3500 427 3582 professorem
451 3499 608 3586 Gymnasii
631 3498 901 3583 Stnttgartiensis,
929 3519 1052 3582 quorum
1074 3499 1126 3563 ills
1150 3507 1329 3583 quaerentes
1350 3518 1407 3565 nos
1430 3500 1469 3562 de
1491 3499 1581 3563 rebus

224 3606 457 3683 obscurioribus,
480 3607 649 3672 titubantes
673 3608 795 3688 saepius
817 3606 850 3672 in
867 3625 1007 3670 sermone
1025 3605 1123 3670 miuus
1141 3606 1265 3681 usitato,
1287 3605 1440 3689 exquisita
1461 3606 1580 3687 linguae
1619 3613 1621 3616 ⁴

223 3712 355 3777 Latinae
378 3713 508 3779 scientia
525 3714 706 3792 sublevavit,
730 3713 780 3776 hic
798 3721 942 3796 suscepto
960 3722 1065 3796 typum
1083 3712 1283 3794 perspiciendi
1296 3720 1329 3776 et
1347 3711 1581 3795 recognoscendi

223 3839 313 3884 onere
335 3819 494 3901 plurimum
517 3817 656 3884 insnmsit
678 3838 803 3905 operae,
827 3825 862 3883 ut
883 3827 991 3904 typus,
1015 3827 1160 3902 quantum
1180 3819 1244 3883 fieri
1262 3825 1377 3900 posset,
1401 3837 1581 3901 puruspro·

224 3925 304 3990 diret
321 3932 354 3988 et
371 3926 551 4008 castigatus.

310 4029 474 4099 Rationem
504 4030 537 4095 iu
565 4030 745 4112 colligendis
766 4030 893 4116 Keplcri
926 4031 1066 4115 operibus
1097 4030 1276 4097 redunimus
1307 4030 1408 4110 illam,
1438 4049 1529 4114 quam
1550 4029 1583 4094 iu

199 4144 202 4148 ’
222 4140 389 4222 Prospectu
411 4137 640 4220 proposuimus:
720 4184 730 4201 t

312 4233 494 4327 colligenda
514 4243 676 4308 statuimus
699 4244 828 4323 omnia,
853 4264 931 4327 quae
954 4244 1049 4308 edidit
1062 4244 1224 4327 Keplerus,
1247 4263 1349 4327 opera,
1372 4243 1510 4327 exeeptis
1531 4243 1580 4321 iis,

224 4369 300 4434 quse
323 4350 397 4415 nihil
419 4351 478 4415 nisi
500 4340 623 4414 tabulas
645 4352 790 4417 referunt.
823 4351 983 4416 Accedunt
1004 4351 1120 4434 aliquot
1141 4352 1296 4419 breviores
1314 4351 1420 4428 libelli,
1444 4351 1582 4415 adhunc

223 4474 317 4539 usque
351 4457 431 4522 diem
462 4457 593 4522 noudum
624 4457 705 4542 typis
738 4458 894 4541 expressi,
931 4463 965 4520 et
981 4458 1158 4540 epistolae,
1197 4465 1232 4522 nt
1268 4458 1410 4525 universa
1441 4457 1581 4522 collectio

224 4570 293 4627 octo
316 4562 409 4627 terme
437 4564 588 4628 volumina
616 4565 660 4628 sit
681 4566 885 4647 complexura.
930 4563 1139 4645 Epistularum
1161 4564 1241 4629 alias
1263 4572 1425 4648 excerptae
1449 4571 1522 4628 sunt
1543 4582 1582 4626 ex

224 4677 298 4733 nota
320 4669 466 4734 Hanschii
498 4670 695 4750 collectione,
729 4672 808 4735 alias
841 4691 861 4733 a
887 4670 1079 4735 bibliothecis
1107 4670 1360 4753 Stuttgartiensi,
1392 4669 1580 4744 Monacensi,

223 4775 392 4845 Viennensi
415 4776 542 4859 ubisque
565 4796 683 4842 summa
705 4776 890 4841 liberalitate
914 4777 1023 4841 editori
1046 4779 1188 4855 traditae,
1212 4779 1309 4855 aliae,
1334 4797 1428 4860 aeque
1450 4797 1488 4840 ac
1510 4777 1582 4842 bre-

224 4882 333 4956 viores,
357 4902 431 4965 quos
450 4882 589 4958 diximus,
611 4884 716 4971 libelli,
740 4886 914 4965 depromtae
934 4903 972 4948 ex
994 4885 1108 4965 majore
1132 4884 1196 4959 illa,
1220 4904 1310 4967 quam
1328 4885 1467 4964 diximus,
1485 4885 1582 4951 libro-
