3609 5634
287 313 356 392 258
835 309 958 376 Ar⁰¹⁰ai²
975 308 1098 372 nysseni·

288 482 321 538 et
342 474 466 538 Lunae:
491 471 578 552 quasi
601 480 658 532 non
682 488 779 549 aeque
801 469 902 544 deo',
934 468 974 543 ῼ,
1007 471 1088 545 an
1111 467 1149 529 de
1172 464 1213 544 Θ
1238 467 1318 538 ει)
1345 466 1392 527 vel
1416 464 1541 528 Eudoxo
1564 462 1650 544 priua

288 561 482 642 constitisset
503 560 541 621 de
565 558 752 639 digressione
784 559 891 620 horum
913 555 1141 620 evidentissima
1164 556 1202 618 ab
1217 563 1396 636 aequatnre:
1427 563 1459 614 et
1477 553 1563 634 quasi
1587 572 1648 614 nou

286 633 410 714 rodiam
434 649 544 711 annulo
568 647 703 726 singulos
727 666 781 727 pro
804 646 932 727 singulis
954 646 1087 726 planetis
1105 645 1250 706 Eudoxus
1272 643 1490 715 subordinarit,
1515 643 1564 723 qui
1590 642 1647 702 de-

287 737 457 802 clinationis
481 738 562 800 illius
586 737 767 817 varietatem
790 737 963 824 efficerent·
983 745 1037 796 ant
1060 734 1145 814 quasi
1171 752 1266 813 unque
1282 731 1429 813 Calippus
1453 731 1646 794 aniruadver

287 828 373 903 terit,
407 824 428 903 li
456 835 488 888 et
515 825 546 899 ll
569 844 664 906 aeque
694 834 784 905 atque
813 834 932 886 ceteros
950 781 981 887 5
1006 824 1134 885 diversis
1166 821 1351 903 temporibus
1379 821 1580 902 inaequaliter
1607 821 1647 880 ab

287 924 451 998 aequatnre
478 916 603 977 distare
620 916 758 1002 Itaque
785 933 852 976 oum
858 905 959 976 nihil
982 930 1036 993 pro
1060 932 1093 974 se
1117 913 1335 974 Fracastnreus
1363 911 1648 988 attemptantes

287 1022 425 1067 numeros
453 1012 609 1065 secuturos
645 1022 755 1083 eosque
783 1003 866 1064 varie
890 1002 919 1063 in
940 1001 1161 1081 exemplaribus
1184 1001 1382 1080 depravatos,
1415 998 1508 1060 hnc
1500 1018 1530 1060 m
1554 1017 1647 1062 caesa

286 1113 406 1156 manere
430 1092 579 1166 existimo,
605 1092 679 1154 duos
702 1091 911 1154 tantummodo
926 1090 991 1153 Soli
1014 1101 1047 1152 et
1060 1092 1165 1152 Lunae
1189 1091 1277 1152 orbas
1301 1109 1321 1151 a
1344 1086 1473 1190 Calippo
1497 1087 1643 1168 adjectos,

286 1202 344 1244 nnn
377 1189 518 1262 quatuor,
551 1182 581 1244 h.
607 1199 635 1242 e.
666 1182 771 1261 cuique
802 1180 1076 1255 unnm31additum
1100 1198 1169 1240 vero
1203 1178 1330 1257 singulis
1357 1196 1396 1240 ex
1424 1177 1552 1257 quinque
1588 1194 1646 1237 unu

286 1271 496 1334 declinationis
525 1279 579 1332 aut
601 1270 784 1344 latitudinis,
813 1271 869 1330 aed
897 1267 1133 1332 eooenmicitatis
1161 1267 1335 1330 afficiendae
1359 1286 1461 1330 musa.
1510 1266 1646 1328 Videant

287 1359 353 1440 alii,
387 1380 425 1430 an
450 1360 516 1422 sola
539 1378 729 1424 numerorum
746 1359 908 1422 concordia
931 1356 1075 1432 sufficiat,
1107 1365 1141 1418 ιιι
1158 1366 1345 1431 statuamus,
1374 1354 1527 1435 cognitam
1551 1354 1645 1415 luisse

286 1445 414 1532 Catippa
444 1448 593 1528 geminam
618 1449 647 1510 iu
672 1449 758 1510 huna
791 1446 1053 1528 inaequalitatem,
1087 1445 1127 1508 ad
1150 1446 1235 1525 nujus
1258 1454 1390 1508 motuum
1418 1443 1644 1508 similitudinem

286 1536 378 1600 etiam
409 1535 491 1600 Solis
529 1537 775 1616 inaequalitatem
807 1536 956 1615 geminam
991 1536 1106 1597 iecerit.
1158 1536 1284 1598 Manent
1315 1532 1406 1614 igitur
1438 1534 1495 1596 hac
1527 1533 1643 1594 ratione

283 1621 361 1705 liet
380 1625 412 1700 hl
434 1626 522 1687 orbes
546 1625 700 1706 quaterni,
734 1633 773 1698 d,
798 1629 833 1704 Q,
864 1624 1036 1698 Qveniunt
1058 1625 1147 1686 orbes
1171 1623 1265 1703 quini,
1295 1619 1335 1699 Θ
1356 1624 1437 1694 ει)
1468 1621 1577 1684 infimis
1599 1621 1644 1695 (in

285 1714 484 1778 Aristotelian
508 1714 705 1795 sphaerarum
721 1715 841 1788 ordine)
871 1712 977 1776 itidem
996 1711 1143 1792 quaterni
1183 1713 1262 1775 Hinc
1291 1714 1342 1775 lux
1366 1711 1490 1776 affertur
1517 1710 1644 1774 obscuro

282 1801 460 1884 Aristotelis
485 1804 550 1864 loon
580 1802 630 1864 lib.
655 1804 697 1865 ΙΙ
726 1804 763 1865 de
791 1803 876 1866 coelo
903 1821 972 1882 oap.
1000 1799 1050 1864 12.
1097 1801 1152 1863 Ait
1176 1800 1215 1862 ibi
1240 1800 1440 1863 Aristoteles:
1473 1800 1547 1881 „qui
1573 1800 1643 1882 pla-

285 1875 377 1976 netas
398 1892 527 1956 medium
552 1899 689 1958 teneant,
723 1912 775 1953 eos
797 1891 932 1970 pluribus
961 1892 1092 1953 motibus
1115 1890 1220 1953 oieri“
1266 1892 1383 1970 Nempe
1407 1889 1518 1964 hicn,
1543 1892 1580 1967 Q,
1606 1888 1650 1970 Q,

284 1963 374 2064 medii
398 1981 559 2052 secundum
583 1980 797 2055 Aristotelem,
823 1978 921 2060 quinis
944 1980 1076 2042 motibus
1100 1978 1226 2054 cientur,
1250 1975 1327 2056 liat
1347 1978 1379 2053 ll
1401 1977 1522 2053 summi,
1548 1974 1588 2055 Θ
1613 1987 1645 2039 et

284 2055 349 2141 )l'
341 2069 407 2143 rmi,
437 2070 591 2149 quaternis
620 2078 748 2132 tautum.
795 2067 863 2139 Quo
892 2071 940 2130 vel
969 2069 1034 2130 solo
1064 2069 1129 2130 loco
1159 2077 1265 2129 nostra
1292 2065 1504 2146 interpretatio
1537 2075 1645 2129 eontra

184 2225 196 2242 ,
283 2159 516 2220 Franastoreum
539 2159 677 2221 munitur.
723 2158 878 2220 Hactenus
902 2176 975 2237 ergo
998 2177 1088 2219 uuam
1110 2164 1230 2236 partem
1251 2157 1399 2237 propositi
1418 2156 1464 2220 sui
1488 2155 1644 2235 expedivit

284 2241 483 2320 Aristoteles,
513 2246 583 2308 dum
607 2265 699 2326 snpra
721 2247 778 2309 sibi
803 2246 960 2325 proposuit
987 2246 1252 2326 „interrogandos,
1282 2246 1331 2326 qui
1360 2247 1434 2308 haec
1458 2243 1643 2325 inquirunt.“

283 2336 355 2418 Japn
378 2335 513 2415 sequitur
536 2335 636 2397 altera
657 2354 747 2415 pars;
778 2335 901 2396 dicebat
923 2355 1051 2415 namque
1074 2334 1206 2414 „partim
1234 2334 1292 2396 sibi
1316 2334 1518 2414 quaerendum
1541 2332 1642 2396 esae.“

283 2426 392 2503 Itaque
413 2424 499 2486 addit
522 2424 567 2496 (in
591 2424 726 2503 Metaph.
749 2425 808 2486 loo.
833 2423 917 2497 cit.):
948 2426 998 2498 „si
1021 2432 1122 2485 autem
1146 2443 1248 2485 omnes
1272 2423 1359 2497 simpl
1386 2422 1506 2503 positae
1530 2422 1641 2484 debent

285 2513 502 2598 apparentibus
527 2513 716 2590 satisfacere,
741 2533 865 2590 necesse
889 2521 939 2576 est
962 2512 1124 2576 seeundum
1147 2531 1384 2593 unumquemque
1402 2514 1559 2591 planetam
1575 2530 1641 2572 esse

285 2602 363 2664 alias
387 2602 535 2682 sphaeras
558 2601 808 2682 uuripauoiores,
833 2621 910 2682 quaa
935 2602 1095 2665 revolvant
1118 2610 1149 2661 et
1171 2601 1211 2662 ad
1235 2601 1316 2676 idem
1338 2602 1503 2664 restituant
1526 2618 1642 2682 semper

286 2690 414 2769 primam
437 2691 597 2772 sphaeram
620 2687 730 2770 stellae
756 2693 761 2703 '
753 2691 832 2762 mira
855 2691 1029 2768 ordinatae:
1059 2689 1115 2751 hoc
1139 2689 1217 2752 euim
1240 2692 1454 2769 paetn'solum
1476 2689 1641 2769 confinget,

284 2778 474 2859 planetarum
498 2773 598 2842 mo'tus
622 2789 782 2860 praestare
804 2781 918 2856 omnia,
948 2799 1025 2859 quae
1049 2780 1231 2879 apparent.u
1275 2779 1333 2841 Hie
1356 2799 1404 2841 me
1428 2777 1601 2842 aliorsum'
1594 2798 1640 2838 ιιι

285 2865 447 2931 elinantem
477 2869 737 2931 Fraaastoreus'
729 2889 758 2930 ιιι
786 2869 877 2946 viam
900 2869 1035 2936 reduxit:
1067 2869 1203 2949 quamvis
1235 2867 1264 2929 in
1296 2868 1472 2947 quibusdam
1505 2867 1584 2930 ab
1576 2885 1640 2958 rpao

285 2957 448 3019 etiamnum
471 2939 683 3032 dissentiam,
685 2977 808 3039 quorum
832 2958 888 3022 hnc
912 2958 1039 3058 primum
1062 2965 1120 3029 est,
1144 2957 1223 3036 qaod
1243 2976 1330 3058 Nquae
1347 2958 1395 3020 hic
1420 2955 1458 3020 ab
1472 2955 1640 3026 Aristotele

268 3046 350 3125 *ipso
375 3046 591 3108 subnectuntur
620 3046 827 3126 philosophica
849 3046 958 3128 magis,
983 3065 1071 3125 qnam
1086 3045 1298 3121 astronomica,
1324 3047 1387 3126 ipse
1406 3046 1499 3110 etiam
1514 3043 1641 3126 Calippn

285 3131 404 3209 tribuit,
440 3135 518 3214 qnod
551 3135 773 3200 inconsiderate
802 3135 925 3198 fantum
972 3137 1079 3216 Itaque
1107 3134 1251 3197 Eudoxus
1283 3145 1315 3196 et
1338 3134 1485 3216 Calippns
1513 3135 1641 3198 totidem

285 3223 441 3302 ponebant
471 3222 501 3284 in
531 3223 656 3302 singulis
687 3223 878 3302 planetarum
906 3223 1044 3304 sphaeris
1072 3224 1175 3299 orbes,
1209 3233 1282 3304 quot
1309 3233 1441 3290 motuum
1472 3224 1640 3296 varietates

287 3310 587 3391 deprehendebantur
609 3311 640 3372 in
664 3312 764 3374 stella.
810 3313 996 3376 Aristoteles
1025 3312 1222 3393 philosophus
1250 3313 1344 3376 utitur
1367 3314 1519 3376 axiomata
1541 3312 1640 3393 philo-

285 3399 425 3480 sophico,
458 3400 619 3479 superioris
650 3412 765 3462 motum
794 3401 947 3480 sphaerae,
972 3401 1184 3466 communicari
1215 3421 1282 3463 cum
1312 3401 1517 3477 inferioribus,
1553 3402 1641 3482 idque

286 3497 374 3568 raptu
399 3488 541 3568 quodam,
570 3496 604 3550 nt
626 3498 814 3570 quotcunque
837 3490 968 3564 motibus
997 3491 1127 3556 cieretur
1150 3490 1253 3570 aliqua
1275 3491 1426 3572 superior,
1459 3491 1586 3568 totidem
1609 3498 1644 3554 et

286 3595 389 3638 omnes
412 3577 499 3651 illas,
529 3596 605 3657 quae
628 3576 708 3639 iufra
732 3578 809 3640 hanc
833 3578 908 3651 siut,
939 3579 1030 3655 cieri,
1060 3579 1118 3642 nisi
1141 3580 1310 3644 renitantur
1336 3579 1457 3660 proprio
1490 3588 1523 3654 et
1550 3579 1641 3642 insito

287 3664 415 3744 quodam
438 3675 538 3726 motus
561 3665 716 3746 principio.
764 3668 870 3748 Itaque
894 3666 1118 3749 qqiaaxempli
1139 3670 1248 3748 gratia,
1265 3670 1342 3732 imus
1356 3665 1377 3746 ii
1392 3668 1474 3731 orbis
1497 3670 1583 3744 annis
1598 3664 1641 3732 30

286 3753 430 3828 circumit,
455 3764 595 3833 rapturus
619 3768 668 3818 est
689 3757 818 3835 primurn
839 3756 936 3832 lovis,
961 3765 994 3820 ut
1013 3758 1038 3818 is
1053 3758 1179 3819 fixarum
1197 3766 1310 3828 motum
1324 3767 1454 3838 nequeat
1468 3758 1639 3822 observare.
1715 3790 1727 3804 o

287 3839 480 3921 Quapropter
509 3851 629 3923 oportet
656 3845 758 3905 orbern
786 3843 913 3924 primum
935 3846 966 3919 ‘ll
993 3845 1021 3906 in
1046 3846 1228 3910 contrarium
1250 3848 1389 3922 tendere,
1421 3857 1456 3910 ut
1485 3848 1572 3912 annis
1596 3842 1639 3909 30

284 3930 378 3992 semel
401 3931 492 3992 imum
510 3932 632 3994 Saturni
656 3932 686 3996 in
710 3934 880 4014 oppositum
903 3945 1060 4014 percurrat
1084 3935 1183 3998 etsie
1206 3937 1311 3998 eodem
1335 3938 1400 3998 loco
1419 3946 1553 4000 maneat.
1595 3937 1640 3996 At

286 4019 342 4080 hoc
365 4019 477 4099 primus
500 4020 530 4094 ‘ll
552 4030 709 4100 praestare
733 4024 846 4102 nequit,
870 4024 964 4092 babet
987 4024 1064 4086 enim
1083 4024 1165 4086 aliud
1181 4024 1319 4096 officium,
1342 4035 1378 4087 ut
1395 4021 1539 4106 sequatur
1554 4027 1639 4098 fixas,

288 4117 319 4168 et
343 4107 466 4170 Terram
495 4109 658 4173 circumeat
687 4111 767 4172 horis
792 4109 844 4178 24.
891 4113 998 4193 ltaque
1026 4116 1262 4176 restituente
1290 4113 1338 4175 hia
1367 4134 1442 4194 npus
1465 4125 1528 4190 est,
1563 4132 1639 4196 quae

285 4197 350 4258 lnoo
369 4199 484 4276 primae
498 4197 616 4271 Joviae,
640 4198 670 4260 id
694 4200 771 4279 quod
796 4203 1002 4265 necessarium
1016 4223 1084 4264 esse
1098 4204 1237 4277 diximus,
1261 4202 1384 4266 efficiat
1430 4203 1525 4268 Porro
1540 4214 1641 4268 autem

284 4286 341 4345 hac
369 4287 549 4349 restituente
578 4290 616 4350 ab
639 4289 725 4349 unico
749 4301 832 4352 motu
859 4290 936 4352 imae
961 4289 1123 4356 Saturniae
1153 4291 1311 4366 liberatur,
1345 4292 1455 4356 ceteris
1479 4291 1639 4356 Saturnian

286 4374 444 4452 sphaerae.
462 4377 625 4439 etiamnum
652 4376 791 4440 obnoxia.
839 4377 1032 4460 Quapropter
1065 4381 1191 4444 totidem
1223 4381 1454 4444 restituentibus
1484 4400 1558 4463 opus
1583 4380 1640 4442 erit

284 4463 419 4540 proxime
442 4463 520 4525 infra
543 4465 681 4547 sequenti
705 4466 775 4528 Jovi
799 4467 922 4548 ejusque
945 4468 1040 4549 primo
1059 4468 1137 4543 orbi,
1164 4480 1237 4549 quot
1259 4472 1379 4534 omniun
1402 4471 1524 4533 orbibus
1547 4487 1639 4549 supa·

285 4549 346 4611 rior
368 4547 388 4628 li
413 4554 522 4615 fertur:
555 4553 743 4622 unamines.
789 4556 870 4618 Nam
893 4558 943 4619 nbi
970 4559 1070 4638 prima
1091 4559 1179 4620 Jovis
1208 4577 1262 4638 per
1286 4559 1481 4626 restituentes
1510 4559 1641 4624 liberata

286 4638 378 4700 fuerit
406 4641 443 4702 ab
468 4641 536 4704 aliis
560 4642 685 4705 Saturni
708 4644 852 4720 motibus,
883 4645 1012 4710 obnoxia
1038 4657 1140 4710 tarum
1169 4648 1266 4712 adhuc
1288 4649 1401 4729 primae
1425 4644 1460 4727 b,
1484 4668 1542 4726 nep
1565 4667 1640 4728 opus

248 4751 257 4762 ·
285 4736 335 4788 est
357 4729 441 4791 illam
464 4731 554 4792 etiam
582 4733 621 4793 ab
645 4732 733 4811 bipes
757 4745 838 4795 motu
867 4735 1004 4796 liberari:
1034 4756 1101 4800 enm
1124 4737 1277 4818 utriqsque
1306 4738 1388 4814 idern
1415 4746 1515 4806 metus
1543 4738 1585 4800 sit
1608 4746 1640 4798 et

285 4818 451 4880 communia
475 4820 622 4899 sphaerae
645 4823 781 4886 fimum.
828 4820 1089 4902 Quemadmodum
1113 4825 1206 4906 igitur
1227 4824 1371 4910 primali
1391 4835 1504 4894 motum
1527 4828 1641 4894 nullum
