3609 5634
459 251 561 303 Literae
579 250 682 317 Repleri
706 252 861 319 aliorumque
878 263 984 308 mutuae
1008 257 1040 310 de
1057 258 1130 310 rebus
1149 259 1310 326 astrologicis.
1497 259 1565 328 295

168 403 290 484 elegit
322 409 460 474 modum:
495 410 520 473 si
544 409 599 474 Sol
627 411 676 475 die
705 413 876 477 nativitatis
911 416 1065 496 cujusdam
1097 418 1226 482 hominis
1254 428 1372 486 certum
1403 420 1499 486 locum
1531 422 1563 488 iu

168 494 328 560 zodiaco
353 500 483 563 obtinuit
511 509 542 562 et
566 502 689 581 planeta
713 502 824 582 aliquis
852 506 1052 583 postmodum
1072 507 1135 568 alio
1159 509 1288 588 quodam
1311 509 1463 588 iuvenitur
1485 510 1561 585 loto,

171 589 366 684 secundom
391 590 612 669 astrologorum
636 592 818 653 sententiam
842 594 944 672 gravi,
969 605 1124 675 computat
1148 606 1221 677 quot
1243 599 1348 661 diebus
1372 619 1392 659 a
1414 598 1562 664 nadilia-

172 681 224 732 trs
255 675 317 737 die
342 675 396 738 Sol
420 679 459 739 ad
484 679 608 740 eundem
632 681 803 758 pervenerit
826 682 938 755 locum3
968 703 1106 745 uumerus
1137 686 1240 750 horum
1270 688 1384 749 dierum
1414 688 1564 766 siguificat

172 763 334 827 totidem
356 785 467 842 anuos,
492 768 598 847 quibus
623 769 735 848 elapsis
761 768 828 830 iude
852 790 871 830 a
894 772 1066 834 nativitatis
1091 774 1140 835 die
1165 775 1212 837 vis
1239 775 1326 855 hujus
1350 776 1562 842 constellatio-

173 850 235 911 nis
266 855 417 934 prodibit.
482 930 485 934 .

292 944 489 1023 Praecipuum
513 945 572 1006 vim
602 945 714 1006 habent
744 946 906 1008 secundum
934 948 1106 1028 astrologos
1130 943 1289 1014 duodecim
1318 951 1435 1014 zodiaci
1463 953 1560 1032 signa,

177 1031 431 1112 dispositacum
446 1035 525 1108 bina,
552 1043 613 1095 tum
629 1035 707 1094 trinu
727 1035 780 1098 hc.
828 1036 900 1096 Alia
924 1045 996 1097 sunt
1018 1039 1145 1112 aestiva,
1171 1040 1233 1101 aliu
1256 1041 1397 1113 hiberua;
1422 1041 1483 1106 alia
1506 1060 1561 1104 ca·

177 1120 274 1197 lida,
302 1123 453 1202 aquatica,
477 1131 579 1184 terrea
594 1123 667 1196 hc,
692 1124 859 1185 masculina
874 1132 907 1185 et
921 1125 1070 1202 feminina,
1096 1128 1224 1190 humana
1239 1137 1271 1191 et
1285 1130 1373 1192 bruta
1387 1131 1441 1192 lic.
1489 1128 1560 1194 Sin·
1663 1148 1670 1152 ·

180 1211 293 1288 gulae
325 1211 436 1272 Terrae
468 1213 605 1292 regiones
636 1212 695 1272 illis
724 1213 862 1291 subjecta
894 1221 980 1288 suut,
1019 1225 1050 1276 et
1082 1217 1126 1278 sic
1155 1236 1253 1296 porro.
1275 1217 1369 1279 -Si
1403 1217 1470 1298 quis
1497 1237 1562 1284 rem

180 1300 322 1379 plenius
341 1318 522 1379 cognoscere
546 1301 628 1373 velit,
654 1320 720 1362 eum
744 1301 920 1380 ablegamus
945 1304 982 1362 ad
998 1304 1206 1368 Ptolemaei
1232 1307 1301 1380 „De
1319 1306 1442 1386 judiciis
1457 1315 1560 1368 astro-

183 1393 293 1450 rum“
316 1389 424 1450 Libros
448 1390 504 1464 IV,
530 1390 576 1451 vel
601 1390 639 1451 ad
664 1388 832 1452 Cardaui
858 1389 1113 1455 commentarium
1138 1396 1176 1456 ad
1200 1396 1256 1457 hoc
1280 1414 1363 1474 opus,
1387 1395 1436 1458 vel
1459 1396 1560 1475 potis-
1628 1467 1635 1475 ,

187 1479 313 1550 simum
337 1477 376 1538 ad
401 1476 557 1558 Origani
580 1478 797 1558 Ephemerides
822 1480 978 1551 (Frauooi.
1006 1478 1122 1556 1609),
1152 1484 1200 1564 qui
1225 1483 1381 1562 praemisit
1404 1483 1450 1546 his
1474 1484 1557 1550 iute-

190 1586 291 1648 grum
318 1567 472 1642 uolumen,
505 1568 534 1627 in
566 1586 623 1646 quo
656 1569 693 1629 de
716 1569 882 1647 astrologia
911 1570 1059 1649 exquisite
1088 1580 1121 1632 st
1149 1581 1289 1635 accurate
1319 1571 1452 1652 (paginis
1478 1568 1558 1645 790)

191 1657 351 1736 disputat.
650 1656 653 1661 ’
1363 1681 1367 1686 ’

275 1816 322 1865 His
339 1813 481 1879 praemissis
498 1815 631 1863 transimus
649 1814 682 1863 ad
701 1829 745 1872 ea,
772 1828 836 1878 quae
854 1815 978 1879 Keplerus
997 1819 1050 1881 egit
1075 1833 1131 1868 cum
1151 1819 1237 1867 amicis
1255 1818 1286 1868 de
1306 1819 1377 1868 rebus
1398 1819 1559 1888 astrologicis,

194 1888 347 1951 libellosque
365 1885 445 1949 ipsos,
474 1899 533 1949 quos
553 1886 583 1934 de
603 1885 736 1952 astrologia
754 1885 844 1949 publici
859 1889 921 1949 Juris
950 1888 1022 1945 iecit,
1048 1892 1102 1953 qui,
1128 1898 1156 1939 ut
1180 1890 1298 1946 diximus,
1329 1890 1403 1953 pauci
1422 1899 1493 1946 sunt.
1522 1906 1561 1940 re·

198 1972 331 2010 muamus
350 1956 478 2006 addendos
495 1956 573 2006 literis
591 1958 701 2020 privatis.
1516 2000 1520 2008 ,

277 2028 503 2078 calendarium
521 2031 580 2077 auui
601 2024 668 2077 1595
688 2028 828 2093 Tubinganr
846 2029 913 2088 misit
933 2030 1064 2094 Kepleros,
1085 2030 1271 2081 llaestlino
1290 2031 1329 2081 die
1349 2028 1391 2080 29.
1406 2028 1461 2081 Oct
1483 2028 1561 2089 ieet.

201 2103 236 2151 de
256 2106 341 2159 „statu
359 2113 439 2149 rerum
458 2099 574 2148 suarum“
594 2100 755 2163 perscribens.
775 2099 807 2148 ab
821 2113 899 2163 eoque
912 2109 1007 2164 petens,
1026 2109 1055 2149 ut
1075 2101 1243 2165 „exemplaria
1262 2101 1404 2152 Calendarii
1424 2116 1483 2152 ase
1503 2103 1563 2158 editi

202 2175 244 2228 iis,
274 2172 362 2235 quibus
380 2171 499 2232 inscripta
517 2177 614 2226 eraut,“
636 2170 800 2220 distribueret.
839 2170 941 2219 Literae
959 2172 1018 2232 hae,
1038 2174 1125 2235 quibus
1142 2173 1265 2237 Keplerus
1284 2174 1381 2222 initium
1401 2173 1460 2222 iecit
1479 2172 1562 2226 litera-

202 2260 258 2294 rum
283 2242 420 2292 dandarum
446 2242 690 2305 recipiendarumque
710 2256 765 2292 curu
787 2239 930 2298 Massiliae,
965 2244 990 2291 iu
1019 2243 1164 2293 collectione
1192 2245 1414 2306 manuscriptorum
1436 2242 1562 2310 stuttgar-

202 2316 277 2365 tisusi
296 2310 386 2376 (comp.
404 2327 429 2374 p.
450 2309 488 2370 7.)
508 2311 604 2362 dmuut
642 2311 837 2376 Responsionem
861 2327 917 2362 rero
943 2312 1111 2364 Maestilui
1137 2315 1237 2363 exhibet
1258 2314 1401 2363 Haasebius
1424 2329 1448 2376 p.
1469 2313 1493 2363 i.
1518 2314 1561 2364 da·

203 2392 313 2435 sumtum
332 2399 346 2432 e
364 2382 420 2430 Vol.
435 2382 496 2432 llas.
517 2381 631 2432 Viennae
656 2389 798 2433 conservato
824 2381 891 2444 (ride
910 2398 985 2447 supra
1008 2400 1031 2447 p.
1052 2384 1067 2432 7
1087 2392 1113 2434 et
1131 2383 1196 2445 bh).
1234 2385 1391 2448 Exemplaria
1412 2383 1562 2442 Calendarii.

203 2456 289 2507 scribit
316 2453 473 2511 Maestlinus,
502 2461 561 2504 ate
580 2455 640 2504 editi
668 2455 779 2503 distribui
806 2456 848 2510 iis.
878 2456 964 2518 quibus
991 2456 1109 2519 iuscripta
1137 2462 1215 2506 erant.
1254 2455 1293 2504 Ea
1322 2455 1396 2520 louge
1421 2458 1564 2518 gratissima

203 2529 319 2582 morunt,
340 2527 388 2574 uisi
406 2526 472 2589 quod
489 2541 578 2576 norom
602 2525 693 2584 stilum,
720 2524 787 2589 apud
804 2540 849 2574 uos
870 2526 1032 2582 inusitatum,
1057 2540 1111 2575 omn
1135 2527 1211 2576 reteri
1230 2533 1312 2574 nostro
1335 2528 1494 2587 conjunctum
1512 2540 1563 2576 nou

202 2600 306 2649 habeut.
343 2597 442 2646 Gratias
461 2612 513 2646 una
530 2611 627 2646 mecum
646 2603 725 2661 agunt
743 2597 864 2645 maximas
882 2602 956 2661 teque
975 2598 1000 2656 in
1019 2598 1126 2647 statione
1144 2597 1189 2647 illa
1206 2603 1252 2646 tua
1269 2611 1372 2661 pergere
1388 2596 1489 2658 jubent,
1516 2610 1563 2646 nec

204 2671 376 2725 dubiumst,
396 2669 454 2732 quin
473 2683 519 2732 ope
538 2668 621 2717 diviua
640 2666 756 2731 Spartam
774 2673 843 2718 tuam
862 2669 962 2733 egregie
981 2669 1014 2717 sis
1033 2677 1201 2717 exornatores.
1222 2701 1273 2715 ...
1298 2668 1394 2717 Thema
1412 2659 1495 2717 aldrris
1512 2669 1563 2718 urei

203 2740 228 2792 J.
242 2741 269 2790 C.
283 2738 437 2790 Burchhardi
455 2739 564 2789 nondum
582 2740 680 2788 omnino
693 2739 793 2804 perlegi,
814 2755 860 2789 neo
871 2739 951 2798 adhuc
966 2754 1051 2789 socero
1063 2754 1119 2789 meo
1132 2740 1236 2789 exhibui.
1274 2738 1298 2787 is
1311 2739 1352 2789 ubi
1365 2753 1431 2788 nnuc
1453 2747 1564 2789 senemr

151 2833 155 2838 ·
205 2814 289 2864 nmoio
308 2810 353 2860 isc.

276 2884 348 2944 Quae
374 2882 407 2932 ad
431 2882 477 2931 bas
495 2879 621 2930 Mnesthei
648 2880 733 2930 literas
756 2880 883 2944 respondit
899 2881 1037 2944 ΚορΙοω.
1067 2881 1184 2946 leguntur
1207 2894 1282 2945 supra
1306 2896 1329 2944 p.
1349 2878 1386 2942 7„
1404 2882 1429 2929 in
1451 2895 1502 2946 qua
1520 2894 1563 2931 rc·

204 2955 334 3021 sponsione
361 2951 497 3016 Keplerum
520 2951 723 3016 deprehendimus
749 2951 938 3002 divinationibus
965 2953 1016 3002 suis
1042 2953 1080 3001 de
1104 2959 1253 3014 tenpestate
1280 2953 1339 3001 auui
1367 2949 1434 2999 1595
1460 2957 1562 3002 conten·

206 3034 273 3087 tum,
298 3025 457 3076 scribentem:
484 3025 563 3086 ipsum
582 3023 680 3086 quidem
699 3022 875 3073 Calendariuur
894 3022 974 3073 adhuc
994 3019 1049 3084 (18.
1068 3019 1140 3086 Jan.)
1161 3031 1255 3073 certum
1275 3029 1321 3072 est.
1359 3022 1446 3089 Frigus
1463 3019 1561 3074 inaudi-

207 3106 260 3148 tum
277 3099 303 3146 iu
320 3096 360 3145 his
378 3095 518 3161 regionibus
537 3089 581 3143 dte.

276 3168 368 3220 Iisdem
399 3166 431 3215 ad
455 3164 615 3215 Maestliuura
643 3162 708 3213 detis
734 3163 812 3213 literis
840 3165 953 3227 adjunxit
979 3163 1101 3229 Keplerus
1131 3163 1216 3214 literas
1242 3164 1274 3214 ad
1299 3165 1360 3214 alios
1388 3164 1445 3214 olins
1475 3178 1561 3227 „prae-

208 3238 334 3304 ceptores“
372 3253 445 3294 suos,
479 3235 682 3286 Matthaeuur
718 3234 984 3286 Haienreiierum
1034 3233 1095 3297 („D.
1127 3234 1160 3285 D.
1196 3235 1350 3286 Haiereffero
1384 3236 1463 3285 scn'bo
1500 3235 1560 3288 iac·

210 3319 294 3366 mnus,
322 3314 348 3359 et
371 3312 424 3372 jam
449 3310 580 3372 septimam
607 3308 725 3372 pagiuam
750 3308 859 3357 absoiri“
887 3309 991 3356 nunciat
1010 3304 1157 3366 Maestiiuo)
1181 3314 1207 3357 et
1226 3306 1423 3370 Stephanum
1453 3306 1561 3358 Gerla-

208 3382 308 3434 obium
326 3378 478 3445 (theologiae
491 3379 652 3443 professorem
666 3377 771 3443 Tubing.
791 3373 909 3439 ῒίθίῖ).
946 3378 1047 3428 Literae
1066 3379 1098 3428 ad
1111 3378 1308 3426 Haieurell'erum
1320 3378 1395 3427 datae
1409 3378 1512 3432 desunt:
1533 3392 1562 3428 ex

206 3455 243 3506 iis.
263 3467 327 3517 quae
344 3453 472 3515 respoudit
489 3450 543 3504 ille.
563 3450 626 3500 baec
646 3451 802 3512 apponimus:
821 3450 914 3512 Accepi
933 3465 1021 3512 smnus
1044 3457 1115 3498 tuum
1129 3449 1326 3513 chronologicum
1345 3454 1370 3496 et
1385 3447 1447 3512 legi,
1467 3445 1561 3496 duobus

207 3524 264 3573 mihi
283 3523 421 3572 nominibus
440 3523 619 3587 gratissimum,
646 3527 671 3568 et
689 3520 753 3583 quod
772 3520 849 3574 dono.
878 3527 904 3568 et
921 3521 1042 3571 maxime.
1074 3519 1139 3584 quod
1157 3533 1173 3567 a
1190 3525 1221 3568 te
1240 3519 1314 3568 venit.
1353 3517 1425 3577 Quod
1441 3518 1562 3580 iudicium
1640 3537 1642 3542 ·

206 3607 288 3646 meum
306 3595 413 3658 expetis,
440 3594 501 3643 illud
518 3607 580 3643 saue
602 3591 772 3640 lubentissime
799 3592 843 3640 tibi
863 3604 1021 3653 exponerem:
1050 3590 1094 3639 sed
1111 3589 1251 3638 huiusmodi
1270 3588 1357 3637 studiis
1376 3587 1495 3637 delectari
1514 3601 1560 3654 ego

207 3668 286 3732 magia
304 3680 378 3729 quam
396 3666 504 3716 exerceri
523 3664 598 3720 soleo,
617 3661 800 3711 mathematicis
821 3678 876 3711 cum
895 3663 991 3723 primis;
1011 3659 1160 3725 astrologica
1177 3675 1233 3709 roro
1254 3659 1365 3709 amultis
1380 3661 1452 3708 annis
1472 3665 1497 3708 et
1517 3659 1558 3708 de·

204 3739 302 3803 gustari
320 3743 346 3787 et
364 3737 469 3786 deserui.
506 3735 603 3800 Legem
620 3739 705 3781 tamen
724 3741 750 3781 et
777 3734 798 3781 si
815 3733 853 3781 ita
871 3732 985 3787 volueris,
1010 3732 1131 3794 iodicium
1150 3745 1232 3779 meum
1250 3731 1295 3779 tibi
1314 3732 1438 3793 aperiam,
1458 3731 1478 3778 si
1491 3731 1559 3794 cogi·

206 3809 314 3858 tationes
339 3815 397 3858 tuas
414 3809 496 3857 uidero
522 3806 552 3856 ds
571 3805 659 3853 studiis
682 3803 836 3868 astrologicis
854 3803 931 3852 literis
949 3803 1153 3867 comprehensas.
1182 3803 1218 3850 uti
1239 3804 1292 3864 jam
1318 3801 1440 3864 pollicitus
1459 3816 1494 3850 es.
1531 3800 1561 3850 ln

146 3881 160 3894 ”
205 3880 303 3944 reliquis
321 3879 468 3929 Maestlinus
485 3883 571 3927 noster
587 3875 671 3939 procul
691 3875 764 3924 dubio
782 3887 908 3938 uunquam
926 3875 981 3923 tibi.
989 3874 1075 3924 deerit.
1112 3871 1139 3922 Si
1156 3886 1234 3921 uuum
1252 3873 1328 3921 liceat
1345 3874 1486 3936 attingere,
1516 3886 1560 3935 op·

205 3957 299 4001 meur
318 3965 373 4016 ego,
397 3952 447 3999 tuis
473 3947 668 4014 ephemeridibus
694 3953 719 3996 et
738 3946 860 3996 calculum
880 3951 906 3996 et
932 3959 1025 3995 aeuum
1042 3945 1169 3994 lulianum
1189 3944 1341 4008 Gregoriam
1366 3943 1478 3993 additum
1496 3956 1559 3992 esse.

206 4021 247 4073 Sic
266 4025 330 4072 enim
352 4025 471 4085 maiorem
493 4035 565 4069 usum
583 4025 610 4067 et
626 4018 720 4067 lucrum
739 4018 805 4080 apud
827 4032 872 4066 uos
889 4017 1049 4073 habuisseut3
1073 4015 1118 4065 sed
1140 4021 1168 4064 tu
1185 4016 1287 4064 inservis
1307 4014 1358 4064 loro
1376 4013 1421 4063 lto.
1458 4013 1560 4064 cum

115 4147 126 4158 .
207 4091 248 4141 it.
267 4090 336 4156 (al.)
355 4093 418 4143 Nos.
438 4089 514 4141 1594.
552 4087 637 4152 (Quod
665 4104 724 4152 opus
744 4089 974 4155 „chronologicum“
1004 4090 1051 4138 uisi
1074 4090 1154 4151 ipsum
1180 4086 1241 4136 illud
1260 4085 1434 4135 calendarium
1460 4090 1558 4146 specta·

206 4166 268 4215 verit
280 4163 476 4220 flaburcham,
494 4161 626 4211 nescimus.
664 4159 738 4210 Certe
751 4160 874 4223 Keplerus
892 4161 933 4209 illo
952 4168 1062 4224 tempore
1075 4172 1160 4222 parum
1174 4157 1287 4207 addictus
1299 4157 1346 4205 iuit
1357 4156 1444 4205 studiis
1457 4153 1560 4205 chrono-

206 4236 298 4301 logicis,
318 4251 382 4302 quae
401 4235 433 4284 ab
451 4249 516 4285 anuo
535 4233 633 4282 demum
656 4228 721 4280 rol?
740 4235 838 4295 propius
857 4228 940 4292 auiis)

239 4409 245 4416 ·
278 4395 378 4446 Literae
395 4408 457 4460 quas
475 4392 544 4442 dedit
561 4391 683 4456 Kepierus
702 4391 735 4442 ad
754 4390 974 4442 Gerlachium.
1005 4405 1019 4440 e
1038 4386 1188 4439 bibliotheca
1206 4384 1323 4436 Gothana
1342 4383 1487 4440 demutas,
1511 4383 1560 4433 bas

206 4475 276 4520 suat:

265 4641 267 4644 v
294 4592 363 4654 Etsi
388 4589 464 4662 scio,
497 4586 660 4649 reverende
685 4593 717 4648 et
740 4584 906 4647 clarissime
930 4583 969 4645 D.
994 4581 1127 4651 Hector,
1163 4577 1348 4657 Praeceptor
1375 4574 1559 4649 honorande,

207 4679 423 4744 Reverentiam
446 4677 539 4740 Tuam
571 4678 657 4757 longe
687 4673 875 4756 gravioribus
900 4671 1009 4733 studiis
1034 4666 1188 4746 occupari,
1222 4684 1311 4746 quam
1344 4671 1378 4726 ut
1401 4664 1443 4726 illi
1477 4662 1559 4724 adsit

208 4772 300 4834 otium
335 4767 537 4849 inspiciendae
561 4763 770 4847 premeridis
801 4770 833 4826 et
866 4758 1066 4841 cognoscendi
1091 4756 1215 4819 frivolas
1239 4753 1461 4835 astrologorum
1483 4769 1557 4814 cou-
