3609 5634
269 371 334 440 282
733 370 763 421 ln
781 369 852 434 Apol.
871 369 952 433 'l'yeh
972 377 1060 422 costra
1077 370 1166 422 Ursum

345 534 393 589 De
414 535 479 589 lite
500 548 611 588 causa
629 533 883 602 hypothesium
905 532 1077 587 dominum
1098 533 1292 603 Tychonem
1313 535 1416 589 inter
1441 539 1477 587 ot
1497 534 1626 589 Ursum.

346 649 413 704 Cum
433 664 452 702 a
471 665 515 702 me
535 653 646 718 peteret
665 647 774 717 quidam
795 649 891 708 doctus
913 647 966 707 ιιι,
996 653 1027 700 ut
1048 663 1132 718 super
1153 649 1255 702 haere
1272 648 1404 717 judicium
1425 665 1515 702 meum
1536 651 1571 702 ad
1594 667 1627 702 se

267 729 472 801 perscriberem,
493 728 622 798 respondi
642 726 670 780 in
691 728 763 781 hunc
784 727 842 782 fere
863 729 978 790 modum,
1000 735 1133 797 quantum
1159 713 1223 781 mihi
1245 729 1387 783 succurrit.
1430 728 1549 782 Primum
1570 747 1627 782 non

265 808 442 872 dissimulavi,
463 825 506 861 me
527 808 606 861 irasci
630 808 707 870 Urso,
729 807 774 878 qui
796 808 917 877 epistola
937 824 1001 860 mea
1022 808 1175 861 inconsulto
1197 825 1240 861 me
1260 808 1404 877 publicata
1425 810 1504 862 foede
1519 810 1626 862 abusus

264 896 318 946 est.
361 889 459 959 ltaque
481 889 569 957 ipsum
590 887 764 941 considerare
781 887 867 956 jussi,
890 903 927 940 arr
948 888 1050 941 affectu
1071 888 1202 957 abripior.
1246 888 1352 941 Deinde
1379 888 1514 957 judicium
1535 906 1626 942 meum

265 974 298 1024 de
320 968 512 1023 scommatibus
534 968 606 1021 ferre
627 983 719 1020 coram
739 968 847 1021 homine
867 966 982 1036 politico
1003 968 1086 1020 nolui.
1129 968 1207 1029 Quod
1233 975 1326 1021 autem
1347 968 1535 1039 quaestionem
1557 969 1626 1022 atti·

267 1059 327 1112 net,
358 1055 421 1102 uter
442 1046 557 1102 alterius
578 1053 695 1116 usurpet
716 1047 902 1116 hypotheses,
933 1047 985 1100 etsi
1015 1047 1183 1116 hypothesin
1205 1047 1287 1101 aliam
1309 1066 1363 1119 ego
1385 1064 1497 1119 sequar,
1531 1055 1626 1101 mmen

264 1129 349 1184 videri
369 1144 446 1183 reum
467 1128 565 1181 Ursum
596 1126 745 1181 insimulati
775 1126 901 1180 criminis.
945 1128 1134 1180 Fundamenta
1163 1129 1233 1180 haec
1264 1129 1356 1182 fuere:
1392 1130 1498 1182 fatetur
1527 1129 1624 1190 Ursus,

264 1229 294 1264 se
316 1210 444 1262 schedam
471 1208 590 1277 aliquam
621 1206 751 1261 eDania
780 1207 896 1260 allatam
917 1208 990 1276 apud
1010 1208 1226 1277 Rollenhagium
1254 1207 1419 1271 ostendisse,
1451 1214 1481 1261 et
1500 1208 1553 1262 hoc
1574 1225 1625 1277 sp·

264 1291 353 1360 pellat
373 1288 476 1342 lurtum
497 1286 731 1357 philosophicum,
762 1295 908 1357 monetque
930 1287 1101 1358 Tychonem,
1124 1287 1212 1340 discat
1232 1288 1350 1358 posthac
1370 1304 1415 1340 res
1437 1303 1503 1340 suas
1524 1289 1625 1341 melius

264 1367 409 1423 custodire.
451 1368 568 1422 Fatetur
588 1366 667 1428 idem,
689 1384 744 1420 oon
763 1383 794 1419 se
814 1368 930 1436 primurn
945 1384 1006 1419 esse
1022 1368 1210 1438 hypotheseos
1225 1367 1298 1421 illius
1314 1375 1464 1429 auctorem,
1490 1367 1540 1420 nisi
1555 1384 1624 1437 qna·

263 1455 344 1504 tetus
359 1448 471 1501 Terram
494 1446 745 1501 fecitrevolutione
759 1446 857 1500 diurna
871 1447 1007 1501 mobilem.
1038 1447 1087 1500 Ait
1101 1447 1230 1516 denique,
1256 1447 1371 1501 indidem
1396 1465 1425 1499 se
1449 1448 1625 1516 excerpsisse

263 1527 443 1600 hypotheses,
458 1529 530 1581 unde
544 1533 574 1581 et
588 1527 682 1597 Tycho
697 1526 882 1595 excerpserit:
908 1543 972 1580 nam
995 1534 1109 1580 exstare
1133 1526 1160 1580 in
1175 1527 1325 1597 Copernico
1348 1533 1378 1580 et
1392 1528 1553 1580 Ptolemaeo
1572 1545 1625 1581 ex·

262 1625 368 1680 presse.
410 1611 450 1661 At
469 1608 522 1660 hoo
543 1607 669 1659 ultimum
693 1605 793 1659 falsum
816 1613 867 1669 est,
892 1624 943 1659 nec
957 1607 1028 1660 enim
1047 1613 1162 1660 exstant
1175 1607 1254 1660 dictis
1269 1595 1335 1661 locis
1358 1607 1425 1660 illae
1439 1607 1622 1678 hypotheses.

262 1691 339 1760 Ergo
354 1706 390 1741 cx
404 1687 457 1740 hoc
479 1687 551 1741 falso
565 1691 595 1739 et
609 1685 697 1739 trihus
720 1684 814 1755 primis
829 1685 909 1750 veris,
935 1689 1005 1756 quod
1027 1687 1131 1741 nonsit
1146 1688 1271 1741 inventor
1294 1687 1397 1757 primus
1420 1687 1620 1757 hypotheseos,

263 1770 334 1840 quod
348 1768 411 1821 inde
426 1767 531 1820 habeat
544 1765 712 1836 hypothesin
726 1767 797 1822 uude
811 1774 841 1819 et
850 1767 952 1837 'l'ycho‚
968 1769 1039 1837 quod
1054 1768 1182 1821 schedam
1196 1767 1340 1836 Tychonis,
1362 1767 1390 1820 in
1405 1783 1460 1836 qua
1474 1775 1537 1819 erat
1549 1767 1623 1819 haec

262 1847 442 1920 hypothesis,
466 1845 626 1908 abstulerit,
652 1845 730 1915 quasi
752 1863 788 1898 ex
812 1846 956 1900 elementis
979 1846 1141 1917 quibusdam
1164 1847 1336 1916 componitur
1358 1847 1428 1899 haec
1451 1845 1621 1913 conjectura,

262 1926 399 1998 Tychonis
414 1924 584 1996 hypothesin
598 1926 634 1978 ab
649 1925 719 1978 Urso
733 1931 843 1993 raptam
858 1933 888 1979 et
903 1943 1019 1994 prosus
1040 1928 1213 1981 vindicatam.
1258 1928 1335 1989 Quod
1349 1935 1443 1980 autem
1457 1944 1511 1979 uon
1526 1931 1623 1979 exstet

263 2006 402 2079 'tychonis
416 2004 580 2077 hypothesis
604 2004 633 2058 iu
648 2005 798 2074 Copernioo
813 2012 843 2058 et
856 2005 1026 2069 Ptolemaeo,
1050 2014 1132 2077 patet
1156 2024 1193 2059 ex
1216 2006 1416 2076 depravatione
1439 2007 1561 2070 locorum
1585 2007 1622 2059 ab

263 2088 332 2141 Urso
348 2086 543 2156 allegatorum,
559 2099 626 2154 quos
642 2084 735 2137 ordine
750 2084 909 2138 videbimus.
1213 2101 1219 2112 ¹

341 2165 404 2219 Lib.
429 2165 450 2218 l.
473 2180 535 2232 cap.
562 2165 607 2217 10.
650 2163 720 2216 'l'oto
743 2163 792 2217 illo
815 2164 907 2234 capite
922 2166 1088 2235 Copernicus
1112 2167 1233 2219 modeste
1257 2169 1286 2218 et
1309 2164 1385 2217 lento
1409 2180 1559 2237 progressu
1583 2181 1620 2217 ex

262 2246 345 2301 Mart.
360 2244 478 2314 Capella
491 2241 635 2297 occasione
650 2243 733 2296 ducta
755 2246 790 2296 ad
804 2243 1019 2313 explicationem
1041 2252 1072 2298 et
1085 2261 1216 2298 summam
1231 2244 1424 2297 necessitatem
1448 2259 1517 2297 suae
1531 2245 1619 2314 hypo·

262 2326 373 2379 theseos
388 2323 503 2379 accedit.
543 2322 613 2376 Nam
637 2322 702 2392 quia
720 2323 839 2391 Capella
866 2324 914 2386 ait,
942 2326 1074 2378 Venerem
1097 2330 1127 2376 et
1140 2324 1305 2377 Mercurium
1329 2324 1403 2377 circa
1424 2341 1523 2392 corpus
1546 2324 1619 2378 Solis

262 2419 409 2458 conversas
431 2402 540 2457 absides
565 2402 678 2465 habere,
702 2420 740 2456 ex
762 2403 815 2456 hoc
838 2410 966 2472 apparet,
991 2404 1068 2457 illum
1082 2404 1206 2457 conferre
1221 2411 1317 2456 centra
1330 2403 1434 2457 orbium
1459 2404 1567 2457 illorum
1591 2402 1618 2456 in

262 2485 363 2539 Solem.
404 2483 443 2537 Et
466 2487 565 2551 postea
589 2481 726 2552 sequitur:
751 2482 814 2536 hinc
828 2491 920 2536 sumta
933 2484 1088 2546 occasione,
1114 2484 1136 2536 si
1152 2483 1211 2554 quis
1227 2477 1382 2552 (intellige
1406 2484 1428 2536 si
1447 2501 1501 2555 ego
1517 2479 1618 2551 Coper-

262 2558 353 2631 nicus)
368 2564 516 2617 Saturnum
530 2577 645 2631 quoque,
660 2562 757 2615 Jovem
770 2569 801 2615 et
813 2562 932 2617 Martem
947 2566 981 2616 ad
996 2564 1063 2616 illud
1078 2563 1167 2632 ipsum
1181 2569 1303 2616 centrum
1319 2563 1452 2625 conferat,
1474 2579 1529 2616 non
1543 2580 1617 2615 erra·

169 2647 171 2652 “
262 2645 311 2706 bit,
336 2642 362 2695 id
387 2644 458 2713 quod
481 2640 614 2695 canonica
635 2639 745 2695 illorum
767 2648 889 2695 motuum
912 2644 985 2696 ratio
1008 2643 1141 2704 declarat,
1166 2649 1196 2695 et
1210 2643 1280 2713 quod
1304 2642 1460 2697 declarabit
1482 2643 1618 2710 hocopus

261 2739 359 2791 meum,
374 2721 402 2775 in
416 2738 469 2792 quo
483 2719 642 2774 canonicam
655 2721 728 2774 hanc
741 2721 877 2776 rationem
890 2740 929 2776 ex
942 2723 994 2776 tali
1008 2709 1322 2794 hypothesi'tonstruxi.
1365 2722 1417 2776 Hic
1431 2721 1516 2776 Ursus
1536 2722 1617 2775 simu·

261 2803 312 2865 lat,
336 2801 485 2871 Copernico
500 2801 700 2854 demutatione
715 2801 810 2871 aliqua
829 2817 897 2856 suae
912 2802 1100 2872 hypotheseos
1115 2819 1265 2855 sermonem
1281 2818 1350 2865 esse,
1376 2818 1435 2855 curn
1450 2801 1617 2870 Copernicus

262 2884 379 2937 nondum
402 2897 482 2935 suam
504 2880 645 2950 propriam
668 2881 845 2951 explicuerit,
872 2883 921 2935 sed
938 2882 998 2951 jam
1018 2882 1062 2935 his
1078 2882 1147 2951 ipsis
1159 2881 1252 2935 verbis
1275 2881 1379 2935 aditum
1400 2880 1452 2935 sihi
1471 2881 1560 2934 faciat
1582 2883 1616 2933 ad

261 2964 339 3018 illam
362 2961 565 3031 explicandam.
607 2959 678 3013 Nom
702 2961 724 3014 si
746 2961 912 3030 Copernicus
937 2962 1051 3015 vidisset
1074 2964 1144 3033 quod
1159 2962 1262 3031 Tycho,
1283 2977 1365 3029 posse
1379 2961 1470 3015 Solem
1490 2961 1616 3014 mobilem

261 3059 353 3097 annuo
366 3046 443 3095 motu
465 3038 639 3093 nihilominus
663 3056 774 3094 manere
797 3047 920 3094 centrum
936 3041 952 3095 5
968 3042 1144 3111 planetarum
1159 3038 1227 3109 (non
1251 3041 1341 3110 potnit
1355 3048 1448 3094 autem
1473 3040 1498 3092 id
1513 3040 1614 3103 videre,

261 3120 495 3193 quiarealitatem
505 3118 611 3171 orbium
620 3116 755 3184 credidit),
771 3137 819 3174 cur
828 3121 914 3190 paulo
926 3128 990 3190 post
1000 3121 1124 3184 dixisset,
1141 3120 1306 3174 alterutrum
1317 3137 1429 3173 neeesse
1439 3137 1509 3183 esse,
1524 3126 1558 3173 ut
1567 3127 1616 3173 aut

227 3212 231 3219 ’
261 3202 340 3254 nulla
354 3200 392 3253 sit
406 3198 479 3253 orbis
495 3195 608 3251 Terreni
621 3200 763 3269 proportio
779 3200 813 3253 ad
828 3201 921 3254 orbem
936 3201 1062 3263 fixarum,
1080 3207 1130 3254 aut
1149 3200 1256 3253 infinita
1271 3200 1321 3252 illa
1344 3201 1491 3254 secuudum
1505 3205 1614 3252 veteres

262 3279 368 3333 orbium
381 3278 528 3332 multitudo
538 3277 722 3331 coooedatur?
755 3280 825 3333 Nam
840 3281 886 3350 qui
900 3297 960 3333 cum
975 3280 1105 3349 Tychone
1120 3281 1214 3342 sentit,
1239 3279 1279 3332 illi
1295 3288 1422 3334 neutrum
1437 3287 1481 3333 est
1493 3297 1614 3332 necesse.

422 3368 467 3417 Fiv-
483 3367 504 3408 ⁸·
739 3358 800 3412 Lib.
816 3360 864 3413 lll.
887 3376 948 3428 cap.
965 3359 1012 3413 25.
1055 3359 1108 3413 Hic
1122 3377 1177 3413 non
1191 3359 1361 3413 intellectum
1377 3361 1414 3413 ab
1429 3360 1499 3413 Urso
1513 3360 1615 3428 Coper-

659 3438 750 3492 nicum
769 3444 819 3492 aut
842 3438 868 3492 id
889 3440 980 3493 studio
1004 3457 1057 3492 non
1078 3440 1151 3493 boiro
1174 3439 1381 3504 dissimulatum,
1406 3456 1484 3493 nemo
1504 3438 1550 3510 qui
1565 3440 1615 3492 Co·

659 3515 800 3588 peruicum
822 3511 958 3589 intelligit
980 3518 1108 3573 dubitare
1128 3525 1231 3589 potest.
1274 3519 1425 3588 Copernico
1449 3521 1482 3573 de
1506 3518 1616 3572 theoria

660 3597 732 3653 Solis
747 3605 791 3651 est
805 3614 901 3662 sermo,
924 3599 967 3653 cui
989 3599 1059 3653 liber
1083 3599 1130 3653 ille
1145 3599 1299 3652 destinatus
1321 3605 1373 3652 est.
1415 3600 1501 3652 Ursus
1523 3606 1615 3652 autem

659 3684 751 3749 putat,
775 3677 942 3749 illumloqui
962 3681 996 3733 de
1018 3678 1200 3733 universitate
1224 3678 1420 3748 hypothesium
1443 3680 1530 3749 deque
1550 3694 1614 3748 par·

661 3759 729 3813 tium
742 3759 940 3812 mundanarum
954 3765 1050 3812 mutuo
1065 3775 1209 3813 consensu.
1238 3758 1276 3812 Ut
1289 3774 1333 3812 res
1343 3765 1451 3827 pateat,
1467 3760 1520 3812 duo
1535 3758 1614 3811 sche-

661 3844 739 3892 mata
759 3854 867 3907 ponam,
888 3855 973 3893 unum
992 3838 1218 3908 repraesentabit
1236 3838 1324 3907 ipsam
1339 3838 1482 3907 Copernici
1500 3838 1616 3907 primaru

663 3917 837 3980 sententiam,
861 3919 981 3973 alterum
994 3935 1059 3972 vero
1074 3918 1190 3973 habebit
1203 3918 1279 3972 illam
1294 3917 1489 3980 variationem,
1513 3919 1547 3971 de
1562 3932 1617 3987 qua

663 3996 720 4051 illic
743 3997 894 4067 Copernico
919 4015 1006 4051 sermo
1034 4005 1085 4051 est.
1128 4002 1153 4051 A
1177 3994 1239 4070 (ug.
1265 3992 1298 4062 8)
1322 4005 1445 4051 centrum
1472 3997 1616 4050 eccentrici

663 4077 775 4140 Terrae,
797 4093 895 4147 nempe
909 4078 955 4132 Sol
970 4077 1039 4146 ipse,
1055 4079 1078 4129 B
1093 4078 1263 4148 epicyclium,
1279 4078 1351 4147 quod
1365 4091 1456 4130 annuo
1471 4082 1546 4131 motu
1561 4075 1616 4130 unt

662 4172 723 4210 cum
745 4157 898 4211 ecoentrioo
924 4157 950 4210 in
964 4164 1060 4226 partes
1076 4159 1217 4227 oppositas
1235 4156 1399 4219 restituitur,
1423 4157 1509 4226 paulo
1523 4164 1615 4210 tamen

661 4236 805 4290 deficiente
814 4235 1000 4298 restitutione,
1015 4237 1054 4290 sic
1063 4243 1095 4290 ut
1110 4255 1146 4291 ex
1156 4238 1204 4291 illo
1219 4238 1326 4291 defectu
1343 4245 1478 4308 sequatur
1486 4252 1614 4308 progres-

662 4331 708 4370 sus
722 4316 856 4386 apogaeh
878 4316 899 4369 C
911 4323 1033 4372 ceruum
1055 4316 1182 4386 epicyclii
1201 4316 1320 4377 secundi,
1342 4317 1370 4370 in
1388 4333 1441 4386 quo
1456 4318 1543 4371 Terra
1565 4316 1615 4369 cir-

661 4395 745 4450 cumit
759 4395 837 4449 annis
852 4395 939 4458 3434,
956 4399 1027 4450 unde
1042 4396 1141 4450 eccidit
1154 4395 1369 4451 eccentricitatis
1384 4397 1510 4450 mutatio.
1535 4397 1617 4450 Haec

662 4475 827 4544 Copernicus
841 4476 976 4546 allegatis
991 4476 1027 4529 ab
1042 4476 1112 4530 Urso
1131 4476 1222 4530 verbis
1237 4477 1276 4536 sio
1299 4475 1341 4529 ait
1353 4476 1456 4530 variari
1471 4493 1562 4547 posse,
1583 4484 1617 4529 ut

661 4554 699 4608 sit
712 4554 818 4625 quidem
832 4559 857 4608 A
871 4555 963 4609 muudi
977 4562 1109 4619 centrum,
1129 4557 1177 4610 sed
1191 4574 1245 4610 non
1258 4555 1387 4626 ipsissimi
1402 4557 1523 4626 corporis
1537 4557 1615 4610 Sola·

661 4634 707 4697 ris,
730 4634 802 4688 circa
824 4638 894 4705 quod
920 4637 1006 4690 Terra
1028 4634 1056 4690 in
1073 4637 1100 4692 D
1125 4633 1183 4709 (fig.
1204 4634 1234 4701 9)
1258 4643 1334 4690 motu
1358 4653 1449 4691 annuo
1468 4636 1617 4690 circumeat
1714 4637 1717 4640 ’

662 4708 734 4781 (ΝΒ.
759 4715 846 4768 Terra
859 4714 1009 4770 etiamnum
1028 4714 1172 4781 circumit).
1214 4716 1261 4771 Sol
1285 4716 1323 4770 sit
1342 4715 1406 4771 inC
1430 4723 1460 4769 et
1472 4725 1617 4771 moveatur

661 4792 769 4863 quidem
794 4795 819 4847 in
834 4794 975 4865 epicycliis
989 4797 1022 4860 B,
1047 4796 1077 4859 C,
1098 4798 1147 4850 sed
1170 4795 1211 4850 ita
1234 4797 1322 4859 tarde,
1346 4803 1380 4850 ut
1399 4814 1453 4851 uuo
1474 4813 1547 4852 anno
1561 4814 1616 4851 non

557 4913 560 4919 .
663 4871 749 4926 faciat
762 4873 920 4929 sensibilem
929 4890 1115 4946 progressum.
1137 4876 1240 4931 NamB
1255 4876 1418 4946 epicyclium
1428 4876 1507 4932 annis
1517 4875 1616 4932 25000
1726 4913 1739 4928 ,

654 4952 714 5006 sub
736 4952 799 5007 tlxis
813 4952 986 5018 restitutum
1010 4954 1031 5009 C
1053 4972 1120 5009 vero
1143 4956 1307 5029 epicyclium
1330 4956 1409 5010 annis
1423 4955 1511 5011 3434.
1553 4955 1616 5012 Jasn
