3609 5634
781 323 943 397 moenium.
1210 396 1218 406 .
1471 344 1538 413 ets

174 502 249 564 tiae.
305 503 386 566 Nom
419 524 457 566 er
489 505 675 568 correctione
708 506 920 571 distantiarum
957 526 1012 587 per
1048 527 1175 588 corpora
1206 508 1339 589 seqnitur
1372 508 1542 571 differentia

174 592 496 671 prosthaphaeresium
524 613 725 674 apogaeomm
753 615 811 657 uon
839 598 951 676 major,
986 616 1074 677 quam
1101 598 1131 658 in
1160 594 1180 675 ii
1212 597 1276 671 12‘,
1306 597 1335 657 iu
1358 596 1389 671 “,t
1412 594 1482 669 252
1510 599 1539 659 iu

174 689 201 751 d
229 676 341 755 1⁰45‘,
365 682 393 743 iu
420 683 445 755 Q
472 681 517 758 1⁰,
543 685 572 746 iu
597 686 619 761 l}
641 681 705 746 tl‘.
752 685 845 748 Plura
867 706 926 746 non
951 687 1059 761 scribo,
1080 686 1225 765 judicium
1248 694 1330 748 tuum
1349 694 1539 765 exspectans,

175 771 256 850 quod
282 790 341 832 non
364 772 542 849 gravaberis
566 774 745 853 ingratiam
770 776 838 838 noh.
855 777 976 856 juvenis
1000 776 1039 837 Ι).
1064 775 1097 838 S.
1117 775 1265 854 Wagani,
1288 774 1373 853 cujus
1396 775 1540 837 instinctu

174 859 293 933 scribo,
328 861 385 922 hac
408 862 457 923 vel
484 862 623 942 proxima
646 864 804 925 occasione
828 866 866 926 sd
890 884 946 926 nos
970 864 1187 927 transmittere.
1235 865 1315 926 Vale
1338 864 1487 926 sideribus
1510 872 1542 926 et

174 956 304 1011 nostrae
327 949 483 1025 scientiae,
509 953 601 1013 decus
625 951 819 1015 Germaniae.

268 1036 370 1101 Gratii
393 1039 422 1101 d.
451 1038 501 1103 15.
524 1041 603 1104 Nov.
631 1037 726 1105 1595.
1090 1041 1165 1103 Erre.
1191 1048 1261 1103 tuae
1286 1041 1451 1122 discipulus

1164 1130 1197 1195 J.
1221 1130 1388 1213 Keplerns.

684 1230 711 1250 N

249 1303 345 1365 Qaitns
363 1304 489 1370 respondit
507 1303 604 1357 Ursus
627 1321 682 1356 sero
701 1306 850 1356 admodum:
877 1307 916 1357 Ex
938 1308 1060 1373 catalogis
1082 1308 1259 1358 nmdiaalibus
1282 1313 1403 1372 apparet,
1428 1307 1463 1355 mi
1481 1306 1541 1356 clar.

175 1382 203 1427 et
221 1375 290 1425 char.
310 1376 344 1425 D.
364 1376 487 1440 xoptate,
514 1382 613 1425 mamm
636 1378 815 1442 cogitationum
838 1380 1058 1429 mannonis-,aruns
1081 1382 1206 1443 specimen
1225 1379 1348 1444 quoddam
1367 1392 1421 1427 esse
1440 1379 1540 1429 editum.

176 1447 291 1508 Quamne
309 1448 408 1512 quidem
426 1461 507 1496 rerum
529 1446 590 1496 mihi
612 1448 845 1509 iucundissimarum
869 1456 895 1500 et
916 1452 1112 1515 gratsdmarum
1138 1456 1311 1516 argumentum
1334 1450 1459 1515 quoddam
1482 1458 1542 1499 ante

175 1519 305 1568 biennium
322 1521 376 1581 jam
394 1519 446 1568 iere
464 1518 653 1586 alopeciarum
671 1521 840 1577 transmisisti,
867 1521 982 1571 videlicet
999 1524 1027 1571 in
1044 1523 1121 1573 literis
1140 1521 1187 1570 illis
1206 1522 1268 1584 tuis,
1286 1522 1447 1587 instigatione
1467 1527 1542 1585 atque

174 1590 298 1640 instinctu
317 1590 350 1639 D.
369 1590 484 1654 Wagenii
503 1589 535 1638 ad
554 1604 594 1640 me
613 1590 686 1639 datis.
724 1591 762 1639 Ad
790 1605 852 1656 qnae
879 1598 965 1643 tamen
990 1595 1055 1656 quod
1077 1594 1200 1643 hactenus
1218 1594 1398 1643 nihilomnino
1417 1606 1433 1642 a
1450 1608 1490 1642 me
1509 1593 1542 1641 sit

174 1676 334 1724 responsum,
362 1663 388 1710 in
407 1672 485 1712 cansa
502 1661 602 1710 inerunt
620 1663 754 1712 condonas
773 1675 804 1712 ac
822 1672 957 1727 perpetm
980 1678 1052 1715 meae
1074 1666 1251 1728 occupationes
1276 1667 1302 1714 in
1320 1665 1394 1714 rebus
1411 1663 1540 1713 chronolo-

174 1733 246 1798 gicis,
265 1748 311 1796 per
324 1747 402 1782 annos
418 1736 471 1795 jam
485 1731 578 1796 sliquot
590 1732 686 1796 elapsos
699 1734 853 1791 mmmmm,
872 1749 975 1800 quarum
995 1737 1119 1799 exemplar
1135 1737 1180 1786 tibi
1193 1737 1264 1786 mitto
1272 1733 1304 1798 ¹),
1324 1743 1442 1801 tuumque
1461 1736 1492 1785 de
1512 1749 1542 1784 so

175 1805 350 1869 politissimum
366 1804 487 1867 judicium
505 1811 623 1868 expecto:
650 1803 730 1855 alters
752 1821 810 1855 vero
833 1820 912 1856 cansa
935 1809 986 1857 mei
1007 1809 1099 1858 silentii
1122 1814 1148 1858 et
1165 1808 1230 1873 qnod
1248 1806 1310 1859 nihil
1327 1808 1450 1857 hactenns
1468 1821 1485 1857 a
1501 1820 1542 1855 me

174 1891 321 1939 responsum
340 1878 387 1937 sit,
407 1876 504 1934 extitit,
524 1877 589 1939 quod
606 1875 732 1941 hucusque
750 1891 781 1926 ca
800 1878 830 1927 de
847 1892 890 1939 re,
910 1878 941 1927 de
959 1893 1010 1942 qua
1026 1895 1068 1929 me
1085 1881 1202 1929 monuisti
1219 1887 1246 1929 et
1264 1881 1295 1930 de
1314 1894 1364 1944 qun
1382 1893 1463 1928 meum
1482 1893 1541 1928 con·

175 1948 257 1996 silium
276 1948 389 2011 exploras
407 1960 496 2010 meque
515 1947 654 1997 consultum
674 1962 729 1997 esse
752 1949 836 2012 cupis,
862 1949 947 1999 dehita
969 1951 1093 2000 decisione
1115 1951 1224 2001 nondum
1242 1952 1314 2001 iacta
1331 1951 1413 2000 adhno
1432 1950 1540 2014 ambigo.

175 2018 288 2082 Reliquit
305 2020 404 2083 quidem
422 2018 482 2067 mihi
499 2032 570 2067 mena
595 2020 621 2068 iu
645 2020 719 2070 rebus
742 2021 915 2069 osmonomicis
938 2028 1084 2085 praeceptor
1105 2021 1191 2072 Jusms
1209 2022 1299 2088 Byrgi,
1323 2022 1360 2071 rir
1384 2023 1459 2084 plane
1486 2035 1543 2071 oum

175 2090 328 2140 Euclidwns
346 2096 400 2140 tum
417 2089 625 2148 Archimadaeus,
650 2097 711 2139 aute
730 2092 788 2140 anni
809 2091 950 2148 dimidium,
969 2094 1011 2143 nbi
1027 2091 1068 2144 hle
1086 2092 1185 2157 Pragae
1204 2094 1270 2157 apud
1289 2093 1361 2144 Caes.
1382 2091 1444 2155 Mai.
1464 2098 1541 2149 met,

176 2175 240 2211 cmo
257 2163 340 2226 potius
358 2176 433 2226 qnam
450 2160 573 2211 industria
590 2162 685 2211 iactam
704 2160 903 2227 delineatamque
916 2164 1042 2228 quandam
1055 2165 1312 2228 consignatiunculam
1332 2162 1373 2227 (nt
1390 2165 1429 2213 ita
1446 2159 1541 2224 dicam)

177 2233 366 2296 Copemioanae
384 2231 550 2295 hypotheseos
567 2239 679 2281 motuum
699 2233 856 2283 coelestium:
882 2248 986 2298 eamque
1009 2241 1096 2299 postea
1114 2236 1248 2297 inspiciens
1267 2251 1323 2285 cum
1341 2238 1390 2284 tuis
1410 2235 1541 2300 cogitatio·

175 2305 250 2354 nibus
269 2304 300 2354 de
319 2304 444 2353 montiis
462 2304 573 2353 interae
592 2305 747 2354 abinvicem
765 2304 922 2368 planetarum
947 2307 1045 2356 orbibus
1068 2305 1173 2363 contuli,
1200 2313 1226 2355 et
1248 2321 1299 2355 uon
1321 2306 1426 2355 multum
1449 2306 1540 2354 discre-

176 2376 283 2437 pantiae
302 2376 368 2425 inter
385 2376 463 2439 ipsius
481 2374 717 2425 delineattnnculum
735 2382 761 2424 et
779 2381 835 2426 tuas
855 2379 1033 2427 serenationes
1053 2392 1069 2426 a
1086 2393 1126 2427 me
1144 2391 1205 2427 sane
1225 2374 1301 2442 (quod
1320 2378 1478 2426 vehementer
1496 2376 1540 2426 ad·

176 2447 281 2495 ciratus
300 2443 367 2508 sum)
387 2451 538 2509 compertum
559 2454 604 2496 est.
642 2446 727 2507 Quare
746 2461 802 2496 cum
819 2447 866 2497 has
884 2453 942 2497 tuas
959 2449 990 2498 de
1008 2448 1095 2498 iisdem
1107 2450 1180 2498 sebna
1197 2448 1382 2499 disseminans
1402 2447 1442 2508 (ut
1459 2448 1542 2498 soceri

178 2513 226 2578 vis)
243 2520 296 2579 jam
314 2519 340 2566 in
354 2518 435 2568 lucem
448 2517 528 2567 editas
542 2532 596 2567 esse
608 2518 787 2578 intellexeram,
806 2533 856 2567 uon
872 2520 941 2582 potui
959 2520 1129 2581 intermittere,
1147 2520 1208 2583 quin
1227 2534 1244 2569 a
1260 2526 1286 2569 te
1306 2517 1440 2568 earundem
1459 2533 1540 2568 erem-

177 2588 233 2652 pler
249 2591 350 2639 unicum
367 2595 467 2653 petam:
487 2589 556 2638 nulla
574 2590 639 2638 eninr
659 2589 692 2638 ad
710 2604 755 2638 nos
767 2589 875 2654 Pragam
895 2586 967 2650 (casu
985 2597 1030 2640 aut
1046 2590 1202 2656 negligentia
1218 2604 1268 2655 qna
1279 2588 1375 2643 nesciol
1393 2604 1437 2653 Per
1455 2589 1540 2638 bibllo-

119 2668 123 2672 ’
177 2660 249 2723 poles
266 2666 362 2710 nostros
381 2659 458 2725 [quod
477 2658 555 2722 dolui)
575 2660 660 2710 delata
678 2665 742 2709 sunt.
780 2660 831 2710 Fac
849 2662 935 2725 itaque
953 2676 1045 2726 quaeso
1071 2676 1103 2712 ea
1119 2664 1145 2711 in
1164 2661 1249 2711 moola
1266 2675 1306 2711 me
1325 2661 1374 2710 noti
1393 2664 1541 2725 compotem,

177 2737 207 2781 ut
224 2737 295 2781 tuam
314 2746 346 2781 ea
364 2732 395 2783 de
413 2746 440 2780 re
457 2735 608 2782 seutentiam
626 2731 705 2781 letam
724 2729 848 2796 (quaeque
864 2735 918 2795 jam
930 2734 1021 2795 publici
1036 2735 1097 2797 juris
1112 2733 1183 2783 iacta
1196 2730 1245 2794 est)
1263 2733 1360 2795 plenius
1379 2738 1453 2797 atque
1472 2733 1540 2796 peni·

179 2804 243 2861 tius,
273 2810 299 2853 et
322 2817 357 2853 an
379 2803 461 2852 adhuc
483 2803 522 2852 rel
546 2804 647 2857 eadem,
675 2803 714 2853 rel
737 2803 919 2867 aliquantulum
941 2804 1003 2855 forte
1025 2806 1159 2855 immutata
1182 2806 1296 2868 opinione
1320 2810 1430 2867 perstare
1456 2804 1541 2868 cupias

178 2889 329 2940 cognoscam
348 2880 422 2938 atque
440 2874 585 2939 intelligam.
623 2873 696 2924 Vale.
734 2874 832 2939 Pragae
851 2873 867 2922 4
887 2874 941 2925 Gal.
961 2875 1020 2925 Jun.
1042 2872 1118 2925 1597.

250 2945 320 3006 Quas
339 2946 395 2995 Ursi
413 2946 498 2994 literas
516 2948 537 2994 si
555 2946 735 3009 comparaveris
754 2961 810 2995 curn
828 2948 971 3009 praemissis
983 2946 1085 3010 Kepleri
1103 2946 1182 2996 literis
1205 2946 1304 2996 hiennio
1322 2945 1374 2994 lere
1393 2951 1452 2995 ante
1466 2944 1540 3005 datis,

178 3016 248 3067 haud
267 3017 369 3067 obscure
392 3018 501 3081 patebit,
521 3016 610 3066 Ursum
633 3009 707 3079 plane
730 3016 869 3082 neglexisse
893 3030 941 3073 ea,
968 3031 1032 3082 quse
1053 3019 1100 3081 ipsi
1118 3017 1242 3082 Keplems
1260 3017 1401 3080 scripserat,
1420 3016 1491 3080 qussi
1508 3015 1541 3065 ab

178 3088 278 3137 homine
295 3090 382 3154 ignoto
401 3089 475 3146 data,
494 3094 520 3138 et
537 3094 590 3137 tum
609 3088 720 3144 demoni,
739 3103 813 3151 quum
832 3089 1041 3139 animadverteret
1065 3089 1104 3139 rel
1123 3089 1154 3138 ah
1173 3088 1228 3139 aliis
1247 3089 1418 3151 comperisset,
1437 3086 1542 3149 Kepleri

179 3160 325 3223 opusculum
343 3175 393 3209 non
411 3160 486 3223 plane
504 3173 559 3209 esse
578 3159 751 3222 rejiciendum,
770 3160 861 3220 virum,
887 3161 927 3209 cul
946 3159 1117 3224 responderet,
1137 3160 1238 3225 Qum
1256 3158 1379 3209 habuisse.
1419 3155 1491 3218 Quae
1509 3157 1540 3207 de

180 3226 366 3294 comparatione
384 3232 448 3283 illius
468 3230 748 3296 ,musiguatiunculae‘
769 3244 825 3280 cnm
843 3231 946 3295 Kepleri
967 3230 1190 3297 „cogltationilrusa
1209 3231 1349 3284 fabulatur.
1371 3242 1455 3280 merae
1474 3235 1541 3278 certe

180 3316 264 3367 nugae
282 3309 348 3352 sunt.
376 3302 426 3352 Sed
444 3302 545 3352 ulterius
563 3316 705 3367 progressus
722 3302 795 3352 homo
813 3303 908 3367 gloriae
925 3304 1028 3366 cupidus
1045 3304 1159 3365 praefixit
1177 3302 1306 3366 epistolam
1323 3300 1434 3365 Kepleri,
1453 3301 1543 3349 nimias

182 3381 250 3423 certe
267 3375 293 3422 in
310 3375 391 3439 ipsum
408 3373 496 3423 landes
515 3380 697 3438 congerentem,
716 3375 835 3424 tractatui
856 3374 902 3431 „de
923 3375 1093 3424 astronomlcls
1110 3373 1303 3437 hypothesibus“
1323 3370 1435 3437 (Pragae
1455 3368 1545 3431 1597),

182 3460 230 3510 quo
255 3445 320 3495 lecto
338 3444 456 3507 Tycha,
482 3446 523 3509 qui
543 3447 597 3507 lam
622 3444 713 3495 dodum
732 3445 822 3495 Ursum
845 3444 904 3494 forti
929 3446 1064 3511 arguebat,
1090 3446 1201 3495 infensus
1223 3446 1287 3496 haec
1306 3444 1415 3508 Keplero
1433 3443 1546 3505 scripsit:

252 3516 344 3566 Nescio
356 3531 404 3581 quo
417 3529 479 3566 casn
497 3516 628 3574 acciderit,
646 3522 677 3565 ut
688 3515 754 3566 idem
767 3515 925 3577 tabellarius,
945 3519 986 3581 qui
998 3517 1058 3567 mihi
1070 3522 1127 3567 tuas
1140 3516 1296 3567 Helmstadio
1310 3516 1406 3572 attulit,
1425 3514 1547 3564 imorum

182 3601 278 3652 quoque
296 3594 323 3638 et
338 3588 458 3637 nolanum
470 3589 587 3651 scriptum
600 3588 729 3650 cujusdam
740 3588 785 3637 ieri
803 3588 854 3636 ursi
867 3589 958 3651 potins,
977 3602 1051 3653 quarn
1065 3588 1116 3638 reri
1134 3588 1239 3638 hominis
1252 3588 1310 3638 inde
1328 3587 1386 3636 mihi
1407 3584 1479 3635 simul
1497 3586 1547 3634 tuis

184 3657 312 3723 alligatum
326 3659 471 3723 adportant
504 3658 585 3721 Hujus
604 3673 660 3708 cum
678 3659 833 3721 impudentes
852 3658 990 3708 calumnias
1009 3666 1035 3708 et
1052 3659 1157 3709 infanda
1173 3660 1307 3711 mendacia
1326 3666 1400 3722 atque
1424 3656 1545 3714 convicia,

183 3730 269 3794 quibus
286 3744 361 3794 supra
379 3730 478 3778 modurn
497 3734 523 3778 et
541 3731 605 3780 citra
622 3745 720 3779 omnem
738 3730 913 3780 verecundiam
924 3736 1015 3786 scatet,
1034 3730 1114 3779 obiter
1125 3745 1301 3793 percurrerem,
1319 3730 1400 3793 reperi
1418 3730 1495 3778 etiam
1513 3727 1548 3776 ihi

183 3805 253 3851 tuum
271 3801 394 3866 quoddam
412 3800 565 3864 epistolium,
585 3815 633 3866 quo
651 3816 678 3851 se
697 3816 785 3852 ornare
803 3808 830 3850 et
848 3814 895 3850 sua
912 3801 1010 3866 flagitia
1026 3806 1113 3865 tegere
1131 3802 1226 3850 nititur.
1263 3801 1335 3861 Quod
1354 3816 1410 3850 cnm
1427 3798 1546 3864 perlegis·

183 3887 245 3931 sem,
263 3875 367 3923 miratos
385 3887 439 3921 snm
457 3878 483 3922 te
502 3887 559 3922 eum
577 3874 642 3922 tanti
661 3872 752 3922 lacere.
782 3871 833 3922 Sed
846 3886 953 3922 errorem
966 3874 1088 3927 excusavi,
1108 3872 1173 3936 quod
1191 3873 1289 3922 nonnhi
1308 3871 1394 3922 auditu
1413 3876 1439 3920 et
1456 3870 1546 3933 scripto

183 3945 244 3999 isto,
269 3945 334 4010 quod
352 3944 551 3993 Fundamentum
570 3949 644 3994 vocat
661 3940 873 4004 astronomicum,
897 3943 946 3994 hoo
964 3944 1073 3993 iaceres:
1099 3944 1125 3993 iu
1145 3959 1192 4007 quo
1210 3944 1262 3993 lere
1285 3942 1345 3992 nihil
1366 3942 1457 3999 habet,
1482 3941 1547 4006 qnod

184 4031 256 4065 snum
271 4022 317 4065 est.
347 4015 438 4065 Omnia
452 4017 533 4079 potins
553 4016 607 4065 aliis
626 4022 738 4079 surrepta
750 4022 776 4066 et
793 4022 932 4080 praerepta,
952 4021 1024 4080 prout
1035 4016 1119 4065 lacere
1133 4016 1267 4065 consuerit.
1295 4015 1329 4064 Et
1346 4014 1464 4078 plsglum,
1483 4011 1547 4077 quod

186 4102 232 4153 ego
250 4088 296 4150 ipsi
315 4088 409 4150 imputo
427 4088 453 4136 in
471 4088 532 4136 meis
551 4085 735 4150 hypothesibus,
754 4103 804 4137 non
823 4087 913 4137 saltem
931 4101 997 4137 error
1015 4100 1125 4145 crassus,
1146 4101 1218 4151 quem
1235 4088 1262 4136 in
1280 4086 1446 4153 delineatione
1463 4082 1548 4133 Martii

185 4159 249 4208 orbis
268 4160 397 4215 commisit,
417 4158 462 4208 sed
480 4164 506 4207 et
522 4159 602 4208 multa
622 4157 679 4217 alia,
699 4172 764 4222 quae
782 4174 826 4208 sno
844 4165 956 4224 tempore
974 4159 1093 4222 pandam,
1113 4160 1269 4209 convincunt.
1300 4158 1392 4220 Estque
1411 4156 1548 4205 etiamnum

187 4230 253 4294 apud
271 4245 311 4280 me
330 4230 462 4280 lmciculus
481 4230 581 4294 quidam
599 4243 698 4287 eornm,
726 4244 791 4295 quae
809 4230 908 4294 quando
925 4230 1001 4280 nobili
1025 4233 1124 4284 cuidam
1143 4229 1216 4280 Dauo
1242 4229 1312 4280 affini
1329 4241 1385 4276 meo
1403 4225 1547 4281 inserviens,

186 4316 252 4351 anno
271 4299 305 4349 et
325 4316 381 4352 cum
401 4301 487 4352 eodem
499 4300 649 4365 Uraniburgi
668 4302 776 4357 adesset,
797 4302 862 4352 clam
881 4302 1023 4365 descripsit:
1042 4302 1068 4352 in
1086 4301 1173 4365 quihus
1191 4315 1241 4350 non
1259 4298 1387 4349 dissimilia
1406 4296 1465 4363 egit.
1494 4295 1547 4360 Ego

186 4387 248 4423 sune
266 4373 331 4423 hanc
349 4372 522 4436 hypothesium
539 4374 662 4422 radonem
678 4375 732 4434 jam
753 4373 826 4439 longe
851 4380 929 4423 antea
952 4375 1134 4438 excogitarem,
1159 4387 1206 4421 nec
1233 4384 1289 4421 eam
1311 4370 1372 4418 libro
1396 4368 1427 4417 de
1450 4372 1550 4415 cometa

187 4459 211 4494 s.
232 4443 306 4493 1577
320 4444 486 4501 inseruissem,
506 4445 553 4494 nisi
572 4444 637 4493 tales
655 4444 797 4509 plagiarios,
817 4444 905 4509 quibus
922 4444 986 4499 haec
1005 4444 1071 4508 apud
1082 4458 1122 4492 me
1141 4445 1310 4501 innotuerant,
1330 4441 1422 4488 veritus
1439 4439 1548 4488 inissem

188 4514 271 4575 Quare
290 4515 379 4568 etheo
398 4518 486 4571 miror,
512 4515 576 4580 qnod
600 4518 653 4578 ejus
676 4530 749 4565 voces
772 4515 934 4579 hypothesin,
960 4529 1016 4565 cnm
1040 4521 1066 4564 et
1082 4517 1107 4563 in
1126 4514 1186 4564 libro
1205 4521 1248 4563 tuo
1267 4519 1294 4562 et
1310 4512 1388 4561 literis
1405 4511 1473 4560 hisce
1492 4522 1549 4558 eam

186 4587 246 4637 mihi
265 4585 324 4651 (nec
341 4584 475 4648 immerito)
496 4589 625 4638 attribuas.
654 4586 757 4637 Interim
770 4588 846 4636 etism
858 4600 954 4651 magna
965 4589 1018 4647 eius
1031 4585 1162 4650 praedicas
1174 4583 1264 4650 elogio,
1282 4585 1380 4635 utinam
1391 4596 1441 4631 non
1458 4581 1547 4644 hyper·

187 4658 275 4710 bolico.
311 4658 341 4707 Iu
361 4658 433 4707 titulo
452 4660 527 4708 rocas
545 4674 601 4709 eum
620 4658 825 4709 mathematicum
842 4658 1036 4714 nobilissimums
1055 4656 1134 4722 qualis
1148 4658 1181 4706 sit
1192 4654 1392 4709 mathematicus,
1411 4668 1460 4701 nou
1480 4652 1547 4701 dixe·

187 4730 240 4785 rirn,
258 4729 374 4780 nobilitas
389 4722 449 4792 ejus,
469 4732 490 4779 si
510 4744 589 4795 genus
602 4736 708 4794 spectes,
728 4736 767 4780 est
779 4744 810 4779 ex
821 4730 919 4778 rusticis
931 4728 1089 4786 Dithmsrsis,
1108 4729 1149 4792 qui
1169 4742 1226 4777 eum
1244 4729 1320 4777 etiam
1339 4725 1475 4774 fastidiunt.
1504 4723 1548 4771 Ais
1657 4782 1661 4787 ,

189 4800 290 4856 deinde,
314 4801 502 4851 illustrissimam
526 4804 580 4863 eJus
598 4802 701 4867 gloriam
719 4803 799 4865 ipsum
817 4802 861 4852 tibi
880 4806 966 4850 notum
989 4800 1090 4855 ieoimo,
1118 4802 1169 4863 qna
1189 4799 1380 4848 mathematicos
1402 4796 1475 4858 hujus
1494 4793 1549 4844 aeri

188 4880 287 4923 tantum
305 4872 441 4941 maecedat
458 4888 530 4927 nnus,
550 4881 668 4942 qnantum
681 4874 820 4927 Phoebeius
838 4874 903 4927 ortis
921 4873 1018 4923 minuta
1036 4872 1124 4922 sidera
1154 4870 1231 4922 Plura
1249 4868 1394 4926 addidisses,
1413 4869 1434 4918 si
1452 4873 1549 4932 tempus
