3609 5634
258 267 325 336 264
806 268 932 336 Apcrcgrs
949 267 1072 332 Treboni·

259 429 377 510 cipuam
411 428 504 493 etiam
533 429 669 492 fraudem
698 379 886 493 committat}
919 428 1019 491 risum
1045 436 1095 490 est
1125 426 1277 507 peculiare
1306 434 1400 509 capnt
1428 426 1460 490 in
1484 446 1522 490 ea
1545 445 1624 490 con·
1671 393 1675 408 ’

259 538 396 583 sumere:
430 519 459 581 in
483 519 570 598 cnjus
594 517 679 581 initio
712 537 789 598 quae
815 518 852 580 de
875 517 1039 598 Apollonio
1073 516 1161 580 nobis
1190 524 1333 580 constant
1361 537 1399 580 ex
1426 516 1487 579 tide
1518 515 1623 595 dignis

261 608 433 672 auctoribus
452 607 667 688 judicabimus
690 615 800 687 postea
822 625 920 688 nugae
934 607 1006 671 Ursi
1030 625 1098 669 cum
1122 605 1182 669 illis
1206 607 1404 670 conferemus.

847 848 1033 858 --c——n—-—

776 1145 779 1150 ἱ
811 1047 952 1148 ,Caput
977 1047 1045 1123 III.
1077 1015 1079 1018 ι

393 1224 515 1290 Nullos
537 1234 663 1291 castore
684 1224 851 1311 Apollonii
872 1226 1015 1310 Pergcei
1035 1227 1221 1312 hypotheses
1242 1225 1480 1292 memorares.

350 1383 440 1458 Quod
462 1385 492 1448 in
516 1386 720 1451 architectura
742 1406 798 1449 usu
819 1387 913 1463 venit,
938 1393 971 1450 ut
994 1407 1052 1449 non
1076 1407 1113 1448 ex
1128 1406 1187 1448 una
1201 1385 1321 1448 officina
1342 1391 1483 1465 petantur
1507 1383 1622 1455 omnia,

141 1501 163 1561 χ
261 1475 340 1549 calx,
363 1484 565 1553 caementum,
590 1476 682 1552 clavi,
707 1495 812 1552 serae,
843 1476 1010 1549 fenestrae,
1042 1496 1097 1538 nec
1121 1476 1201 1538 idem
1224 1475 1409 1537 architectus
1432 1481 1465 1534 et
1488 1471 1624 1552 lapicida

260 1564 301 1627 sit
332 1571 364 1626 st
386 1563 531 1644 lignarius
560 1574 590 1628 et
613 1564 756 1627 serrarius
784 1573 815 1627 et
839 1566 1019 1628 cerularius:
1053 1566 1132 1627 idem
1151 1574 1183 1626 et
1212 1565 1242 1627 in
1271 1561 1472 1626 astronomico
1495 1561 1622 1642 negotio

259 1652 432 1715 usuvenit.
477 1654 600 1716 Etenim
623 1654 673 1735 qni
696 1652 776 1715 omni
799 1654 890 1717 animi
914 1657 1098 1736 cogitatione
1121 1653 1196 1715 inid
1220 1653 1353 1715 intentus
1373 1660 1430 1728 est,
1453 1659 1488 1712 ut
1510 1670 1547 1711 ex
1570 1650 1621 1726 iis,

260 1762 337 1823 quae
361 1742 390 1803 in
415 1743 499 1804 coelo
522 1743 651 1805 dirersis
674 1742 861 1823 temporibus
885 1746 1035 1820 eveniunt,
1061 1742 1320 1824 argumentatione
1345 1741 1498 1815 derivata,
1521 1740 1621 1822 hypo-

261 1831 365 1893 theses
389 1831 507 1913 aliquas
535 1833 636 1895 mundi
670 1833 798 1914 formam
821 1833 1026 1914 exprimentes
1049 1832 1234 1907 constituat,
1267 1831 1346 1893 bunc
1370 1828 1529 1891 architecti
1551 1828 1621 1891 loco

260 1921 374 1982 habeo:
408 1921 491 2001 cujus
515 1921 636 2003 quidem
658 1928 747 1983 tanta
771 1929 819 1983 est
841 1923 1015 2002 occupatio,
1049 1930 1083 1985 ut
1100 1920 1286 2002 impossrbiie
1310 1920 1365 1995 sit,
1384 1915 1495 1999 ‘ipsum
1519 1918 1622 1980 omnia
1689 1975 1701 1998 ,

261 2030 281 2071 a
303 2029 336 2072 se
360 2006 427 2088 ipso
450 2018 565 2095 petere.
610 2009 735 2089 A‘ccipit
757 2009 850 2090 igitur
862 2009 1092 2074 observationes
1115 2012 1210 2091 ipsas,
1234 2010 1282 2071 vel
1302 2027 1405 2071 omnes
1428 2007 1477 2070 vei
1500 2007 1622 2087 aliquas

262 2100 302 2161 ab
325 2098 414 2173 aliis;
438 2106 517 2176 suut,
543 2100 593 2180 qui
615 2099 737 2161 tabulas
760 2099 805 2161 iili
824 2109 1003 2163 construant
1025 2101 1091 2164 usui
1105 2098 1278 2181 quotidiano
1293 2096 1492 2160 necessarias.
1529 2095 1621 2159 Alius

265 2186 473 2254 arithmeticos
497 2188 669 2268 praeceptis
698 2189 799 2251 clarus
831 2189 966 2252 nonnihil
998 2190 1092 2252 habet
1122 2190 1152 2251 iu
1177 2208 1233 2251 sua
1255 2186 1453 2268 supellectili,
1485 2185 1564 2265 quod
1588 2185 1620 2246 in

262 2273 349 2340 sunm
381 2296 468 2340 usum
500 2276 614 2358 seligat
636 2277 758 2340 artifex.
803 2278 894 2341 Alius
917 2279 1061 2359 operandi
1088 2298 1143 2359 per
1165 2295 1304 2340 numeros
1335 2275 1512 2355 compendia
1534 2293 1619 2336 com·

262 2365 444 2441 miniscitnr‚
479 2366 556 2429 alins
586 2364 756 2430 doctrinam
778 2366 896 2429 sinuum
920 2368 1082 2430 artificiose
1106 2367 1215 2442 tradit,
1251 2365 1328 2427 alins
1356 2365 1510 2443 triangula
1531 2364 1622 2426 docet

263 2455 425 2518 aestimare
451 2454 579 2522 facilius.
625 2455 762 2536 Denique
786 2462 871 2531 snut,
896 2456 947 2537 qni
970 2457 1160 2537 geometricis
1184 2455 1379 2536 problematis
1404 2454 1619 2524 demonstran-

264 2545 310 2607 dis
333 2544 468 2606 laborem
495 2544 672 2626 principalis
695 2544 820 2607 artificis
850 2565 909 2607 non
931 2546 1122 2609 mediocriter
1151 2545 1320 2607 sublevant
1367 2542 1409 2605 Et
1438 2549 1555 2616 tamen,
1588 2548 1621 2602 ut

263 2632 314 2715 qui
337 2633 441 2696 clavos
465 2633 561 2710 cudit,
586 2634 735 2696 fenestras
758 2634 922 2712 construit,
950 2635 1067 2719 lapides
1090 2636 1269 2715 imperatam
1292 2633 1322 2695 in
1347 2633 1473 2695 formam
1496 2629 1619 2699 excidit,

262 2740 321 2785 uon
354 2721 422 2784 ideo
455 2730 503 2785 est
525 2723 681 2785 habendus
708 2742 762 2803 pro
786 2723 968 2800 architecto,
1003 2723 1063 2787 etsi
1090 2723 1156 2804 ejus
1179 2741 1271 2803 opera
1302 2723 1397 2785 utitur
1426 2719 1618 2792 architectus,

264 2811 427 2891 domusque
451 2819 603 2874 structura
618 2831 677 2873 non
691 2812 769 2887 hnic,
794 2812 848 2875 sed
865 2813 1032 2876 architecto
1048 2811 1246 2875 adscribitur:
1270 2810 1317 2873 ita
1331 2820 1363 2873 et
1376 2810 1406 2873 iu
1425 2807 1621 2881 astronomia,

263 2919 322 2962 non
346 2899 417 2980 qnia
439 2908 629 2963 astronomus
653 2901 717 2963 siue
732 2901 898 2982 geometria
921 2910 953 2964 et
967 2901 1167 2976 arithmetica,
1190 2900 1318 2980 geminis
1339 2900 1407 2975 alis,
1431 2906 1621 2961 astronomus

263 3008 332 3051 esse
365 3007 423 3051 non
454 2996 575 3070 potest,
609 2996 774 3069 propterea
806 2989 911 3074 statim
939 3000 1132 3054 astronomus
1161 2999 1228 3063 est,
1265 2989 1316 3069 qni
1340 2989 1436 3052 bonus
1466 2994 1623 3068 geometra

264 3079 418 3158 bonusque
442 3083 491 3140 est
514 3078 735 3144 arithmeticus:
770 3098 825 3141 nec
849 3081 875 3141 si
900 3080 967 3161 quis
991 3080 1128 3142 doctrina
1161 3079 1376 3159 triangulorum
1406 3076 1521 3140 tradita
1544 3075 1621 3136 arti-

264 3167 350 3229 ficem
372 3166 403 3228 in
427 3166 590 3230 condendis
614 3167 726 3229 tabulis
749 3169 870 3249 egregie
888 3169 984 3251 juvit,
1014 3178 1176 3250 propterea
1207 3168 1377 3231 tabularum
1399 3167 1448 3229 vel
1470 3164 1620 3247 hypothe-

268 3256 344 3318 sium
359 3262 538 3318 auctorest.
585 3256 671 3318 Haec
686 3276 753 3319 cnm
775 3258 821 3319 ita
844 3277 877 3319 se
901 3259 1044 3333 habeant,
1069 3258 1263 3320 vehementer
1281 3256 1367 3319 initio
1382 3255 1482 3330 miror,
1507 3253 1621 3334 Apol-

265 3344 366 3407 lonio
383 3343 421 3405 ab
431 3345 511 3408 Urso
521 3344 611 3407 tribui
621 3345 806 3427 hypotheses
821 3347 1039 3410 astronomicas
1048 3347 1225 3426 peculiares,
1251 3346 1310 3428 qui,
1326 3345 1404 3427 qnod
1420 3343 1622 3407 astronomica

264 3432 385 3510 attinet
410 3433 482 3496 nihil
507 3434 625 3497 omniuo
650 3435 793 3515 scriptum
826 3437 947 3516 reliquit
972 3445 1095 3517 praeter
1118 3436 1333 3517 geometricum
1355 3435 1511 3515 problema
1534 3436 1621 3513 (pro-

265 3522 398 3585 fessione
421 3543 549 3604 namque
573 3533 728 3604 geometra
752 3525 840 3599 luit),
871 3544 929 3605 qno
952 3526 1146 3588 Ptolemaeus
1174 3526 1205 3586 in
1230 3524 1411 3587 stationibus
1430 3523 1622 3604 planetarum

266 3612 517 3686 demonstrandis,
542 3614 573 3675 irr
596 3621 683 3692 parte
707 3632 813 3694 nempe
837 3615 944 3677 domus
963 3615 1145 3691 cremanda,
1169 3634 1241 3676 usus
1260 3622 1318 3676 est.
1364 3615 1409 3677 Ut
1431 3619 1533 3674 autern
1556 3611 1621 3672 cla-

144 3727 148 3734 ’
267 3700 385 3762 rissime
407 3708 524 3781 pateat,
549 3701 619 3782 quid
633 3702 815 3782 Apollonius
838 3703 1102 3779 demonstraverit,
1127 3703 1197 3785 quid
1221 3722 1292 3765 vcro
1311 3703 1408 3766 Ursus
1431 3697 1630 3764 securissime!
1656 3710 1659 3718 “

266 3788 430 3865 fabuletur,
463 3809 520 3870 age
548 3798 645 3854 totam
667 3792 732 3872 ejus
755 3792 952 3855 intentionem
985 3794 1108 3855 ciente
1131 3812 1202 3870 sno,
1235 3812 1277 3854 sc.
1311 3792 1525 3854 ePtolenraeo
1549 3791 1622 3870 (quo

267 3877 377 3951 misso,
413 3880 491 3958 qnod
514 3881 707 3943 vehementer
729 3881 835 3955 miror,
859 3881 964 3945 'Ursus
993 3883 1031 3945 ad
1055 3882 1182 3945 rivulum
1214 3882 1283 3944 inde
1307 3881 1481 3957 deductum,
1516 3900 1558 3942 sc.
1584 3878 1621 3939 ad

265 3963 464 4048 Oopernicum
487 3973 648 4049 provocat)
672 3970 702 4031 in
726 3972 780 4033 has
803 3972 942 4053 pagellas
966 3971 1167 4034 derivabimus
1192 3979 1223 4033 et
1245 3978 1486 4051 transponemns.
1525 3967 1620 4049 Equi-

265 4056 335 4119 dem
365 4058 443 4137 quod
466 4059 578 4134 Ursus,
612 4058 694 4121 nulla
716 4059 884 4123 Ptolemaei
916 4062 1065 4123 mentione
1098 4062 1194 4136 iacta,
1228 4060 1277 4141 qui
1302 4059 1469 4124 clarissime
1493 4066 1622 4120 merrtem

264 4146 420 4226 Apollonii
442 4148 592 4228 exposuit,
615 4148 645 4210 iu
661 4146 839 4229 Copernico,
865 4150 914 4231 qui
933 4149 1087 4214 obscurius
1101 4170 1164 4213 rem
1179 4150 1329 4229 exprimit,
1354 4168 1495 4230 magnum
1514 4165 1623 4209 causae

264 4235 448 4315 praesidinm
471 4237 565 4317 pouit,
590 4237 620 4300 id
644 4238 791 4318 ejusmodi
815 4245 877 4315 cst,
910 4246 945 4302 ut
971 4259 1110 4320 magnam
1135 4239 1334 4320 suspicionem
1365 4238 1511 4313 concitet,
1544 4256 1622 4299 nnn-

265 4342 354 4403 quam
377 4324 473 4388 visum
497 4326 576 4389 Urso
602 4327 822 4398 Ptolemaeum,
851 4329 907 4390 sed
935 4330 1074 4391 extitisse
1096 4331 1273 4392 monitorem
1296 4328 1442 4410 aliquem,
1472 4326 1522 4408 qui
1544 4326 1622 4390 Urso

264 4412 440 4492 subjiceret,
464 4416 528 4477 tale
552 4417 622 4497 qnid
645 4416 797 4496 Apollonii
821 4417 978 4497 problema
1000 4438 1116 4499 sapere,
1137 4419 1239 4499 qualia
1262 4417 1412 4499 Tychonis
1436 4419 1467 4480 in
1490 4437 1523 4479 se
1548 4435 1621 4478 cou-

140 4545 143 4556 .
263 4500 363 4563 tinent
386 4503 578 4585 hypotheses,
603 4512 635 4567 et
658 4504 732 4567 illud
756 4507 876 4586 quidem
890 4507 1046 4587 problema
1060 4508 1236 4593 bipartitum
1250 4527 1329 4570 esse.
1377 4507 1509 4569 Tantum
1533 4505 1621 4578 enim,

263 4608 320 4651 uec
342 4590 430 4670 plura
452 4612 508 4656 uec
531 4594 722 4657 distinctiora
734 4595 831 4660 Ursus
856 4597 892 4657 de
912 4596 1086 4676 Apollonio,
1111 4616 1177 4659 cum
1199 4597 1275 4659 haec
1299 4596 1456 4670 scriberet,
1480 4595 1620 4658 sciverat.

265 4676 328 4740 Sed
352 4679 390 4741 ad
413 4679 630 4747 Ptolemaeum.
679 4681 754 4746 Cum
783 4691 947 4747 eructate
978 4686 1008 4748 iu
1031 4705 1139 4765 magno
1168 4686 1264 4765 pretio
1289 4695 1393 4747 essent
1420 4686 1621 4766 geometricae

264 4767 546 4848 demonstrationes,
572 4783 603 4834 et
626 4774 711 4835 flocci
733 4769 935 4855 penderentur
956 4774 1005 4836 vel
1028 4774 1219 4838 mechanicae
1235 4774 1453 4859 descriptiones
1476 4775 1526 4836 vel
1549 4769 1619 4862 prc-
