3609 5634
242 266 315 337 ’168
760 267 875 334 ΠΜ
894 263 1094 330 commus

250 438 393 506 motuum,
418 446 508 511 quam
531 427 588 491 sibi
611 427 670 510 ipsi
693 448 770 493 uuus
793 427 919 510 quisquc
936 425 1131 509 pecubariter
1149 424 1368 490 restituisset
1403 424 1509 505 ltaque
1541 422 1649 498 ψἸΙ

251 540 319 583 esse
343 518 511 582 attentione
535 524 567 580 et
589 517 738 580 industria
761 517 925 598 singulari,
956 525 991 579 ut
1018 515 1125 597 quibus
1146 524 1206 579 aut·
1227 515 1302 578 nihil
1329 522 1384 577 sut
1413 532 1520 594 parum
1565 504 1647 569 'td-

249 610 370 672 modum
393 607 492 686 opinio
516 606 720 670 observatoris
744 606 914 670 addidisset
942 605 1177 679 detraxisactvs,
1208 623 1263 673 eae
1291 624 1312 666 a
1333 604 1482 683 comptis
1505 614 1647 663 scm·

252 706 403 761 nereotnr.
441 694 613 759 Secundam
636 717 760 759 caumm
779 715 847 759 esse
871 696 994 759 dicebat
1014 693 1148 757 siderum
1170 693 1366 757 inerrantium
1389 692 1457 769 loca
1479 711 1498 753 a
1519 694 1646 749 vece-

250 788 334 850 ribus
357 805 415 849 nou
439 785 565 847 ulterius
589 804 678 865 quam
702 786 741 848 ad
764 793 923 848 sextantes
944 783 1076 866 partium
1098 782 1267 864 exquisita,
1295 788 1328 844 et
1350 781 1513 843 secundum
1537 778 1645 840 haec

251 887 354 939 nmen
376 873 535 956 praecipue
551 874 714 937 errantium
727 875 845 954 positus
860 873 927 955 capi
947 884 1104 955 oportere;
1127 891 1225 953 pauca
1247 871 1427 951 excipiebat,
1451 869 1481 931 in
1504 866 1644 949 quibus

252 964 414 1028 declinatio
437 963 547 1025 sideris
571 963 610 1025 cb
629 963 840 1044 aequinoctiali
855 971 1003 1025 annotata
1020 981 1084 1024 reru
1102 961 1270 1041 adiuvaret,
1293 960 1372 1041 qnod
1391 958 1504 1021 dehac
1527 957 1642 1019 locus

252 1056 319 1135 ipse
343 1053 452 1116 sideris
476 1054 588 1115 certius
612 1053 753 1116 constitui
773 1054 839 1133 jam
862 1059 977 1136 posset.
1015 1051 1150 1113 Tertiam
1174 1069 1297 1112 causam
1315 1049 1393 1111 han'c
1408 1046 1638 1110 memorabat:

251 1144 320 1207 Non
344 1141 456 1204 habere
480 1142 638 1204 costales
662 1149 812 1215 auctmes,
836 1142 941 1223 quales
956 1140 1149 1204 Ptolemaeus
1163 1139 1322 1201 habuisset
1339 1133 1640 1219 po'stBabylonios

252 1240 283 1294 et
307 1229 497 1304 Chaldaeos,
526 1230 581 1291 illa
604 1231 716 1293 lumina
737 1232 832 1307 artis,
859 1229 1084 1312 Hipparchum,
1119 1228 1346 1303 Timocharem,
1378 1226 1551 1289 Menelaum
1592 1227 1639 1283 ct

130 1316 132 1321 ’
251 1329 379 1397 ceteros,
404 1338 529 1399 quorum
553 1328 585 1380 et
608 1339 662 1381 nos
686 1320 948 1383 observationibus
973 1340 1009 1382 sc
1031 1312 1203 1399 praeceptis
1226 1318 1282 1379 uiti
1305 1336 1342 1379 ac
1365 1315 1514 1377 confidere
1537 1330 1636 1392 pos-

253 1411 356 1472 simus.
408 1408 449 1471 Se
483 1408 601 1488 quidem
628 1409 719 1471 malle
751 1409 781 1471 in
813 1409 852 1471 iis
883 1408 1094 1490 acquiescere,
1129 1426 1253 1489 morum
1285 1406 1447 1467 vamtatem
1477 1399 1635 1483 profiteri
1755 1490 1761 1500 Ι

252 1508 367 1579 posset,
393 1516 481 1577 quam
505 1498 534 1558 in
558 1497 765 1578 ambiguorum
788 1497 879 1560 dubia
902 1497 1072 1560 subtilitate
1093 1504 1247 1559 astemus
1270 1494 1384 1575 ingenii
1407 1492 1629 1556 acrimoniam.

251 1587 342 1650 Haud
366 1587 485 1668 quidem
510 1586 627 1666 lougius
651 1596 748 1662 certe,
777 1587 827 1648 val
851 1586 943 1648 etiam
965 1585 1089 1667 propius
1111 1584 1231 1647 omnino
1248 1584 1413 1646 'ablaturos
1436 1601 1508 1644 suas
1531 1579 1629 1643 indi·
1707 1636 1715 1643 .

254 1675 392 1739 cationes
415 1682 555 1737 sextante
576 1682 629 1737 aut
649 1676 816 1757 quadrante
839 1676 937 1754 partis
960 1675 1048 1738 unius
1072 1696 1091 1736 a
1113 1691 1205 1749 vero;
1229 1673 1313 1754 cujus
1336 1673 1472 1734 desectus
1496 1676 1630 1733 uotum

255 1765 364 1828 abesse
387 1771 422 1825 nt
443 1782 477 1825 se
500 1765 672 1844 poeniteat,
700 1773 736 1827 ut
761 1782 942 1845 magnopere
971 1765 1120 1839 laetetur,
1154 1763 1211 1825 huc
1233 1781 1327 1843 usque
1352 1762 1442 1842 longo
1465 1768 1625 1840 tempore,

244 1853 369 1934 ,ingenti
391 1851 517 1922 labore,
542 1853 674 1915 maxima
697 1855 903 1931 contentione,
928 1854 1030 1916 studio
1053 1860 1086 1915 et
1107 1852 1257 1916 industria
1278 1850 1422 1931 singulari
1451 1849 1625 1932 procedere

252 1942 400 2025 potuisse.
437 1941 618 2003 Mercurium
643 1942 770 2024 quidem,
797 1942 882 2025 quasi
906 1942 1072 2029 gecundum
1094 1942 1284 2024 proverbium
1300 1938 1496 2009 Graecorum,
1520 1939 1622 2001 relin-

253 2031 367 2114 quebat
383 2032 413 2093 in
429 2029 528 2093 medic
544 2050 745 2105 communem
769 2033 848 2113 qnod
867 2032 905 2094 de
929 2032 981 2095 illo
1004 2049 1101 2112 neque
1125 2051 1181 2113 sno
1204 2029 1305 2119 studiq
1329 2029 1523 2092 observatum
1546 2047 1623 2093 csso

252 2121 377 2195 diceret,
401 2138 498 2199 neque
522 2119 560 2181 ab
584 2120 652 2182 aliis
676 2140 709 2182 se
733 2122 898 2200 accepisse,
924 2140 981 2201 quo
1003 2139 1187 2201 magnopere
1206 2119 1343 2200 adjuvari
1366 2119 1521 2198 estquod
1546 2136 1619 2181 om·

254 2208 323 2272 nino
346 2209 474 2289 probare
497 2216 613 2288 posset.
652 2210 702 2271 Me
727 2210 847 2290 quidem
869 2211 965 2272 multa
985 2228 1119 2286 monens,
1143 2208 1319 2288 subjiciens,
1332 2207 1541 2291 praecipiens,
1565 2207 1617 2268 in·

253 2297 357 2379 primis
381 2297 570 2374 hortabatur,
595 2305 628 2360 ut
651 2298 808 2361 stellarum
831 2298 1026 2361 inerrantium
1038 2297 1249 2361 ‚observationi
1268 2315 1390 2377 operam
1406 2297 1520 2369 duces,
1542 2296 1617 2359 illa-

254 2406 317 2450 tum
340 2386 545 2467 potissimum,
569 2406 645 2468 quae
669 2386 699 2449 in
724 2387 869 2469 signifero
892 2395 1056 2468 apparent,
1088 2388 1167 2469 quod
1190 2406 1257 2449 cum
1281 2386 1328 2447 his
1351 2386 1517 2448 errantium
1539 2403 1616 2447 cou-

247 2494 377 2555 ,gressns
401 2476 500 2538 notari
527 2483 669 2554 possent,
701 2478 782 2540 eto,“
828 2478 986 2540 Hactenus
1014 2497 1052 2539 ex
1081 2478 1211 2557 epistola
1233 2474 1356 2537 Rhetici
1383 2494 1439 2550 ca,
1472 2493 1549 2556 quas
1576 2473 1616 2534 ad

254 2584 316 2629 rem
341 2565 433 2639 lubre.
480 2562 561 2635 Quid
584 2572 618 2627 tu
637 2566 723 2646 jam,
755 2566 852 2628 amice
879 2567 993 2641 lector,
1026 2566 1063 2628 de
1088 2564 1255 2646 Goperuico
1284 2563 1402 2626 sentis?
1439 2562 1473 2626 si
1498 2563 1535 2624 de
1558 2563 1617 2625 hoc

254 2655 375 2733 negotio
400 2654 509 2716 luisset
529 2654 662 2718 monitos
685 2662 777 2736 atquc
802 2655 1067 2736 deprehendisset,
1094 2673 1182 2734 qnam
1203 2670 1298 2734 prope
1322 2652 1405 2715 absit
1427 2653 1465 2715 ab
1490 2671 1525 2719 eo
1547 2652 1617 2715 cnm

255 2742 319 2805 suis
342 2741 520 2817 rationibus,
546 2743 617 2823 quid
640 2751 729 2824 putas
752 2762 810 2805 uon
835 2751 1008 2806 tentaturus
1032 2744 1155 2819 inisset,
1181 2761 1267 2825 quem
1292 2742 1426 2805 laborem
1448 2761 1506 2804 non
1532 2742 1616 2803 sum·

255 2833 357 2906 sisset,
384 2840 417 2894 nt
441 2849 567 2910 corpora
590 2852 657 2894 oum
681 2833 743 2895 suis
767 2832 889 2895 orbibus
914 2832 1113 2896 conciliaret?
1154 2831 1256 2913 Atque
1278 2830 1336 2893 hcc
1359 2831 1385 2893 si
1409 2831 1541 2905 daretur,
1566 2829 1618 2911 qui

255 2936 437 2993 consensus,
466 2940 543 3001 quae
572 2921 718 3001 perfectio
742 2940 800 2983 non
824 2923 974 3003 speranda
997 2921 1105 2985 esset?
1150 2919 1221 2993 Qua
1243 2921 1272 2982 in
1295 2939 1328 2982 ra
1351 2920 1423 2999 quid
1451 2920 1517 2996 alii,
1546 2918 1617 3001 quid

255 3009 321 3090 ipse
343 3008 525 3071 Maestlinus
554 3010 730 3092 aliquando,
763 3010 885 3073 favente
907 3011 990 3080 Deo,
1019 3011 1221 3092 praestiturus
1249 3010 1306 3085 sit,
1322 3016 1455 3089 tempus
1485 3008 1615 3072 docebit

170 3146 174 3151 =
256 3100 379 3161 Interea
402 3098 505 3166 nolim,
531 3099 597 3179 quis
620 3106 732 3161 temam
756 3106 863 3161 contra
881 3118 928 3161 me
942 3101 1130 3180 pronunciet,
1154 3106 1186 3161 et
1208 3117 1305 3179 aequo
1329 3097 1429 3160 auimo
1453 3099 1531 3160 bano
1553 3098 1616 3160 litis

258 3185 434 3249 dilationem
458 3187 547 3248 serat.

514 3364 520 3369 ’
609 3371 652 3435 m
676 3369 818 3436 curor
840 3370 1039 3437 nsorunu
1062 3370 1272 3461 oorsvnn

781 3495 897 3549 NOTAE
915 3496 1094 3551 scotoma.
1117 3490 1119 3493 ’

250 3636 254 3647 =
338 3601 370 3674 a)
391 3596 455 3658 Etsi
472 3618 569 3658 renim
588 3609 640 3667 est,
661 3603 823 3660 Protenicas
845 3622 969 3677 peccare,
991 3624 1052 3661 cnm
1072 3605 1157 3670 alite,
1180 3612 1238 3661 tum
1258 3607 1342 3660 etiam
1363 3606 1391 3660 iu
1410 3604 1618 3675 prosthaphae·

258 3685 365 3742 resibus
387 3683 461 3738 orbis
482 3683 580 3747 annui,
608 3683 751 3752 potissima
771 3693 864 3741 mmcn
884 3703 970 3742 causa
995 3705 1050 3742 nou
1070 3687 1153 3757 hujus
1174 3692 1284 3742 tantum
1303 3687 1352 3750 roi,
1376 3687 1448 3756 quod
1469 3685 1619 3739 intervalla

260 3764 366 3821 orbium
385 3781 440 3818 nou
460 3771 560 3818 exacte
581 3765 720 3834 quadrant
747 3768 781 3819 ad
810 3767 1002 3838 proportiones
1023 3768 1141 3838 quinque
1165 3784 1308 3836 corporum
1336 3765 1537 3837 geometricas,
1569 3766 1617 3819 sed

260 3845 344 3899 'etiam
365 3843 436 3897 alius
457 3844 568 3914 majoris
589 3844 642 3906 rei,
675 3847 745 3915 quod
766 3847 872 3903 scilicet
900 3847 1050 3917 planetarii
1071 3850 1151 3902 orbes
1178 3847 1286 3901 habent
1305 3852 1400 3900 tantas
1422 3844 1525 3917 singuli
1547 3852 1617 3900 tam·

260 3942 313 3996 que
335 3924 490 3978 differentes
512 3925 748 3989 eccentricitates‚
780 3927 923 3998 utriusque
944 3928 1055 3998 inquam
1079 3928 1120 3982 rei
1142 3934 1292 3982 causaest
1312 3926 1340 3980 in
1361 3926 1516 3997 archetypo
1537 3940 1618 3979 exor-

260 4003 379 4060 nationis
400 4010 521 4059 motuum
541 4006 687 4058 secundum
707 4006 830 4061 rationes
850 4008 1040 4063 harmonicas:
1062 4008 1109 4063 ubi
1130 4025 1189 4062 cum
1206 4024 1260 4062 non
1280 4012 1396 4077 possent
1414 4012 1536 4061 exactae
1556 4022 1620 4076 pro·

261 4085 401 4156 portiones
422 4085 555 4156 figurales
578 4091 654 4138 stare
670 4085 758 4154 juxta
778 4089 971 4160 proportiones
992 4088 1174 4152 harmonicas,
1196 4104 1309 4142 necesse
1330 4087 1383 4142 ruit
1397 4087 1462 4149 illis,
1483 4092 1517 4140 ut
1529 4085 1619 4157 magis

262 4168 298 4221 ad
317 4164 440 4220 rationes
460 4165 596 4220 materiae
617 4165 834 4232 declinantibus,
866 4169 996 4241 derogari
1015 4185 1113 4239 pamm
1135 4168 1250 4239 aliquid,
1282 4174 1313 4222 ut
1340 4166 1532 4238 proportiones
1556 4167 1619 4221 har·

261 4246 385 4301 monicae
411 4245 498 4314 juxta
524 4247 613 4299 locum
642 4246 792 4310 haberent,
823 4249 890 4303 illae
911 4249 1019 4321 quidem
1047 4248 1075 4303 in
1096 4248 1193 4320 spatiis
1224 4247 1328 4310 mundi,
1359 4248 1431 4301 istae
1452 4263 1519 4300 vero
1549 4247 1621 4301 inter

263 4334 353 4381 motus
383 4342 433 4395 per
461 4326 562 4397 spatia.
605 4325 674 4380 Vide
700 4326 773 4381 bunc
801 4337 930 4384 ornatum
959 4328 1174 4404 ornatissimum,
1205 4328 1253 4383 lib.
1274 4328 1308 4381 V.
1341 4328 1472 4382 Hermon.
1504 4343 1565 4398 cap.
1593 4326 1620 4381 9.

262 4423 341 4477 prop.
364 4422 384 4460 a
403 4405 451 4459 46.
472 4405 570 4461 in'49.
593 4407 628 4459 ad
649 4407 770 4476 longum

343 4481 374 4550 b)
396 4486 452 4539 Imo
472 4484 501 4540 in
514 4486 606 4539 Marte
629 4491 694 4548 tres,
717 4486 745 4541 in
768 4489 875 4541 Venere
900 4488 1019 4559 quinque
1042 4492 1146 4560 gradm
1170 4489 1197 4542 in
1221 4496 1417 4552 mansrcrsum,
1440 4487 1467 4542 in
1486 4485 1621 4541 Mercurio

268 4566 302 4619 10
327 4565 371 4617 vel
401 4567 432 4618 ll
450 4568 554 4636 gradus
577 4564 612 4631 (si
634 4564 717 4619 etiam
732 4568 765 4619 de
780 4568 812 4620 iis
828 4566 903 4632 locis,
925 4569 973 4622 uhi
996 4570 1114 4640 plancta
1132 4569 1177 4624 hic
1189 4567 1275 4622 videri
1294 4569 1397 4640 nequit,
1421 4586 1458 4623 ex
1471 4565 1621 4637 hypothesi

265 4644 389 4699 theoriae
403 4645 531 4700 Mercurii
547 4662 565 4699 a
578 4663 620 4700 me
636 4645 788 4701 constituta
802 4647 868 4702 licet
881 4648 985 4719 aliquid
1001 4646 1151 4713 affirmare)
1173 4649 1256 4703 certis
1270 4648 1376 4703 orbium
1390 4650 1457 4705 locis
1481 4649 1508 4702 in
1530 4662 1622 4701 errore

266 4730 331 4777 suut
350 4726 423 4794 apud
443 4724 613 4781 Pnrtenicas.

346 4799 375 4873 a)
396 4805 499 4858 centra
516 4805 660 4876 planorum
683 4806 790 4877 tlgurae
805 4809 1028 4882 circumscriptae
1051 4816 1081 4863 et
1103 4810 1202 4882 anguli
1221 4811 1330 4885 figurae
1343 4809 1493 4882 inscriptae
1506 4825 1560 4863 uon
1573 4824 1622 4878 po·
