3609 5634
286 367 355 444 bne
840 377 965 445 speum
982 377 1106 445 menn

288 539 405 602 habeat
436 539 475 600 sd
507 539 559 602 Π
587 550 708 621 partem
739 539 897 615 minorem,
933 559 1020 622 quam
1058 541 1151 603 habet
1181 540 1329 602 velocitas
1362 538 1520 602 eccentrici
1555 557 1593 599 ex
1624 536 1657 599 Ε

288 627 392 709 perQ
422 629 451 691 in
480 628 511 691 N
541 630 579 690 ad
611 630 803 692 velocitatem
836 631 945 691 stellae
978 645 1015 691 er
1044 631 1069 691 Β
1102 639 1133 691 et
1166 630 1369 704 demonstrat,
1393 628 1526 709 ¹qnando
1559 627 1656 688 stella

289 720 318 780 in
343 719 370 780 Τ
394 727 538 797 punctum
560 720 683 799 propius
703 719 814 782 Terrae
838 721 864 781 F
885 719 1005 793 incidit,
1039 728 1122 781 stare
1150 719 1254 780 videri.
1302 719 1404 798 Atque
1432 718 1507 778 haec
1536 733 1656 778 summa

290 814 339 869 est
361 817 393 869 et
415 807 589 869 intentionis
613 816 646 868 et
669 808 780 870 laboris
797 808 951 889 Apollonii
976 808 1076 882 illlus;
1108 815 1230 887 praeter
1253 821 1328 886 quae
1351 805 1424 867 nihil
1447 808 1546 886 plane,
1572 805 1653 886 qnod

290 897 319 958 in
353 896 537 958 astronomia
565 896 737 976 scripserit,
770 915 896 978 nsquam
929 898 1069 978 comperi.
1116 894 1203 969 Quae
1236 898 1300 975 ejus
1333 896 1542 973 demonstrata
1573 909 1654 974 qno-

289 987 377 1047 modo
411 984 597 1065 Gopernicus
635 986 673 1047 ad
690 1006 779 1048 ‚snas
812 988 1004 1050 transtulerit
1032 986 1229 1069 hypotheses,
1269 985 1298 1045 iu
1332 984 1397 1064 ipso
1430 985 1498 1045 vide
1531 982 1653 1063 coper-

289 1075 365 1148 nico‚
395 1075 470 1136 lucis
499 1075 537 1136 ab
560 1075 639 1138 Urso
663 1076 767 1138 citatis
791 1076 847 1148 (V.
873 1073 940 1147 35).
991 1076 1073 1138 Nihil
1104 1076 1183 1136 enim
1208 1073 1287 1136 alind
1320 1073 1396 1135 dixit
1423 1074 1460 1134 de
1490 1072 1653 1152 Apollonio

288 1162 474 1242 Oopemions
502 1179 589 1244 quam
617 1164 823 1239 Ptolemaeus,
859 1183 896 1226 er
920 1183 978 1245 quo
1010 1166 1061 1226 ille
1093 1165 1168 1225 haec
1200 1164 1229 1225 in
1263 1179 1348 1224 snam
1376 1177 1450 1243 opus
1483 1162 1652 1224 transtulit.

289 1250 436 1323 Quamvls
463 1270 500 1314 ne
523 1253 599 1314 haec
627 1254 745 1333 quidem
774 1272 828 1334 pro
856 1271 924 1316 sese
946 1253 1190 1333 ingeniosissima
1217 1252 1350 1315 inventio
1379 1252 1538 1313 admodum
1565 1251 1653 1312 utilis

288 1342 380 1403 inerit
408 1341 585 1418 artificibus,
618 1351 779 1423 propterea
812 1344 889 1423 quod
918 1343 1111 1423 Apollonius,
1145 1349 1179 1403 ut
1205 1343 1319 1422 exitum
1351 1340 1380 1400 in
1413 1340 1651 1402 demonstrando

288 1431 442 1510 reperiret,
460 1430 716 1511 inaequalitatem
739 1433 867 1495 alteram
891 1434 920 1494 in
946 1432 1101 1495 stellarum
1124 1431 1269 1504 motibus,
1304 1447 1381 1509 qnae
1404 1430 1442 1491 ad
1466 1438 1571 1507 partes
1595 1447 1650 1489 zo·

288 1519 367 1581 disci
390 1520 568 1595 restituitur,
594 1520 729 1583 exclusit.
780 1522 886 1602 ltaque
911 1541 948 1582 ea
970 1521 1226 1582 demonstratione
1257 1519 1315 1581 nisi
1344 1519 1382 1579 ad
1406 1519 1540 1598 singulos
1559 1535 1651 1579 casus

287 1607 515 1688 inaequalitatis
549 1608 675 1671 alterins
703 1610 824 1672 variata
855 1611 899 1672 uti
928 1610 1120 1672 Ptolemaeus
1144 1618 1176 1669 et
1205 1607 1389 1687 Gopemicne
1421 1625 1479 1669 non
1512 1615 1648 1685 potuere.

287 1697 397 1759 Adhuc
422 1716 494 1776 ergo
517 1698 617 1760 nullas
640 1698 783 1762 habemns
798 1699 953 1778 Apollonii
976 1699 1163 1781 hypotheses
1185 1697 1413 1767 astronomicas,
1437 1715 1513 1776 qnae
1528 1696 1650 1775 quidem

286 1786 331 1848 sic
356 1784 414 1847 dici
442 1796 473 1846 et
506 1785 586 1848 inter
608 1796 727 1850 ceteras
760 1790 873 1850 formas
897 1788 1048 1850 recenseri
1067 1795 1229 1849 merentur.
1275 1784 1362 1856 Quae
1387 1785 1466 1847 enim
1497 1786 1549 1847 ille
1573 1803 1649 1865 sup-

286 1873 373 1955 ponit
405 1873 434 1936 in
460 1875 716 1938 demonstratione
739 1897 809 1950 sna,
841 1896 899 1938 non
933 1878 978 1938 ita
1009 1877 1165 1959 supponit,
1201 1881 1344 1955 tanquam
1374 1893 1481 1937 revera
1512 1875 1557 1935 ita
1579 1893 1650 1934 sese

285 1963 398 2025 habere
423 1972 542 2025 statuat
565 1965 659 2044 (qnod
682 1967 783 2027 solent
805 1965 967 2040 artifices),
993 1966 1046 2027 sed
1069 1966 1123 2040 ita,
1149 1973 1183 2026 ut
1204 1973 1356 2044 patescat,
1381 1964 1451 2044 qnid
1475 1963 1556 2025 circa
1578 1970 1649 2024 sta·

287 2052 385 2113 tiones
409 2053 540 2114 futurum
565 2063 663 2129 esset,
692 2054 718 2115 si
742 2055 796 2117 illa
825 2055 870 2116 ita
893 2055 1050 2117 haberent.
1097 2055 1263 2133 Propterea
1290 2053 1411 2132 gemina
1433 2052 1529 2115 utitur
1552 2053 1651 2114 iorrna

286 2139 497 2220 principiorum
525 2142 793 2206 demonstrationis
822 2162 912 2214 snae,
946 2145 1017 2224 quia
1048 2161 1092 2205 sc.
1122 2143 1195 2205 nihil
1228 2142 1364 2204 decernit
1397 2151 1430 2205 ut
1457 2151 1648 2204 astronomus

287 2229 409 2304 artifex,
434 2231 488 2291 ssd
512 2249 625 2293 merum
648 2233 714 2310 agit
735 2241 920 2313 geometram
943 2234 973 2294 in
999 2242 1131 2295 motuum
1155 2250 1274 2310 genere.

374 2318 446 2380 Jam
473 2319 556 2394 vide,
594 2338 683 2399 qnam
720 2322 855 2384 suaviter
877 2322 979 2385 'Ursas
1013 2322 1050 2384 ds
1082 2323 1139 2384 hoc
1167 2320 1323 2402 Apollonii
1356 2320 1476 2382 invento
1510 2327 1647 2399 nugetur.

286 2407 387 2470 Primo
412 2406 466 2479 ait,
491 2408 529 2470 ab
552 2408 619 2489 ipso
644 2418 791 2472 mumtam
814 2429 882 2472 esse
907 2411 1078 2473 universam
1102 2412 1228 2472 formam
1243 2409 1551 2478 Aristarchianamm,
1573 2425 1645 2487 per·

288 2497 358 2558 inde
382 2496 462 2558 acsi
485 2498 672 2577 professione
697 2499 805 2561 inisset
829 2507 1027 2571 astronomus,
1052 2508 1087 2562 ut
1100 2499 1298 2561 Aristarchus
1317 2508 1349 2560 et
1364 2499 1424 2560 alii.
1471 2497 1645 2559 Mathema-

285 2585 376 2647 ticum
396 2585 590 2648 Ptolemaeus
614 2588 758 2668 appellat,
783 2597 816 2649 at
839 2598 921 2651 certe
945 2590 1083 2669 nuspiam
1102 2589 1129 2650 ei
1145 2581 1308 2650 astronomi
1329 2587 1436 2649 titulus
1450 2587 1641 2648 adscribitur.

285 2674 403 2736 Deinde
426 2692 493 2736 oum
517 2675 729 2739 obversaretur
752 2677 780 2738 ei
803 2679 947 2739 memoria
970 2678 1098 2758 duplicis
1121 2679 1235 2739 tonnae
1258 2677 1523 2738 demonstrationis
1545 2677 1645 2755 Apol-

285 2762 434 2836 lonisnae,
459 2764 512 2826 ssd
537 2766 680 2828 memoria
703 2766 820 2840 manis,
854 2775 999 2847 tanquam
1022 2767 1066 2828 rel
1094 2786 1148 2847 per
1180 2785 1314 2828 somnum
1339 2766 1423 2826 visae
1447 2772 1532 2834 (nam
1555 2781 1647 2843 supra

285 2851 473 2931 conjectatus
497 2873 572 2928 sum,
597 2872 655 2916 non
679 2855 777 2935 ipsum
802 2856 913 2919 Ursum
939 2856 1049 2936 legisse
1073 2856 1147 2917 haec
1171 2855 1199 2916 in
1226 2856 1410 2929 Ptolemaeo,
1435 2856 1488 2916 sed
1514 2854 1552 2915 ab
1576 2853 1645 2923 alio,

285 2940 334 3021 qni
358 2942 434 3002 haec
458 2942 589 3004 sortasse
615 2944 730 3023 legerit,
756 2945 970 3017 admonitum),
994 2945 1059 3024 ipse
1083 2963 1198 3024 qnoque
1223 2944 1371 3022 geminam
1394 2943 1643 3005 Aristarchiana-

284 3049 348 3092 rum
381 3031 621 3093 immutationem
655 3033 819 3112 Apollonio
852 3034 981 3113 affingit.
1036 3033 1169 3096 Ρτίωυω
1198 3034 1257 3104 ait,
1290 3031 1460 3094 institutam
1494 3032 1575 3107 ideo,
1614 3039 1648 3092 nt

285 3118 393 3198 ingens
416 3118 470 3180 illa
491 3120 624 3181 uastitas
648 3121 782 3195 lixamm,
809 3142 897 3203 quam
920 3124 1118 3185 Aristarchus
1142 3122 1220 3200 apud
1235 3122 1445 3183 Archimedem
1469 3120 1647 3189 introduxit,

286 3206 456 3269 tolleretur.
503 3208 635 3287 ldaoque
668 3209 711 3270 sic
744 3229 812 3271 esse
840 3211 1009 3273 institutam
1042 3212 1125 3273 illam
1156 3211 1409 3281 immutationem,
1443 3219 1478 3271 nt
1510 3219 1645 3270 centrum

289 3296 413 3358 firmum
436 3294 496 3357 unci
517 3315 584 3357 cnm
598 3298 693 3359 Terra
715 3298 999 3362 circumvolveretur
1016 3319 1115 3362 annuo
1137 3309 1230 3361 motu.
1276 3300 1322 3361 At
1342 3301 1397 3361 hoo
1422 3308 1517 3360 totum
1533 3318 1646 3360 merum

285 3401 352 3443 esse
377 3383 552 3462 figmentum
576 3394 608 3446 et
631 3386 796 3472 sphyngem
819 3407 857 3448 ex
880 3388 951 3450 Ursi
975 3389 1097 3450 cerebro
1123 3381 1240 3462 namin,
1273 3389 1360 3450 iacile
1384 3389 1481 3462 videt,
1507 3388 1555 3468 qni
1579 3407 1646 3448 cnm

284 3471 341 3532 hac
365 3470 436 3533 Ursi
464 3471 714 3551 interpretatione
738 3476 906 3538 Ptolemaei
934 3476 1028 3538 verba
1060 3497 1151 3556 supra
1175 3478 1310 3556 allegata
1337 3479 1374 3539 de
1402 3478 1494 3556 priori
1518 3478 1645 3538 demon·

285 3558 440 3620 strationis
455 3560 676 3640 Apollonianae
705 3565 802 3625 torma
825 3566 960 3627 conferre
983 3567 1122 3629 voluerit.
1169 3567 1268 3646 Major
1291 3566 1429 3646 equidem
1453 3577 1502 3628 est
1525 3564 1645 3626 candidi

285 3655 317 3708 et
339 3648 399 3708 atri
413 3649 530 3710 coloris
554 3652 711 3731 cognatio,
746 3672 835 3732 qnam
858 3655 930 3716 Ursi
954 3663 986 3717 et
1011 3654 1175 3736 Apollonii.
1222 3657 1269 3718 Ac
1303 3655 1418 3736 siquis
1446 3656 1486 3717 ad
1509 3677 1545 3716 ao
1567 3653 1647 3732 ἦθος

285 3734 522 3814 suppositionum
546 3740 700 3818 Apollonii
723 3742 881 3821 respiciat,
912 3744 954 3805 illi
979 3762 1036 3805 non
1061 3753 1163 3822 potest
1186 3746 1246 3806 ullo
1270 3745 1357 3807 modo
1381 3745 1543 3806 verisimile
1566 3763 1644 3818 esse,

285 3831 402 3886 tantam
425 3827 587 3905 Apollonio
610 3848 711 3891 curam
735 3831 828 3893 inisse
848 3833 885 3895 de
909 3833 961 3895 illo
991 3834 1076 3894 hiatu
1105 3834 1215 3913 illaque
1239 3835 1386 3896 vastitate
1410 3836 1545 3895 fixarum.
1582 3833 1643 3895 Al·

284 3919 383 3973 teram
412 3913 648 3979 immutationem
676 3919 772 3982 Ursus
803 3922 897 3983 talem
928 3922 966 3983 ab
990 3921 1152 4002 Apollonio
1185 3923 1271 4003 fingit
1299 3924 1483 3997 institutam,
1519 3932 1553 3983 ut
1578 3941 1644 3982 cum
1723 3940 1730 3946 ·

284 4009 376 4063 antea
398 4002 493 4066 Terra
516 4007 665 4078 (centrum
689 4005 829 4092 fixamm)
853 4012 1026 4073 volveretur
1049 4029 1146 4073 annuo
1170 4021 1252 4074 motu
1276 4014 1357 4075 circa
1372 4012 1483 4086 Solem,
1508 4021 1643 4073 ceutmm

283 4090 482 4169 planetsmm,
506 4096 728 4174 quiescentem:
749 4099 813 4178 jam
838 4100 921 4162 circa
935 4101 1059 4162 Terram
1083 4109 1115 4161 et
1137 4110 1271 4163 centmm
1294 4103 1428 4169 fixarum,
1445 4100 1641 4180 quiescentia,

284 4178 337 4241 Sol
362 4190 394 4242 et
416 4191 551 4245 cunnum
573 4185 762 4265 planetarum
786 4188 891 4251 eodem
916 4208 1014 4250 annuo
1042 4197 1176 4268 tempore
1199 4190 1394 4264 circumierit,
1424 4209 1500 4270 qnae
1524 4190 1643 4269 quidum

285 4267 495 4349 hypothesium
525 4274 621 4337 iorma
647 4296 666 4336 a
689 4276 831 4356 Tychone
854 4278 955 4340 Brahe
984 4279 1083 4358 (cnjus
1113 4279 1287 4358 exagitandi
1315 4282 1416 4360 gratia
1444 4280 1540 4342 Ursus
1568 4278 1643 4338 haec

285 4359 442 4433 confinxit)
467 4370 590 4442 propter
613 4384 721 4426 causas
745 4366 873 4445 abipso
897 4375 1020 4429 anctore
1044 4368 1157 4448 passim
1190 4369 1358 4430 inculca-tas
1389 4378 1419 4430 et
1443 4387 1481 4429 ex
1504 4366 1642 4429 occasio-

286 4446 372 4509 nibus
400 4466 459 4509 non
491 4453 716 4515 contemnendis
740 4464 896 4535 suscepta,
930 4456 1053 4517 inventa
1085 4464 1116 4517 et
1144 4458 1311 4519 constituta
1338 4468 1395 4519 est.
1443 4458 1545 4518 Habet
1567 4458 1643 4517 haec

230 4611 244 4634 κ
287 4535 407 4615 quidem
430 4540 560 4602 assertio
583 4542 871 4606 verisimilitudinem
896 4545 1045 4625 aliquam,
1070 4546 1096 4608 si
1120 4547 1186 4626 quis
1209 4567 1276 4608 eam
1300 4565 1366 4609 cam
1391 4544 1543 4627 Apollonii
1568 4563 1643 4624 snp-

286 4624 435 4700 positione
459 4629 605 4692 conserat.
653 4630 702 4693 Sit
725 4631 803 4694 enim
829 4632 920 4712 juxta
948 4643 1078 4696 mentem
1101 4637 1255 4716 Apollonii
1281 4645 1313 4698 et
1335 4637 1364 4698 in
1385 4635 1416 4698 5.
1441 4636 1594 4696 schemate
1617 4635 1644 4694 F

287 4712 390 4787 Terra,
422 4714 503 4777 circa
533 4737 600 4780 eam
623 4719 681 4783 ΝΕ
709 4720 851 4794 circulus,
880 4742 968 4803 quem
997 4735 1131 4786 centmrn
1159 4726 1320 4788 eccentrici
1349 4743 1447 4787 anum
1474 4733 1557 4787 motu
1585 4724 1641 4783 de-

285 4802 406 4876 scribit,
432 4803 477 4866 ita
495 4813 528 4867 ut
551 4808 630 4869 linea
654 4827 691 4869 ex
705 4810 731 4870 F
745 4811 840 4872 Terra
863 4831 917 4891 per
930 4811 969 4886 N,
993 4811 1020 4873 E
1044 4823 1179 4876 centrum
1203 4814 1362 4876 eccentrici
1377 4814 1493 4893 ejecta,
1522 4831 1650 4891 semper-

286 4888 391 4952 eadern
414 4891 456 4954 sit
478 4912 545 4960 cum
568 4915 621 4970 ea,
656 4915 733 4980 qnae
763 4917 801 4960 ex
823 4900 849 4962 F
872 4900 968 4962 Terra
995 4920 1047 4981 per
1072 4903 1189 4977 Soleus,
1223 4903 1289 4964 sive
1312 4905 1338 4964 is
1362 4904 1427 4982 jam
1451 4903 1480 4964 ia
1504 4901 1641 4983 ampliori
