3609 5634
768 401 931 454 Prooemium.
1487 401 1531 469 67

150 561 252 605 menta
270 565 317 606 ant
334 573 450 608 sensuum
469 559 591 607 subtilitas
609 560 654 609 hoc
673 561 822 625 investigare
841 562 948 624 poterit,
973 560 1038 626 quod
1057 559 1179 625 Keplerus
1197 561 1319 620 intendit;
1347 576 1406 611 nam
1429 563 1450 612 si
1474 577 1531 613 oon·

149 629 269 676 trarium
288 628 389 678 firmiter
406 630 533 693 probetur,
556 632 634 679 omnis
654 630 782 694 copemici
801 634 953 681 astronomia
969 631 1041 681 valde
1060 639 1177 696 suspecta
1199 635 1253 682 erit
1281 633 1373 683 Dubito
1392 641 1533 697 praeterea,

152 709 190 745 an
212 700 304 747 talis
297 703 376 763 inquis
366 702 421 748 itio
440 700 473 749 ad
491 703 667 751 astronomiam
685 704 816 766 quicquam
836 709 965 766 apportet,
995 704 1043 752 nisi
1067 718 1100 752 ιι
1127 704 1160 753 od
1177 705 1301 786 perlectas
1319 705 1438 754 scientias
1456 701 1533 768 (quod

151 768 263 818 videtur
284 770 380 828 conari)
400 777 564 820 convertatur.

152 910 216 961 Das
238 912 286 961 ich
305 912 360 962 dem
378 913 459 962 Herm
477 913 522 962 aul
537 915 591 963 sein
609 928 642 963 an
661 914 727 964 mich
742 917 830 980 jilngst
848 914 942 980 gethan
961 881 1106 964 Schrsiben
1122 932 1150 965 so
1174 881 1251 981 lange
1270 916 1327 966 Zeit
1351 917 1421 966 nicht
1443 924 1532 983 geaut

153 991 263 1040 vortet,
284 984 318 1032 ist
336 998 380 1033 sus
400 984 577 1049 eingeiallener
594 984 749 1042 Krankhsit,
768 986 847 1036 damit
864 986 905 1036 ich
923 986 1029 1036 beladeu
1047 1002 1162 1051 genesen
1181 987 1232 1036 und
1249 987 1340 1036 daraui
1357 988 1535 1040 anbeiohlener

153 1053 255 1112 Raiss,
278 1055 358 1104 daron
376 1055 416 1103 ich
435 1060 484 1103 erst
502 1056 593 1105 wieder
611 1056 676 1105 uach
694 1057 765 1106 Heus
782 1057 900 1122 gelangt,
929 1057 1025 1106 bishero
1050 1057 1197 1107 verblieben.
1235 1057 1293 1107 lind
1311 1057 1371 1107 thne
1389 1059 1455 1108 mich
1475 1061 1535 1110 aber

155 1127 250 1174 seines
278 1139 311 1176 au
336 1125 403 1175 mich
430 1127 628 1192 abgegangeneu
654 1127 814 1186 Schrsibens,
844 1128 966 1178 darinnen
994 1142 1020 1177 er
1047 1128 1113 1176 mich
1136 1130 1204 1178 scine
1232 1129 1387 1179 vorhabende
1406 1130 1533 1179 studioso

154 1196 319 1246 vertraulich
337 1195 466 1254 berichtet‚
486 1211 551 1262 ganz
569 1198 668 1248 heund·
687 1199 739 1248 und
759 1198 890 1248 dienstlich
909 1199 1047 1249 bedanken.

239 1268 297 1318 Wie·
315 1267 356 1316 ich
374 1267 417 1317 des
435 1268 517 1318 Herm
535 1283 739 1334 vergenommeue
762 1272 947 1320 observationes
971 1270 1100 1327 verstehe,
1129 1270 1230 1320 wiirden
1257 1271 1385 1330 dadurch‚
1414 1271 1460 1320 ιιιι
1484 1272 1534 1322 (ιιι

156 1339 221 1387 Pali
242 1339 278 1388 Er
295 1339 434 1388 sensibilem
453 1338 617 1389 differentiam
636 1356 666 1389 ιι
685 1342 854 1391 observatione
874 1340 1066 1405 deprehendiren
1089 1340 1200 1396 tonso.
1229 1343 1273 1392 des
1302 1342 1430 1406 Copemici
1455 1343 1532 1406 hypo·

156 1410 254 1459 theses
272 1411 390 1467 evertirt,
410 1410 524 1459 sintemal
544 1410 693 1475 Copemicus
711 1413 914 1476 praesupponirt,
943 1412 1007 1476 quod
1035 1412 1155 1461 distantia
1181 1415 1245 1461 iuter
1272 1411 1355 1463 Solem
1380 1420 1407 1462 et
1431 1412 1533 1464 Terram

158 1483 198 1530 ad
227 1483 422 1531 immensitatem
449 1482 576 1540 stellamm
602 1481 705 1532 fixarum
724 1485 857 1533 exutimari
884 1490 1001 1547 nequeat.
1038 1482 1096 1532 ilud
1121 1483 1241 1548 gehbrteu
1273 1483 1339 1534 daau
1368 1482 1534 1534 instrumenta

158 1567 281 1617 magna,
303 1559 393 1602 exacto
411 1557 436 1600 et
454 1553 669 1611 rectificatisaima,
689 1554 800 1604 dadurch
827 1569 887 1604 man
911 1555 976 1604 auch
994 1553 1026 1603 ad
1044 1555 1162 1617 scrupula
1178 1555 1270 1618 prima,
1297 1556 1335 1605 rel
1354 1556 1431 1605 etiam
1450 1561 1534 1618 parter

161 1624 267 1688 aliquas
286 1624 392 1686 sempuli
410 1624 481 1687 primi
500 1625 611 1686 praecise
630 1626 768 1675 observiren
787 1627 888 1676 konnte.
917 1624 959 1675 Da
977 1625 1021 1674 der
1038 1624 1103 1675 Ηιιι
1121 1625 1278 1692 dergleichen
1295 1626 1348 1684 hat,
1367 1628 1455 1676 nimmt
1467 1624 1534 1677 mich

104 1734 108 1738 ,
161 1695 296 1752 Wunder,
315 1709 352 1742 wo
371 1694 431 1742 oder
448 1697 493 1743 wie
512 1710 539 1744 er
558 1696 598 1744 (ιιι
616 1697 719 1746 ιιοιιιι.
757 1697 847 1745 Wollte
865 1712 926 1762 geru
944 1697 1046 1757 nissen,
1067 1697 1110 1756 oh,
1135 1700 1181 1748 vie
1199 1697 1250 1747 und
1268 1699 1294 1747 in
1313 1712 1364 1749 was
1382 1697 1471 1749 Wehrt
1487 1712 1532 1747 uu·

165 1765 310 1830 gcihhriich
330 1764 486 1829 dergleicheu
505 1781 535 1814 an
554 1767 699 1816 behommen
719 1769 772 1816 sein
790 1767 915 1817 mbchten.

244 1836 328 1885 Wann
346 1837 402 1884 dem
419 1836 500 1885 Herm
519 1837 544 1884 iu
562 1838 634 1886 rebus
652 1839 836 1888 mathematicis
863 1839 923 1888 odor
945 1837 1010 1887 auch
1032 1838 1083 1887 suis
1102 1839 1188 1888 studiis
1212 1845 1238 1888 ιι
1256 1839 1465 1889 observationibus
1483 1851 1535 1888 ιιιι

165 1907 311 1972 emlanget
330 1907 387 1956 that
404 1907 438 1956 Er
454 1910 501 1956 mir
518 1909 558 1957 ein
576 1909 738 1959 sonderbares
752 1909 875 1966 (ιιιιιιιι,
894 1910 928 1958 da
946 1909 979 1958 Er
997 1910 1063 1959 mich
1081 1910 1170 1960 deenen
1189 1910 1354 1975 rersttudigt,
1373 1910 1425 1960 und
1442 1910 1477 1960 da
1493 1908 1536 1959 ioh

164 1978 225 2028 lms
245 1979 313 2027 kann
331 1978 404 2027 hictu
422 1981 447 2026 in
467 1980 515 2028 eim
534 1979 593 2028 oder
611 1979 688 2029 ander
706 1981 770 2044 Weg
789 1980 913 2030 rerhollen
931 1995 1006 2044 seru,
1025 1980 1071 2031 hat
1089 1981 1123 2031 Er
1140 1981 1206 2031 mich
1224 1982 1288 2031 daau
1306 1982 1389 2046 villig.
1426 1981 1482 2032 Wie
1493 1980 1535 2031 ich

166 2049 225 2098 Ime
245 2050 314 2099 daun
332 2048 482 2098 henndliche
502 2049 718 2115 Dienstwilligkeit
736 2066 766 2100 au
785 2053 903 2101 erveisen
921 2053 1025 2117 geneigt
1043 2052 1173 2102 verbleibe.
1246 2051 1342 2102 Datum
1360 2051 1405 2102 dte.

245 2206 266 2255 E
285 2207 422 2271 Kepleri
439 2209 598 2272 responsione
615 2209 680 2260 haec
699 2208 829 2259 addimus:

264 2399 399 2463 Salutem
423 2401 454 2463 in
479 2399 598 2464 Christo
622 2401 791 2465 Mediatore
815 2410 847 2465 et
869 2402 1053 2466 Redemtore
1076 2412 1180 2467 nostro
1204 2405 1300 2466 unico.

264 2526 385 2587 Literas
408 2536 488 2599 tuas,
511 2527 615 2605 Magn.
640 2526 706 2601 Vir,
736 2524 784 2589 15.
810 2526 879 2590 Oct.
904 2527 1044 2607 scriptas,
1068 2524 1100 2590 5.
1124 2527 1198 2589 Dec.
1223 2527 1334 2606 accepi.
1358 2527 1535 2608 Recupera-

173 2622 239 2676 tam
263 2614 366 2694 itaque
387 2613 603 2689 valetudinem,
627 2615 796 2677 conlectum
819 2616 948 2679 feliciter
970 2616 1043 2686 iter,
1067 2623 1100 2676 et
1121 2616 1250 2677 reditum
1274 2616 1312 2676 ad
1336 2615 1453 2676 nobiles
1476 2614 1533 2675 de-

173 2703 262 2765 licias
285 2721 381 2764 rernm
405 2703 685 2766 mathematicorum
707 2703 763 2767 tibi
786 2706 931 2783 gratulor.

265 2788 354 2861 Quod
377 2811 460 2854 meas
484 2793 592 2855 stellae
616 2792 729 2871 polaris
753 2793 980 2856 observationes
1004 2791 1124 2866 attinet,
1148 2791 1175 2854 si
1195 2791 1322 2853 antehac
1347 2810 1404 2853 non
1425 2791 1533 2859 monui,

176 2888 260 2943 certe
280 2880 345 2960 jam
368 2882 532 2959 praeterire
561 2900 621 2942 non
646 2899 785 2961 possum,
817 2882 972 2943 inductum
995 2899 1042 2942 me
1065 2880 1095 2940 iu
1119 2881 1196 2942 hanc
1226 2880 1426 2959 suspicionem
1448 2889 1535 2941 certa

174 2979 210 3032 ιι
228 2969 365 3032 dimensa
388 2970 488 3049 aliqua
506 2969 745 3044 ratiocinatione,
770 2969 898 3045 scilicet;
922 2976 957 3030 nt
979 2987 1056 3048 quae
1079 2970 1157 3032 ratio
1181 2977 1230 3031 est
1252 2968 1332 3030 orbis
1347 2967 1470 3030 Terreni
1494 2968 1533 3029 ad

175 3060 279 3119 orbem
309 3058 497 3131 Sirmium,
527 3059 634 3120 cadem
664 3066 793 3138 ponatur
819 3059 897 3120 ratio
930 3058 1012 3120 orbis
1036 3055 1161 3119 Saturni
1189 3056 1227 3117 ad
1262 3056 1365 3117 orbern
1398 3057 1532 3119 fixarum.

175 3146 272 3209 Esset
294 3147 386 3224 igitur
408 3146 631 3209 semidiametri
653 3148 748 3221 orbis,
773 3148 823 3226 qui
847 3147 970 3209 Terram
994 3146 1091 3219 vehit,
1115 3145 1153 3207 sd
1177 3145 1434 3207 semidiametrum
1456 3146 1534 3207 flua-

176 3256 241 3298 rmn
265 3235 472 3314 subcentupla,
493 3237 563 3316 quia
586 3235 687 3297 estad
707 3235 964 3297 semidiametrum
983 3233 1107 3297 Saturni
1125 3233 1318 3313 subdecupla.
1349 3233 1436 3298 Haec
1454 3235 1534 3296 ratio

176 3324 204 3386 si
227 3342 300 3386 vera
323 3325 378 3418 sit,
403 3324 573 3396 differentia
596 3323 785 3386 altitudinum
810 3324 995 3386 diversarum
1018 3324 1127 3385 stellae
1150 3323 1264 3404 polaris
1287 3323 1346 3385 erit
1367 3340 1461 3403 prope
1483 3323 1534 3384 di-

177 3413 299 3474 midinm
323 3395 458 3492 gradum.
505 3413 571 3474 Hac
593 3420 758 3491 praeeunte
780 3412 897 3475 ratione
921 3412 1036 3474 accinxi
1061 3430 1109 3473 me
1133 3413 1173 3473 ad
1195 3412 1423 3474 observandum
1455 3412 1535 3473 Nam

178 3502 216 3562 ad
240 3501 391 3563 dimidium
416 3501 543 3580 gradum
565 3501 728 3562 notandum
750 3521 808 3563 non
833 3502 910 3563 adeo
932 3519 1041 3580 magno
1065 3501 1264 3563 instrumento
1287 3518 1361 3578 opus
1376 3507 1433 3561 est.
1466 3498 1533 3559 Da-

176 3589 223 3652 bis
251 3589 343 3669 igitur
373 3591 493 3651 veniam
522 3589 606 3663 mihi,
643 3590 693 3669 qui
723 3591 762 3652 ad
790 3590 1027 3671 speculationem
1054 3590 1096 3662 (si
1125 3608 1180 3670 pro
1204 3589 1352 3669 dignitate
1377 3589 1443 3668 quis
1467 3606 1534 3648 earn

176 3687 309 3740 tractare
336 3678 423 3752 velit)
447 3678 689 3754 subtilissimam,
717 3678 783 3741 rudi
806 3680 1005 3740 instrumento
1033 3678 1158 3740 accessi.
1205 3677 1284 3740 Nam
1313 3677 1394 3756 qnod
1416 3676 1453 3738 (ιι
1476 3677 1534 3738 ob·

177 3767 344 3829 servaturis
376 3784 442 3828 men
473 3766 612 3846 quaeris,
642 3768 828 3846 respondeo,
858 3767 1007 3845 prodiisse
1037 3765 1110 3828 illud
1142 3785 1180 3828 ex
1208 3768 1315 3827 eadem
1338 3766 1471 3846 officina,
1496 3782 1534 3826 ιιι

177 3873 238 3936 qua
258 3855 419 3937 primorum
442 3863 599 3936 parentum
622 3856 742 3934 tuguria
764 3855 911 3935 prodiere.
959 3854 1087 3917 Suffecit
1118 3854 1197 3917 enim
1224 3854 1296 3917 mihi
1320 3855 1533 3936 qualecumque

176 3944 406 4006 instrumentum
439 3943 478 4007 ad
510 3943 665 4007 dimidium
691 3945 817 4024 gradum
843 3945 893 4006 vel
917 3945 1111 4006 asserendum
1143 3944 1193 4006 vel
1216 3943 1396 4023 negandum.
1442 3940 1485 4001 Et
1507 3941 1534 4003 si

166 4034 249 4095 »mihi
271 4054 329 4096 non
353 4034 494 4107 sufficiat,
517 4042 627 4096 tamen
643 4034 803 4096 carendum
826 4041 875 4095 est
897 4032 1098 4113 exquisitiori,
1123 4032 1192 4113 quia
1215 4050 1310 4111 neque
1335 4031 1407 4091 mihi
1433 4029 1533 4091 Attali

177 4130 248 4183 snut
271 4141 353 4201 opes,
377 4142 472 4202 neque
496 4120 671 4184 Alexander
693 4121 871 4202 discipulus,
897 4140 992 4202 neque
1016 4120 1185 4183 Praxiteles
1209 4121 1322 4200 opifex,
1348 4136 1443 4197 neque
1466 4117 1532 4177 Re-

177 4211 361 4290 giomontani
384 4230 499 4274 manus.
545 4210 589 4272 Et
610 4218 713 4272 tomen
736 4211 911 4290 quantulum
933 4209 1005 4271 mihi
1028 4229 1130 4272 arcum
1152 4208 1311 4282 indicavit,
1341 4207 1378 4274 de
1402 4223 1437 4266 eo
1462 4223 1533 4266 arcu

177 4308 277 4362 certus
301 4320 377 4363 sum.
422 4301 459 4363 Id
490 4307 525 4362 ut
552 4307 638 4361 tauto
666 4299 809 4362 libentius
836 4299 909 4361 mihi
932 4299 1058 4373 credas,
1091 4296 1259 4360 describam
1291 4295 1530 4357 instrumentum.

176 4388 355 4467 Spectatum
378 4388 503 4452 admissi
526 4388 618 4450 risum
640 4389 771 4450 teneatis
795 4388 902 4450 amici:
928 4386 1006 4450 Cum
1029 4406 1087 4448 nou
1102 4393 1185 4453 esset
1203 4385 1276 4446 mihi
1290 4384 1367 4446 alius
1387 4383 1533 4444 materiae

177 4478 265 4557 copia
287 4496 375 4558 quam
400 4477 482 4556 ligni,
508 4477 615 4539 scirem
636 4496 709 4539 vero
732 4485 882 4539 tumesere
906 4484 938 4538 et
960 4476 1076 4538 hiscere
1108 4474 1208 4535 omnia
1231 4473 1348 4534 omnino
1372 4472 1456 4550 ligna
1477 4489 1533 4550 pro

177 4568 293 4629 ratione
317 4568 397 4629 aeris
420 4567 449 4628 in
473 4567 589 4628 latum:
613 4567 681 4628 iden
705 4565 894 4627 machinatus
918 4584 983 4626 sum
1005 4563 1068 4626 tale
1090 4564 1331 4634 instrumentum,
1350 4561 1436 4640 cujus
1456 4577 1531 4641 quae

178 4665 279 4719 certae
302 4664 335 4717 et
357 4663 533 4718 constantes
556 4673 624 4716 esse
649 4654 801 4717 debebant
823 4653 935 4728 lineae,
974 4673 992 4714 a
1019 4651 1203 4731 longitudine
1236 4659 1268 4712 et
1290 4649 1372 4712 libris
1396 4649 1459 4711 sive
1482 4648 1531 4710 fito

177 4744 250 4824 ligni
281 4745 514 4810 snstimreutur.
561 4744 755 4827 Triangplum
786 4742 888 4821 itaque
917 4738 956 4810 6,
980 4739 1018 4814 8,
1046 4739 1087 4802 10
1115 4740 1224 4820 pedum
1247 4738 1353 4803 struxi.
1400 4739 1479 4800 Nam
1502 4737 1532 4798 hi

179 4834 292 4895 numeri
312 4833 443 4897 omnium
466 4831 633 4895 certissime
656 4833 786 4912 produnt
807 4838 923 4893 rectum
945 4828 1097 4910 angulum.
1142 4827 1179 4891 Id
1200 4828 1381 4908 oiungutnn
1409 4833 1533 4890 arceto

178 4922 288 5004 angulo
311 4921 465 5003 suspendi,
487 4923 569 4985 filum
586 4939 654 4984 cum
675 4919 887 5004 perpendiculo
911 4938 949 4982 ex
971 4918 1078 4982 eodem
1100 4925 1183 4981 recto
1199 4919 1308 4999 angulo
1332 4916 1448 4991 demisi,
1474 4914 1532 4996 hy-

1276 5022 1320 5074 μ
