3609 5634
309 356 373 426 tat
819 359 934 423 ΗΜ)
953 357 1153 425 canognpmo

305 527 406 595 tates,
424 523 472 580 ‘et
494 515 592 582 tribus
616 518 851 582 dimensionibus
875 526 1036 583 constant:
1072 537 1142 581 narn
1164 517 1264 580 ideam
1286 516 1388 580 mundi
1409 518 1575 597 1111111111
1598 532 1683 576 esse

240 625 246 630 ·
305 608 456 671 convenit.
504 601 643 670 Lineas
666 627 739 670 vero
762 616 794 669 et
816 608 1040 687 superficies
1063 607 1263 682 rectas,'nt
1283 606 1428 680 infinitas,
1452 613 1484 668 11
1505 605 1591 684 proiu
1615 623 1680 666 or·

306 697 385 759 dinis
400 696 520 758 mInIme
536 716 675 777 capaces,
701 716 717 757 e
736 697 846 758 mundo
864 696 959 771 finito,
984 697 1215 769 ordIuatissimo‚
1240 695 1439 775 pulcherrimo
1457 694 1623 774 ejiciamus.
1643 693 1680 766 ⁸)

305 787 436 848 Rursum
451 805 488 847 ex
511 785 741 866 corporIbus,
767 803 890 865 quorum
905 784 1047 847 infinities
1062 785 1177 847 infinita
1191 793 1262 846 suot
1274 802 1395 864 genera,
1420 782 1583 862 seligemus
1606 779 1679 842 ali·

306 894 366 954 qua
388 893 480 935 censu
503 874 606 935 habito
629 892 683 957 per
706 880 807 935 certas
831 881 940 948 notas;
964 880 1047 953 puta,
1073 892 1149 952 quae
1173 881 1226 935 aut
1249 874 1347 935 latera
1370 881 1423 934 aut
1445 872 1586 951 angulos,
1613 877 1680 931 aut

305 963 405 1041 plana,
430 962 550 1041 singula
563 963 612 1023 vel
629 963 756 1048 alterna,
783 963 829 1024 vel
850 963 956 1043 quovis
979 962 1131 1024 constanti
1153 963 1241 1024 modo
1265 962 1363 1024 mirta
1384 960 1517 1022 habeant
1541 960 1676 1021 inuicem

306 1050 454 1130 aequalia,
478 1059 512 1111 ut
534 1050 580 1111 ita
603 1052 682 1112 bona
705 1071 772 1113 cum
795 1051 913 1113 ratione
937 1051 975 1112 ad
999 1051 1112 1113 linitum
1133 1051 1244 1133 aliquid
1264 1047 1411 1112 veniatur.
1437 1047 1533 1119 “Quod
1548 1048 1574 1110 si
1588 1047 1675 1128 quod
1723 1122 1734 1131 ῃ

305 1157 400 1218 genus
425 1157 581 1219 corporum
604 1159 658 1220 per
681 1148 781 1202 certas
804 1140 992 1201 conditiones
1017 1140 1201 1219 descriptum
1223 1139 1304 1207 intra
1327 1139 1445 1218 species
1467 1137 1586 1218 quidem
1608 1156 1675 1198 uu·

305 1246 387 1289 mero
411 1226 512 1289 finitas
535 1228 691 1301 consistit,
721 1229 775 1289 sed
803 1239 904 1291 tamen
933 1229 963 1290 in
991 1230 1144 1307 ingentem
1166 1246 1355 1289 numerorum
1378 1227 1496 1305 copiam
1519 1224 1673 1305 multIpli·

305 1325 401 1391 catur,
428 1335 529 1378 ecmm
553 1335 710 1397 corporum
734 1318 859 1396 angulos
883 1325 916 1377 et
938 1323 1044 1378 centra
1066 1318 1221 1396 planorum
1244 1316 1442 1395 prolixarum
1464 1314 1669 1388 multitudine,

306 1405 523 1484 magnitudine,
547 1405 665 1485 situque
690 1405 940 1479 demonstrando,
966 1406 992 1466 si
1014 1422 1187 1484 possumus,
1212 1404 1408 1467 adhibeamus
1424 1402 1471 1477 b):
1497 1403 1544 1464 sin
1568 1410 1674 1463 autem

307 1492 332 1553 is
358 1493 443 1555 labor
467 1514 524 1555 uon
548 1503 597 1555 est
620 1493 766 1569 hominis,
798 1513 870 1573 ergo
901 1494 1051 1574 tantisper
1073 1493 1245 1555 differamus
1268 1493 1380 1555 numeri
1405 1511 1441 1554 ac
1465 1491 1544 1553 situs
1566 1507 1674 1551 earum

307 1582 456 1643 ratlanem
481 1601 643 1661 quaerere,
672 1583 742 1644 dum
770 1582 836 1662 quis
865 1581 952 1645 nobis
976 1583 1015 1646 ad
1037 1601 1127 1646 uuum
1150 1600 1272 1656 omues,
1302 1590 1376 1662 quot
1404 1588 1574 1662 quantaeve
1597 1577 1673 1650 sint,

307 1670 512 1749 descripserit
550 1670 655 1732 Missis
679 1671 771 1751 igitur
793 1673 861 1733 fluis
885 1678 976 1752 atque
1000 1671 1027 1733 ei
1050 1670 1221 1750 permissis,
1245 1669 1295 1750 qui
1320 1670 1402 1731 solus
1425 1676 1565 1730 numerat
1587 1667 1672 1728 rnul-

307 1758 465 1820 titudinem
493 1760 668 1833 stellarum,
697 1768 729 1821 ct
756 1759 891 1839 singulas
920 1761 1038 1821 nornine
1066 1768 1156 1821 vocat
1188 1759 1286 1831 (Psal.
1314 1756 1412 1832 147),
1444 1755 1673 1837 sapientissimo

306 1846 428 1922 artifici,
454 1865 509 1908 uos
533 1848 636 1910 oculos
660 1848 699 1909 ad
722 1849 919 1930 propinquas,
946 1843 1057 1928 paucas
1081 1856 1113 1909 et
1134 1848 1261 1910 mobiles
1284 1855 1507 1910 convertamus.

395 1934 530 2016 Denique
554 1935 648 2016 igitur
670 1936 820 1999 delectum
844 1956 1000 2016 corporum
1024 1938 1050 1999 si
1073 1936 1275 2011 babuerImus‚
1301 1945 1392 2016 atque
1416 1952 1534 1996 omnem
1556 1932 1674 1994 misto-

307 2041 372 2112 rum
395 2024 513 2086 turbam
537 2026 730 2106 ejecerimus,
760 2026 943 2088 retineamus
968 2045 1037 2088 vero
1062 2026 1129 2087 sola
1152 2026 1223 2100 illa,
1255 2044 1378 2105 quorum
1401 2023 1503 2086 omnia
1524 2022 1617 2104 plana
1637 2029 1674 2081 et

309 2112 496 2192 aequilatera
519 2122 552 2175 et
575 2113 775 2194 aequiangula
798 2115 927 2189 Iueriut,
957 2116 1117 2176 restabunt
1144 2114 1230 2177 uobis
1253 2115 1329 2176 haec
1352 2113 1480 2194 quiaque
1509 2127 1674 2189 corpora

307 2201 509 2281 regularia,
535 2202 642 2282 quibus
658 2200 769 2265 Graeci
789 2203 862 2265 baec
882 2202 1049 2284 ascripsere
1073 2203 1201 2277 nomina,
1227 2202 1337 2265 cubus
1361 2222 1415 2264 seu
1438 2200 1669 2272 bexaddrum,

307 2291 468 2372 pyramis
493 2309 545 2354 seu
573 2293 814 2367 tetraedrum,
844 2291 1131 2362 dodeeaedrnm,
1164 2291 1408 2365 icosaddrum‚
1441 2288 1670 2351 octaedrum.

307 2378 454 2459 Quodque
478 2378 525 2440 bis
548 2378 677 2460 quinque
698 2380 786 2459 plura
809 2397 876 2442 esse
901 2399 958 2441 non
982 2381 1114 2459 possint,
1131 2384 1158 2453 ⁰)
1182 2380 1251 2441 vide
1275 2379 1393 2442 Euclid.
1420 2378 1470 2440 lib.
1494 2378 1572 2439 XIII
1597 2384 1672 2454 post

308 2485 392 2546 prop.
420 2464 461 2530 18
484 2467 630 2531 scholion.
646 2465 674 2539 ⁶)

395 2554 498 2630 Quare
522 2556 601 2619 sicut
623 2558 728 2618 horum
752 2556 892 2618 delinitus
917 2564 948 2618 et
970 2557 1095 2636 enguus
1119 2556 1279 2618 admodum
1303 2564 1351 2616 est
1374 2573 1521 2627 numerus,
1547 2561 1668 2614 cetero·

307 2663 371 2705 rum
394 2652 449 2706 aut
471 2645 703 2707 innumerabiles
726 2653 778 2707 aut
802 2643 936 2706 infinitae
964 2644 1101 2724 species,
1134 2648 1179 2708 ita
1207 2643 1308 2706 decuit
1329 2645 1361 2705 iu
1385 2641 1575 2705 mundedun
1599 2660 1672 2701 esse

307 2732 465 2795 stellarum
488 2752 618 2813 genera,
655 2733 787 2795 evidenti
818 2732 988 2795 discrimine
1019 2734 1057 2794 ab
1087 2753 1119 2796 se
1143 2734 1270 2795 invicem
1293 2733 1452 2806 distiucta,
1485 2727 1670 2809 (cujusmodi

310 2829 410 2882 motus
434 2829 466 2882 et
488 2824 572 2903 quies
596 2825 673 2897 est),
698 2841 821 2903 quorum
843 2840 934 2883 uuum
958 2839 1060 2901 genus,
1074 2823 1188 2884 infinito
1212 2822 1327 2892 simile,
1359 2829 1393 2882 ut
1414 2822 1509 2893 fixae,
1542 2819 1672 2880 alterum

308 2918 470 2988 angustum
493 2918 527 2973 ut
548 2912 700 2991 planetae.
746 2912 815 2973 Nou
839 2919 889 2972 est
912 2910 999 2991 hujus
1024 2912 1082 2973 loci
1109 2911 1265 2991 disputare
1289 2911 1326 2970 de
1358 2909 1478 2979 111111,
1511 2926 1563 2969 cur
1593 2907 1669 2968 hacc

310 3007 497 3072 moveantur,
522 3001 576 3062 illa
599 3021 667 3062 non.
715 2999 777 3062 Sed
799 2999 909 3079 posito,
934 3000 1013 3079 quod
1036 3000 1176 3080 planetae
1200 3006 1283 3061 motu
1305 2997 1499 3077 indiguerint,
1523 2996 1668 3076 seqnitur,

309 3094 343 3147 ut
365 3086 443 3148 bunc
468 3087 655 3161 obtinerent,
682 3088 824 3150 rotundos
848 3087 937 3150 orbes
962 3088 1097 3168 accipere
1121 3088 1271 3150 debuisse.
1287 3090 1315 3159 ο)

400 3175 557 3238 Habemus
573 3175 674 3238 orbem
688 3183 812 3255 propter
825 3183 948 3250 motum,
973 3179 1153 3256 et'corpora
1174 3183 1297 3257 propter
1320 3193 1473 3236 numerurm
1496 3180 1527 3233 et
1550 3171 1669 3250 magni·

309 3261 486 3337 todtnsszf)
511 3264 580 3343 quid
604 3273 702 3325 restat
725 3264 871 3344 amplius,
897 3266 966 3344 quiu
990 3265 1126 3328 dicamus
1149 3285 1214 3327 cum
1238 3264 1377 3337 Platone,
1400 3267 1476 3324 deor
1498 3260 1545 3323 ta
1566 3281 1669 3338 ysopa

308 3367 397 3429 rpem,
422 3360 512 3431 atque
534 3353 567 3414 iu
591 3352 648 3413 hac
670 3351 824 3414 mobilium
847 3351 963 3414 Iabri'ea
985 3373 1111 3434 corpora
1134 3355 1255 3416 orbibus
1274 3361 1306 3413 et
1320 3352 1409 3414 orbas
1424 3350 1598 3428 corporibus
1620 3348 1668 3410 iu-

309 3438 468 3518 scripsisse
493 3440 652 3520 tantisper,
678 3440 747 3502 dum
771 3440 882 3501 nullum
907 3442 1034 3520 amplius
1058 3462 1166 3523 corpus
1189 3449 1330 3512 restaret,
1354 3441 1431 3521 quod
1455 3458 1513 3501 uon
1535 3438 1617 3500 intra
1639 3445 1671 3498 et

309 3536 397 3590 extra
420 3529 580 3591 mobilibus
603 3528 724 3590 orbibus
747 3530 891 3592 vestitum
915 3539 1008 3592 esset.
1053 3532 1131 3594 Nam
1155 3550 1194 3592 ex
1223 3528 1273 3605 13,
1301 3525 1356 3602 14,
1383 3525 1432 3603 15,
1461 3523 1516 3605 16,
1539 3525 1577 3589 17
1603 3525 1669 3589 libri

307 3615 395 3677 XIII.
411 3617 547 3679 Euclidis
571 3618 671 3680 videre
695 3625 753 3690 est,
777 3637 866 3698 qnam
889 3618 964 3681 haec
988 3637 1114 3698 corpora
1136 3627 1245 3682 natura
1269 3638 1325 3680 sna
1348 3619 1410 3679 sint
1434 3624 1508 3696 apta
1531 3615 1571 3677 ad
1592 3616 1669 3677 banc

309 3703 535 3784 Inscriptiouem
559 3713 590 3767 11
612 3706 927 3785 circumscrIptionem.
974 3706 1076 3779 Quare
1106 3709 1131 3770 si
1163 3709 1290 3790 quinque
1319 3725 1446 3786 corpora
1468 3704 1669 3766 mediantibus

310 3792 584 3941 etboclaudentibus
617 3795 739 3858 orbibus
773 3797 943 3858 Inserantur
974 3796 1032 3859 sibi
1066 3805 1186 3872 mutuo,
1222 3795 1398 3858 babebimus
1429 3812 1583 3857 numerum
1615 3811 1668 3853 sex

310 3897 344 3941 or
366 3901 435 3943 rnm.

398 3967 486 4040 Quod
511 3969 536 4032 si
561 3970 662 4050 aliqua
687 3971 787 4032 mnndi
813 3979 900 4032 aetas
924 3972 979 4032 hoc
1003 3980 1093 4052 pacto
1113 3973 1150 4034 ds
1164 3973 1266 4035 mundi
1281 3971 1478 4052 dispositione
1493 3967 1667 4049 disputarit,

310 4063 344 4118 ut
367 4076 421 4120 sex
450 4058 538 4120 orbes
568 4068 695 4139 poneret
722 4059 848 4121 mobiles
875 4060 956 4122 clrca
979 4059 1082 4123 Solem
1114 4061 1313 4136 immobilem,
1348 4060 1401 4123 illa
1432 4059 1535 4139 ntique
1567 4076 1667 4120 reram

310 4146 523 4209 astronomiam
545 4146 684 4210 tradidit.
708 4199 710 4201 ,
730 4148 843 4229 Atqui
867 4148 1047 4227 ejusmodi
1078 4169 1142 4211 sex
1165 4150 1272 4212 orbes
1296 4150 1408 4210 habet
1431 4146 1666 4227 Cupernicns,

309 4253 444 4317 eosque
468 4235 574 4298 binos
595 4235 632 4297 iu
655 4236 834 4317 ejusmodi
858 4237 901 4298 ad
926 4237 1083 4299 invicem
1105 4240 1362 4319 proportione,
1395 4245 1432 4299 ut
1455 4238 1545 4297 haec
1568 4234 1667 4314 quim

310 4341 378 4403 que
406 4341 559 4405 corpora
588 4326 707 4387 omnia
737 4325 930 4406 aptissIme
961 4325 1186 4398 interlucari
1217 4327 1381 4407 possInt,
1414 4344 1506 4405 quae
1537 4341 1668 4385 summa

309 4411 384 4476 erit
405 4429 527 4474 eornm
557 4431 647 4493 quae
675 4423 885 4493 sequnntur.
934 4412 1035 4484 Quare
1058 4415 1209 4496 tantisper
1232 4415 1399 4478 audiendus
1414 4423 1486 4486 cst,
1512 4414 1581 4474 dum
1604 4409 1667 4489 quis

201 4564 204 4569 ,
310 4507 363 4561 111
386 4501 519 4581 aptiores
544 4502 583 4562 ad
608 4503 682 4563 baec
695 4502 959 4583 philosophemata
971 4504 1132 4582 protulerit
1144 4504 1336 4586 hypotheses,
1363 4510 1416 4564 aut
1437 4501 1581 4574 docuerit,
1605 4500 1663 4560 for·
1722 4565 1730 4578 ‚

311 4588 387 4649 tuito
410 4590 441 4650 iu
470 4608 608 4652 numeros
637 4598 727 4670 atque
755 4590 784 4652 in
816 4599 947 4652 mentem
980 4591 1106 4653 hominis
1138 4592 1269 4672 irrepere
1302 4611 1412 4672 posse,
1445 4590 1523 4669 quod
1556 4588 1667 4666 optima

312 4675 426 4737 ratione
450 4696 489 4739 ex
511 4678 587 4757 ipsis
611 4686 735 4739 naturae
765 4678 921 4757 principiis
952 4679 1113 4741 deductum
1136 4689 1194 4744 est.
1240 4682 1320 4744 Nam
1351 4681 1420 4758 quid
1454 4673 1665 4748 admirabilius,

312 4763 382 4841 quid
406 4765 444 4826 ad
466 4766 706 4844 persuadendum
730 4767 985 4829 accommodatius
1004 4767 1063 4830 dIci
1088 4777 1141 4829 aut
1163 4770 1235 4848 fingi
1257 4776 1375 4850 potest,
1408 4785 1497 4847 quam
1520 4765 1598 4847 quod
1621 4783 1663 4837 ea,

313 4869 390 4931 quae
405 4849 589 4934 Gopernicus
612 4871 649 4913 ex
664 4875 863 4931 φαινομηοις,
887 4874 925 4915 ex
948 4855 1115 4928 effectibus,
1141 4875 1178 4917 ex
1200 4856 1428 4938 posterioribus,
1453 4854 1538 4939 quasi
1561 4869 1665 4915 caecus
