3609 5634
735 376 895 429 m·
1446 377 1488 444 13

16 596 18 615 .
115 526 304 610 aphaeresin
352 536 490 600 eceentri
523 555 581 599 non
615 555 681 599 ease
711 536 929 620 adjungendam
956 537 994 599 ad
1021 535 1200 620 παραλλαξιι
1226 539 1305 603 orbis
1332 558 1386 620 pro
1415 559 1487 603 arou

16 638 17 657 ι
112 618 165 681 illo
189 621 381 700 capiendo,
415 627 499 706 cnjus
521 626 603 688 siuns
627 626 666 687 sit
690 626 835 689 distantia
857 627 984 689 Telluris
1009 647 1027 688 a
1049 637 1162 690 centro.
1208 628 1286 691 Nam
1309 630 1334 691 si
1358 630 1486 703 additur,

112 716 182 769 tota
204 712 514 794 prosthaphaeresis
538 733 595 776 uon
619 714 771 777 exhibebit
791 716 950 779 maximam
978 718 1134 798 planetae,
1171 717 1236 780 sive
1261 719 1363 800 potius
1395 718 1486 781 mini-

111 816 193 858 mam
218 798 352 861 Terrae
381 804 571 879 distantiam,
596 804 651 865 sed
672 803 771 880 illam,
795 824 882 886 qnam
905 806 996 868 habet
1018 807 1048 868 in
1070 806 1122 869 illo
1146 807 1211 868 loco
1234 815 1316 870 certo
1339 808 1486 870 ecoentri·

111 886 232 948 citatis.
288 889 552 955 Commodissime
574 892 666 973 igitur
687 893 846 957 maximam
865 894 1005 974 planetae
1021 895 1197 959 distantiam
1211 896 1345 959 elicimus
1359 915 1396 958 ex
1411 915 1486 977 apo-

109 993 192 1057 gaea
215 980 518 1062 prosthapltaeresi.
566 980 755 1046 Contrarium
778 991 877 1046 antem
900 984 932 1046 in
946 984 1133 1047 inferioribus
1147 986 1374 1048 observandum.
1406 987 1485 1049 Nam

111 1065 173 1142 illi,
210 1068 293 1131 dnm
326 1080 494 1134 censentur
515 1071 545 1133 in
567 1071 666 1134 media
687 1071 889 1151 longitndine,
919 1074 1040 1135 suntin
1064 1072 1188 1154 ripalta,
1210 1082 1242 1136 et
1263 1074 1394 1136 vicissim
1418 1077 1487 1138 dum

110 1164 277 1235 apparent
303 1157 341 1222 in
366 1160 489 1242 ἀπογωῳ
511 1160 721 1241 velataque,
743 1161 865 1224 suntin
887 1161 1165 1225 mediadistsntis.
1211 1163 1307 1243 Igitur
1319 1181 1374 1244 pro
1387 1164 1487 1226 media

111 1263 220 1307 eorum
257 1247 423 1313 distantia
452 1270 473 1312 a
494 1248 566 1313 Sole
597 1248 800 1330 computandi
831 1251 967 1314 existimo
990 1252 1197 1314 conferendam
1220 1252 1386 1332 parallaxin
1409 1270 1485 1332 apo-
1536 1260 1542 1275 ⁸

110 1350 231 1413 gaeam
257 1354 342 1400 cnm
363 1339 522 1419 perigaeai:
545 1358 621 1421 qnae
644 1357 701 1401 non
723 1358 777 1419 per
799 1339 984 1403 differentiae
1008 1360 1136 1416 arcuum,
1161 1341 1215 1404 ssd
1232 1358 1286 1421 per
1300 1340 1485 1404 differentiae

111 1422 240 1487 sinuum
265 1425 477 1491 bisectionem
498 1428 705 1509 investigatur.
749 1427 884 1491 Maxima
915 1438 1015 1492 autem
1046 1430 1193 1493 distantia
1224 1450 1244 1491 a
1265 1427 1336 1493 Sole
1359 1431 1484 1493 habetur

110 1531 152 1574 ex
174 1515 334 1578 maxima
355 1516 564 1597 elongatione3
597 1517 747 1598 elongatio
770 1517 918 1594 maxima,
942 1519 968 1581 si
991 1518 1271 1600 prosthaphaeresis
1292 1520 1423 1582 eceeatri
1445 1521 1484 1581 ad

112 1602 255 1667 mediam
281 1606 461 1686 parallaxin
484 1606 565 1668 urbis
588 1606 775 1687 adjungatur.
1467 1640 1470 1649 ·

208 1692 294 1756 Jam
322 1714 469 1758 summam
491 1714 601 1770 eornm,
625 1714 700 1777 quae
723 1696 853 1776 scriptas
875 1696 978 1760 theses
1000 1703 1174 1778 sequuntur,
1197 1695 1380 1778 subjungam
1413 1697 1484 1780 Mo·

112 1780 180 1844 trix
204 1784 343 1860 anima,
367 1792 401 1847 ut
423 1784 495 1858 dixi,
517 1783 547 1847 in
570 1782 652 1848 Sole.
699 1783 733 1847 Si
755 1793 853 1847 motus
876 1786 1044 1867 aequalitas
1067 1795 1099 1847 et
1120 1785 1199 1846 idem
1220 1785 1306 1866 vigor
1327 1786 1443 1849 veniret
1465 1808 1486 1849 a

115 1868 193 1933 Sole
218 1872 256 1935 in
285 1892 395 1936 omnes
417 1875 522 1947 orbes,
544 1882 645 1936 tamen
666 1890 742 1936 nnus
766 1873 824 1936 alio
847 1875 963 1937 tardius
985 1874 1168 1949 circumiret,
1190 1882 1313 1955 propter
1336 1876 1482 1957 inaequa-

113 1959 247 2023 litatem
274 1963 422 2026 ambitus.
467 1963 615 2042 Tempora
635 1962 788 2042 periodiea
810 1972 922 2037 essent,
945 1972 978 2026 ut
996 1963 1108 2027 circuli.
1153 1963 1233 2027 Nam
1248 1964 1401 2045 quantitas
1415 1984 1482 2028 nro-

115 2056 184 2111 tum
208 2051 358 2114 metitur.
405 2050 517 2115 Oirenli
539 2058 639 2114 autem
660 2059 694 2113 nt
715 2051 941 2125 semidiametri,
964 2053 1079 2115 scilicet
1093 2060 1128 2115 ut
1141 2052 1312 2115 distantiae.
1358 2052 1410 2117 Sic
1433 2056 1482 2117 fa-

13 2206 14 2213 ,
116 2137 240 2202 cillime
267 2141 524 2205 constitueremus
547 2160 584 2203 ex
606 2140 734 2203 motibus
758 2141 865 2203 mediis
879 2150 963 2204 certo
977 2141 1105 2222 cognitis
1127 2141 1242 2203 medias
1256 2142 1348 2205 etiam
1362 2143 1481 2206 distan-

118 2227 195 2290 tias.
249 2229 321 2293 Sed
344 2230 462 2293 accedit
479 2231 540 2292 alia
562 2249 671 2304 causa,
702 2248 776 2310 quae
804 2229 953 2293 tardiores
976 2231 1068 2294 elficit
1089 2229 1273 2293 remotiores.
1320 2230 1481 2313 Capiamns

120 2336 141 2379 a
163 2319 239 2382 lnce
266 2319 516 2400 experimentum.
560 2319 640 2382 Nam
662 2318 712 2380 lux
734 2327 766 2380 et
779 2329 878 2381 motus
892 2319 993 2400 utique
1007 2328 1041 2382 ut
1066 2319 1178 2400 origine
1201 2319 1245 2382 sic
1259 2320 1350 2383 etiam
1365 2322 1482 2384 actibus

121 2407 309 2489 conjuncti,
341 2416 373 2471 et
402 2408 504 2471 forsan
532 2408 599 2493 ipsa
628 2408 677 2469 lux
699 2408 868 2470 vehiculum
889 2416 988 2471 motus
1011 2417 1069 2471 est.
1114 2408 1210 2490 Igitur
1231 2409 1377 2489 inparve
1400 2411 1480 2485 orbe,

122 2503 157 2557 et
186 2496 237 2560 sic
269 2498 365 2561 etiam
390 2497 421 2560 in
447 2516 541 2578 parvo
569 2497 678 2560 circulo
705 2515 795 2578 prope
826 2497 928 2560 Solem
951 2505 1068 2560 tantum
1090 2506 1139 2559 est
1160 2496 1253 2571 lucis,
1287 2500 1480 2577 quantumin
1552 2526 1554 2531 ·

123 2604 243 2667 magno
271 2595 306 2650 et
326 2587 493 2649 remotiore.
539 2587 667 2649 Tennior
690 2585 779 2667 igitur
802 2587 853 2649 lux
874 2587 905 2649 in
927 2603 1045 2667 magno,
1069 2586 1099 2648 in
1130 2593 1256 2666 angusto
1278 2587 1438 2649 confertior
1452 2597 1484 2649 et

127 2673 254 2738 tortior.
304 2678 349 2739 At
379 2677 454 2738 haec
486 2674 628 2737 fortitudo
660 2693 775 2738 rursum
806 2683 855 2738 est
876 2676 906 2738 in
930 2676 1105 2738 circulorum
1126 2674 1334 2757 proportione,
1365 2676 1430 2738 sive
1452 2676 1482 2738 in
1603 2702 1608 2715 ⁴

129 2762 361 2831 distantiarum.
407 2763 441 2828 Si
460 2764 523 2845 jam
546 2765 650 2826 eadem
673 2765 751 2827 ratio
773 2772 871 2828 motos
894 2772 942 2826 est
974 2765 1048 2846 (qua
1070 2764 1187 2845 quidem
1209 2782 1242 2826 re
1264 2764 1337 2827 nihil
1360 2765 1481 2827 concin-

129 2852 201 2915 nius
225 2854 304 2935 fingi
326 2856 454 2935 potest),
478 2861 619 2934 sequetur
637 2853 798 2916 distantias
821 2853 867 2916 bis
892 2855 990 2917 lacere
1014 2853 1052 2915 ad
1070 2861 1169 2915 motus
1192 2853 1366 2916 tarditatem
1394 2854 1482 2918 indn-

130 2942 277 3005 cendam.
324 2942 425 3015 Quare
453 2942 576 3005 dimidia
601 2942 769 3005 differentia
795 2950 927 3005 motuum
954 2942 1077 3004 duorum
1099 2942 1241 3021 adjuncta
1262 2943 1367 3005 minori
1390 2944 1483 3006 motui

131 3032 194 3094 erit
218 3032 372 3096 distantia
391 3031 576 3095 mmotioris:
599 3041 697 3094 motus
719 3031 786 3112 ipse
808 3031 904 3094 minor
918 3031 976 3093 erit
990 3031 1134 3094 distantia
1146 3031 1371 3112 propinquioris.
1403 3032 1482 3094 Vide

133 3121 209 3200 qnid
235 3130 380 3204 sequatur
401 3121 432 3184 in
454 3122 510 3185 hoc
533 3121 759 3202 diagrammate.

999 3261 1039 3314 Ex
1054 3267 1123 3313 motu
1161 3225 1303 3347 Ὕλῃ.
1336 3259 1485 3313 Βίιιοιοιιιιι

599 3365 619 3447 e
985 3369 1035 3444 a
1058 3365 1121 3432 ιιι
1200 3362 1264 3434 eus
1353 3365 1395 3448 ι
1421 3366 1458 3432 ιι

598 3457 629 3532 ιι
688 3403 1121 3565 aeromantiam
1199 3453 1265 3522 oea
1353 3455 1461 3523 -au

230 3544 267 3613 Si
289 3546 435 3610 distantia
455 3547 555 3611 media
599 3554 624 3617 d
687 3546 746 3609 erit
775 3547 874 3611 media
908 3546 957 3610 di-
1009 3541 1119 3622 5694
1199 3542 1265 3611 658
1352 3542 1396 3625 -Ι-
1419 3542 1462 3610 36

599 3637 625 3712 a
761 3636 876 3700 sarua
1010 3632 1116 3709 orer
1200 3630 1265 3698 tro
1353 3633 1462 3715 ,aas

600 3723 626 3796 o
1009 3720 1116 3801 asos
1197 3720 1263 3789 ets
1353 3721 1395 3804 ÷
1422 3723 1462 3788 ιι

219 3831 309 3893 „Ecce
334 3849 420 3911 qnam
441 3827 534 3909 p'rope
556 3828 715 3891 veritatem
739 3828 877 3891 venerim.
922 3828 965 3891 Et
986 3829 1084 3890 adhuc
1106 3828 1243 3904 dubitas,
1275 3830 1392 3910 quoties
1419 3832 1481 3893 tale

142 3919 213 3999 quid
235 3920 367 3995 incidat,
399 3939 447 3982 me
479 3919 561 3996 large
594 3918 760 3980 laohrnmas
784 3916 914 3979 fundere.
959 3918 1038 3980 Nam
1060 3916 1159 3980 hercle
1182 3918 1257 3980 haec
1279 3918 1328 3980 via
1350 3939 1370 3980 a
1391 3920 1482 3999 pn'ori

142 4009 252 4072 estad
274 4017 372 4071 motus
395 4008 604 4087 corrigendos3
636 4024 691 4069 neo
714 4006 797 4068 nulla
813 4023 883 4085 spes
902 4007 928 4068 si
951 4007 1002 4069 alii
1025 4007 1216 4083 annitantur,
1241 4006 1345 4089 quibua
1369 4027 1480 4089 suppe-

141 4103 211 4160 tunt
232 4098 468 4160 observationes.
514 4097 549 4158 In
573 4096 674 4160 ordine
692 4096 783 4158 tertio
806 4092 887 4157 sunt'
899 4095 1082 4159 differentiae
1101 4096 1180 4159 inter
1193 4096 1368 4159 distantiam
1381 4115 1481 4158 veram

144 4182 301 4267 Oopemioi
333 4195 366 4248 et
396 4187 474 4251 inter
504 4186 670 4266 conjectam
693 4184 730 4247 eir
751 4192 844 4247 motu.
890 4181 976 4255 Quae
999 4186 1134 4268 quamvis
1157 4185 1301 4248 immanes
1323 4186 1479 4248 videntur:

142 4281 243 4339 tamen
265 4276 347 4338 inest
368 4276 398 4338 in
422 4276 482 4340 illis
505 4275 673 4356 aequalitas
695 4275 858 4356 quaedam,
881 4284 916 4336 nt
937 4274 1015 4338 sieut
1037 4275 1129 4338 cubus
1152 4275 1307 4346 οοιιιιιιιο,
1331 4274 1479 4336 dodecad-
1583 4292 1586 4297 ’

145 4365 217 4428 dron
239 4365 394 4428 icosaedro
418 4364 522 4427 similis
537 4372 595 4438 est,
617 4363 663 4425 ite
684 4363 777 4427 etiam
799 4363 984 4426 differentias
1005 4363 1217 4445 propemodum
1237 4363 1268 4425 in
1291 4360 1312 4439 i)
1334 4361 1373 4439 tl,
1400 4361 1424 4436 9
1448 4366 1479 4442 d,

145 4453 214 4517 item
237 4455 269 4517 lu
290 4462 316 4525 ο·
340 4457 377 4531 6,
402 4452 469 4530 ὄῼ
492 4453 555 4517 sint
577 4451 701 4515 similes.
747 4452 863 4515 Deinde
885 4459 921 4514 nt
942 4453 1093 4533 proportio
1111 4452 1189 4516 inter
1206 4452 1339 4526 ildest
1353 4451 1480 4515 solitarii

65 4554 70 4571 “
145 4545 289 4625 corporis,
313 4561 356 4606 sc.
380 4542 541 4605 teuaddri:
573 4541 617 4604 ita
637 4541 786 4624 peculiare
809 4540 865 4604 hec
888 4540 980 4603 habet
998 4540 1165 4604 differentia
1187 4541 1270 4621 ejus,
1294 4548 1328 4603 nt
1349 4542 1416 4622 plus
1439 4541 1480 4604 ait
1541 4580 1543 4584 -
1648 4606 1655 4619 .

144 4630 174 4692 in
197 4630 372 4715 Copemieo,
396 4651 462 4695 cum
484 4632 535 4695 ille
553 4630 585 4694 in
607 4631 717 4694 oeterie
739 4631 834 4694 minus
857 4648 976 4709 semper
998 4630 1142 4692 obtineat.
1180 4628 1279 4692 Tertio
1294 4629 1479 4712 quiplaneta

146 4721 183 4783 ad
204 4722 385 4803 superiorem
407 4719 535 4784 vicinum
557 4719 677 4802 propius
695 4720 841 4793 moendit,
864 4737 982 4798 semper
1003 4717 1096 4780 habet
1114 4718 1257 4799 majorem
1271 4719 1477 4783 differentiam.

148 4807 246 4884 942,
271 4814 296 4887 ὸ
320 4805 372 4885 36,
396 4810 418 4888 li
442 4805 492 4887 tt,
516 4810 546 4885 ll
572 4808 625 4885 tt,
650 4816 676 4881 d
697 4806 740 4872 20
763 4808 886 4870 alterins
909 4806 1029 4888 speciei.
1075 4806 1131 4871 Hic
1149 4808 1214 4890 jam
1231 4808 1386 4879 'hwtenns
1404 4811 1477 4873 hae·
1513 4824 1516 4829 '

146 4917 205 4960 reo.
250 4901 329 4962 Nam
349 4898 501 4979 piaculare
524 4897 673 4975 existimo,
697 4896 847 4960 dutantiis
869 4895 975 4959 mediis
990 4896 1020 4959 in
1035 4898 1217 4969 comestione
1230 4906 1345 4963 tantum
1359 4899 1478 4973 addere,
