3609 5634
746 372 907 425 hm
1224 300 1229 307 Ι
1458 367 1501 436 29

224 526 340 593 Datae
364 529 384 593 'i
406 531 477 594 Jan.
502 532 549 593 uel
572 528 615 597 28
636 531 710 594 Dec.
735 533 805 595 anni
828 533 998 612 incipientis
1025 529 1123 608 1597,
1154 551 1240 613 quem
1264 530 1319 595 tibi
1342 539 1412 594 tuae
1432 550 1501 594 con·

120 614 209 695 jugi,
239 640 371 696 socero,
395 621 576 702 collegisque
600 623 736 685 omnibns
760 623 896 686 foelicem
918 641 1032 702 precor.

784 712 824 775 Η.
848 712 883 773 Τ.
931 710 1063 775 Gratiss.
1088 712 1163 774 disc.
1401 713 1409 725 '

1179 799 1227 862 Μ.
1250 799 1304 863 Jo.
1327 795 1456 880 Kepier.

201 953 238 1004 In
262 958 374 1022 ephtola
390 957 531 1023 Kepleri
549 971 613 1025 quae
630 958 696 1010 hane
714 960 780 1010 brari
797 961 930 1012 enhaema
947 967 986 1011 est
1002 958 1066 1010 haee
1083 974 1139 1010 cunr
1157 959 1190 1009 ad
1207 974 1246 1010 res
1264 958 1426 1017 domesticas,
1449 965 1502 1009 tum

122 1022 159 1073 ad
180 1038 255 1090 opu
276 1031 430 1094 manentia
446 1030 563 1097 legimus:

225 1149 376 1216 Salutem
389 1154 557 1235 plurimam.
590 1153 747 1217 Neminem
761 1155 932 1217 mortalium
946 1154 1084 1216 existimo
1098 1154 1208 1230 virere,
1233 1154 1318 1235 cnjus
1337 1154 1382 1215 ita
1405 1154 1502 1233 fugiat

120 1238 367 1320 providentiam
391 1245 510 1306 fortuna
532 1263 602 1317 sua,
630 1252 665 1305 ut
686 1263 733 1305 me
757 1263 825 1306 mea
847 1244 943 1324 surgit:
974 1244 1022 1306 cui
1051 1242 1129 1304 bona
1157 1245 1291 1323 speranti
1319 1251 1351 1306 et
1375 1242 1500 1323 jamjam

122 1328 253 1392 fruenti
282 1331 430 1395 foelicitas
455 1352 470 1394 e
494 1332 628 1394 manibus
652 1332 800 1396 elabitur:
831 1341 938 1409 contra
962 1334 1043 1394 mala
1070 1333 1215 1396 metuenti
1246 1341 1277 1395 et
1302 1332 1429 1413 jamjam
1452 1332 1498 1393 ri-

122 1417 220 1481 denti
247 1420 335 1483 bona
356 1421 504 1486 eveniunt.
536 1422 639 1501 Atque
661 1422 736 1484 haec
754 1442 822 1485 mea
841 1422 967 1497 fortuna,
993 1441 1050 1503 quo
1074 1422 1170 1502 magis
1193 1423 1249 1484 hoc
1273 1429 1405 1502 tempore
1429 1420 1499 1482 mihi

121 1505 315 1585 blanditur,
338 1512 395 1573 hoc
417 1512 514 1592 magis
537 1511 606 1573 mihi
628 1520 729 1581 metuo
752 1512 791 1573 ab
815 1511 880 1585 illa,
905 1520 954 1585 nt,
977 1512 1003 1573 si
1027 1511 1186 1591 aliquando
1211 1511 1283 1573 mihi
1306 1512 1360 1572 fiat
1383 1510 1500 1572 infensa

123 1597 179 1668 (ut
205 1618 279 1661 non
302 1601 381 1662 solet
403 1619 470 1662 esse
494 1603 650 1675 constans)
674 1602 731 1662 hoc
754 1601 831 1662 idern
856 1602 1006 1681 ingenium
1030 1619 1115 1662 sunm
1139 1600 1277 1664 retineat.
1318 1600 1397 1661 Nam
1421 1600 1500 1661 bona

123 1687 178 1748 vel
207 1707 308 1751 coeco
332 1690 471 1753 obvenire
496 1697 526 1751 et
549 1689 709 1752 somnianti
733 1690 813 1751 nulla
835 1690 994 1752 calamitas
1017 1698 1083 1751 est:
1113 1690 1193 1751 mala
1215 1708 1285 1753 vero
1309 1689 1401 1752 etiam
1424 1707 1497 1770 pro-

123 1775 217 1838 vidis
247 1786 282 1839 et
303 1779 565 1860 praesagientibus
588 1778 694 1858 gravia
717 1787 799 1854 sunt,
828 1780 936 1841 nedum
958 1780 984 1840 si
1015 1781 1087 1842 hene
1112 1788 1270 1859 sperantes
1294 1787 1416 1859 repente
1440 1797 1496 1859 up-

124 1865 288 1946 primant.
323 1868 402 1930 Ecce
418 1866 622 1931 Comoediam.
660 1867 740 1930 Duxi
764 1887 841 1929 anno
864 1863 907 1931 96
932 1887 1062 1942 uxorem,
1089 1887 1143 1929 nec
1168 1868 1249 1931 aliud
1273 1876 1336 1930 toto
1360 1867 1497 1930 semestri

126 1956 245 2031 sensi,
279 1957 522 2020 continuantibus
554 1976 600 2019 me
634 1956 727 2019 literis
759 1957 1002 2037 gravissimorum
1030 1956 1167 2020 virorum.
1220 1958 1334 2019 Laetus
1365 1956 1439 2018 redii
1467 1957 1497 2019 iu

127 2042 280 2127 Styriam
288 2067 298 2121 3
321 2054 355 2108 nt
376 2048 459 2118 veui,
482 2045 598 2108 nemine
623 2066 679 2107 non
703 2047 890 2127 gratulante,
914 2046 986 2109 mihi
1009 2054 1126 2108 secreto
1151 2047 1313 2119 indicatur,
1337 2065 1384 2107 me
1408 2066 1498 2108 uxore

129 2134 307 2197 excidisse.
358 2135 435 2216 Spes
463 2136 594 2216 conjugii
622 2154 675 2216 per
702 2146 848 2198 semestre
881 2136 1016 2199 radicata
1044 2155 1158 2197 moram
1189 2136 1313 2198 alterius
1344 2136 1498 2198 semestris

94 2263 101 2279 .
129 2224 313 2304 requisivit,
336 2225 430 2287 donec
454 2244 568 2287 rursum
592 2225 802 2295 eradicaretur,
828 2235 919 2306 atque
943 2244 998 2304 ego
1021 2226 1139 2305 penitus
1164 2225 1236 2287 mihi
1255 2225 1313 2306 ipsi
1331 2225 1497 2305 persuade-

131 2331 216 2387 rem,
241 2313 358 2377 irritam
381 2334 466 2391 esse,
491 2314 639 2394 aliamque
663 2316 743 2376 vitae
767 2315 913 2381 rationem
937 2314 1050 2377 inirem.
1084 2314 1144 2377 Ubi
1164 2314 1354 2397 desperatum
1378 2314 1497 2394 penitus
1532 2340 1537 2349 ·
1563 2323 1573 2345 ·

134 2410 201 2476 est,
227 2422 261 2465 re
281 2403 346 2482 jarn
370 2405 408 2465 ad
432 2404 626 2466 ministerium
650 2403 761 2477 delata,
786 2422 854 2465 ecce
879 2423 987 2481 noram
1009 2421 1198 2483 repensurus.
1241 2403 1340 2465 Movit
1361 2403 1496 2465 homines

133 2492 303 2554 ministerii
327 2493 492 2569 autoritas,
525 2502 557 2554 et
586 2493 612 2554 si
640 2501 864 2572 comparerent,
898 2492 1057 2553 ludibrium
1081 2512 1175 2554 suum.
1221 2494 1327 2573 ltaque
1357 2493 1498 2555 certatim

135 2599 251 2644 omnes
270 2582 335 2661 jam
357 2582 480 2655 viduae,
510 2584 573 2663 jam
600 2581 733 2662 parentis
757 2581 884 2642 animum
913 2580 1011 2643 adorti
1039 2601 1091 2643 eos
1115 2589 1338 2662 expugnarunt,
1368 2580 1496 2662 mihique

137 2689 240 2732 novas
264 2672 456 2735 confecerunt
479 2672 609 2752 nuptias.
653 2669 722 2742 Quo
744 2689 805 2732 uno
826 2671 938 2750 impetu
962 2679 1137 2733 eorruemnt
1160 2672 1258 2732 omnia
1280 2689 1349 2733 mea
1372 2669 1498 2733 consilia

137 2760 179 2821 de
207 2760 270 2822 alia
293 2760 356 2822 vita
379 2762 517 2824 ineunda.
555 2761 656 2841 Usque
676 2761 752 2822 adeo
771 2779 829 2822 non
849 2766 896 2821 est
919 2760 948 2820 in
969 2759 1094 2822 hominis
1118 2768 1272 2839 potestate
1296 2760 1360 2822 dies
1385 2759 1496 2822 crasti-

139 2868 213 2914 nus.
259 2849 344 2912 Haec
368 2850 407 2912 ad
429 2861 476 2927 te,
501 2852 684 2929 Praeceptor
706 2849 887 2924 clarissime,
911 2849 1026 2929 meique
1051 2849 1272 2924 amantissime,
1298 2868 1363 2911 curn
1386 2857 1420 2911 ut
1441 2848 1495 2911 tibi

139 2939 379 3002 sollicitudinem
403 2940 527 3009 demam,
551 2947 613 3001 tum
637 2940 675 3000 oh
699 2957 795 3000 meum
818 2938 1001 3018 opusculum.
1039 2936 1184 3008 Quamvis
1203 2956 1255 2999 cnr
1272 2957 1369 3000 meum
1389 2938 1496 3011 dicam,

141 3047 240 3091 cansa
263 3029 391 3091 obscura
413 3036 445 3090 et
466 3028 564 3090 tenuis
588 3034 645 3089 est.
682 3027 732 3088 Illi
755 3027 832 3089 enim
856 3045 913 3106 ego
937 3025 1054 3088 Semele
1079 3026 1128 3100 fni,
1154 3035 1186 3088 tu
1209 3026 1338 3106 Jupiter.
1382 3027 1447 3088 Ant
1470 3026 1497 3086 si

138 3116 234 3180 malis
256 3118 410 3179 Minervae
431 3117 503 3180 illud
522 3135 693 3196 comparare
709 3134 796 3194 quam
810 3114 938 3178 Libero:
962 3115 1081 3197 Jupiter
1095 3132 1151 3197 ego
1166 3117 1265 3196 capite
1280 3116 1351 3178 illud
1366 3115 1495 3196 gestavi,

142 3207 201 3270 sed
223 3206 282 3269 nisi
304 3216 337 3270 tu
356 3207 511 3270 Vulcanus
535 3225 600 3268 cnm
623 3203 743 3286 bipenni
769 3204 876 3268 fuisses
901 3205 1124 3280 obstetricatns,
1150 3224 1298 3286 nunquam
1321 3224 1377 3285 ego
1399 3223 1495 3286 pepe-

143 3316 264 3359 russam

234 3385 318 3449 lilius
342 3384 433 3467 igitur
455 3384 589 3465 opusculi
613 3379 678 3446 200
696 3382 880 3465 exemplaria
903 3360 1001 3445 emere
1024 3390 1168 3462 maratus
1192 3382 1310 3445 eumin
1333 3382 1496 3462 superiori-

145 3476 202 3538 bus
224 3475 321 3539 literis
351 3475 389 3536 oh
419 3475 494 3537 duas
520 3472 706 3554 potissimum
740 3492 866 3547 causas,
898 3472 1026 3553 primurn
1054 3472 1124 3552 quis
1151 3471 1321 3535 metuebam
1349 3481 1495 3546 sumtum3

147 3565 274 3641 deinde,
306 3565 376 3645 quia
405 3564 522 3626 omnino
550 3562 622 3625 mihi
653 3580 884 3643 proposueram,
917 3562 982 3625 lata
1013 3578 1114 3622 eoram
1141 3560 1305 3623 ministerio
1333 3563 1495 3637 sententia,

147 3654 311 3718 discedere.
356 3654 425 3717 Non
449 3652 587 3715 videbam
611 3660 725 3726 autem,
756 3668 895 3732 quorsum
922 3648 1008 3718 mihi,
1037 3649 1170 3711 nundin
1194 3650 1240 3712 hic
1264 3659 1495 3724 commoratum,

147 3744 306 3825 prodesset
340 3750 456 3805 tantum
484 3760 559 3804 onus
588 3739 810 3819 exemplarium.
863 3739 933 3800 Jum
960 3746 1028 3800 rato
1055 3757 1121 3800 meo
1149 3739 1287 3819 conjugio
1317 3741 1494 3803 manendum

148 3834 218 3895 mihi
242 3841 308 3894 est:
334 3840 365 3894 et
382 3833 511 3912 pretinm
529 3830 695 3892 tolerabile.
728 3829 795 3893 Non
820 3846 919 3908 pugno
942 3827 1034 3906 igitur
1054 3827 1190 3907 amplius,
1214 3827 1294 3910 quin,
1317 3830 1344 3891 si
1367 3831 1496 3893 nondum

147 3941 213 3985 eum
242 3923 428 4004 typographo
456 3919 617 4001 pepigisti,
648 3920 713 3997 jam
745 3936 834 3998 porro
864 3916 918 3978 illa
947 3912 1013 3980 200
1040 3917 1222 3997 exemplaria
1251 3917 1323 3980 mihi
1350 3918 1494 3982 vindices.

148 4011 365 4093 Tppogrnphns
389 4028 513 4091 parvam
531 4026 644 4070 moram
659 4026 753 4089 aequo
769 4006 866 4069 animo
882 4006 970 4067 ferat.
1003 4005 1078 4067 Mihi
1101 4006 1237 4069 intanto
1261 4007 1376 4070 itineris
1399 4010 1493 4070 inter·

146 4102 245 4176 rullo,
277 4108 364 4162 tanta
390 4107 527 4162 monetae
551 4097 699 4160 varietate
723 4096 1006 4175 tabellariorumque
1028 4094 1154 4176 perfidia
1176 4115 1233 4157 non
1257 4096 1302 4158 ita
1325 4097 1494 4177 expeditum

148 4197 205 4267 est,
229 4189 386 4269 pecuniam
409 4207 572 4252 numerare.
618 4187 727 4248 Tribus
751 4192 851 4247 autem
882 4183 1009 4246 diversis
1033 4183 1141 4247 Sueris
1164 4185 1290 4247 eandem
1311 4203 1387 4265 pene
1410 4205 1493 4247 sum-

148 4298 226 4340 mam
250 4275 292 4341 33
315 4280 490 4341 florenorum
513 4277 561 4339 hic
586 4275 704 4338 Graetii
723 4275 789 4355 jam
812 4273 979 4347 numerari,
1005 4292 1092 4355 qnam
1116 4273 1160 4335 illi
1183 4292 1236 4353 per
1259 4292 1329 4335 suos
1352 4282 1493 4353 parentes

150 4367 400 4452 Gruppenhachio
431 4374 585 4429 numerent
611 4366 692 4428 intra
719 4365 868 4426 trimestre
898 4371 1025 4444 tempus.
1076 4359 1116 4424 10
1140 4363 1169 4425 fl.
1193 4363 1349 4425 Herwarto
1371 4361 1493 4424 Esslin-

148 4458 243 4537 gensi,
267 4451 327 4539 8¹1,
348 4459 377 4519 fl.
402 4456 495 4519 Lucio
509 4454 738 4535 Waiblingensi‚
766 4449 807 4516 12
830 4454 861 4515 fl.
884 4452 996 4515 Murrio
1020 4451 1221 4530 Marpacensi.
1254 4451 1295 4513 Et
1318 4451 1355 4513 de
1379 4452 1492 4514 duobus

148 4548 259 4609 ultimis
278 4548 341 4627 jam
364 4554 464 4609 certus
488 4564 566 4618 surn,
597 4545 633 4607 de
656 4544 751 4624 primo
774 4549 808 4604 nt
829 4542 892 4604 viro
917 4541 1064 4621 locuplete
1088 4540 1163 4601 hene
1186 4558 1283 4620 spero.
1331 4539 1393 4602 Sed
1416 4541 1492 4604 hauc

148 4636 318 4699 intricatam
343 4634 500 4698 solutionis
524 4635 603 4697 viam
621 4632 825 4716 typographus
843 4631 945 4712 procul
966 4629 1055 4691 dubio
1076 4628 1263 4690 aversabitur
1285 4636 1319 4691 ut
1337 4629 1490 4694 incertam.

150 4722 251 4796 Quare
275 4724 348 4788 nihil
371 4725 415 4788 illi
438 4726 475 4786 de
505 4725 591 4786 modu
620 4723 722 4792 dicas,
753 4728 887 4796 tantum,
918 4718 1136 4799 persoluturum
1162 4735 1209 4779 me
1238 4717 1386 4781 hominem
1413 4720 1493 4782 intra

150 4812 310 4878 lmeuses
333 4815 371 4876 ah
395 4833 447 4887 eo,
477 4833 533 4895 quo
558 4812 740 4894 exemplaria
763 4827 915 4889 accepero.
963 4805 1147 4887 Opnsculnm
1170 4808 1266 4889 ipsum
1288 4807 1359 4871 mihi
1381 4810 1490 4890 placet,

151 4916 181 4969 et
203 4907 321 4967 omnino
344 4903 518 4984 gratissima
540 4912 588 4965 est
603 4903 663 4965 illa
685 4909 739 4964 tua
761 4897 915 4961 annotatio
938 4898 975 4959 de
999 4896 1175 4961 Aristarcho
1198 4896 1310 4963 Samio.
