3609 5634
271 363 338 432 tte
690 363 793 415 menas
810 362 1084 460 Kseffllm
1098 369 1206 418 *nouas

270 527 297 577 ln
315 526 395 590 prims
412 526 539 578 creatione
558 530 652 578 mmm
671 529 810 589 mettun
829 523 907 589 aguis
928 522 1239 588 stplnstissttrtbnisss,
1258 523 1634 588 mammarium·

272 597 327 647 aliis
346 596 487 646 afficienda.
1457 631 1463 642 .

343 667 409 728 Quid
434 669 512 716 sentis
538 666 568 716 de
594 666 687 730 ignium
713 665 791 730 globis
819 679 848 713 ex
868 663 947 714 aere?
982 664 1036 729 Ego
1061 669 1120 728 puto
1140 679 1194 714 esse
1221 666 1367 728 imperfecta
1384 651 1509 729 quaedam
1527 678 1634 728 corpora

273 735 1400 799 masmunsnblirnstsrernatsalsdirerssstsibloonnrisccnstsrs

341 809 400 859 lam
419 808 536 858 describit
553 809 708 860 observatam
727 822 744 858 a
761 823 789 858 se
806 807 936 857 stellam
959 806 1151 857 ruriubilen
1172 807 1199 858 in
1217 813 1274 859 soto
1292 813 1320 857 st
1336 808 1373 857 sit
1391 807 1530 858 munde:
1553 804 1634 865 Vde,

271 882 336 946 rigo,
355 880 430 929 flore!
466 879 539 930 Brevi
558 879 629 942 plura
647 878 678 927 de
696 887 795 929 comma
812 886 855 928 tuo
874 885 901 927 et
920 875 975 927 aliis
993 877 1104 928 habebis.
1142 876 1228 929 Scribe
1252 893 1348 944 quoque
1364 878 1438 936 milri,
1464 891 1532 943 quas
1556 877 1636 928 instit

270 952 399 1001 verissima
414 952 554 1014 praecessio
574 951 785 1014 aequinoctiorum
810 956 921 1013 tempore
939 948 1090 1010 Ptolemaei,
1117 949 1216 1013 qudem
1239 956 1267 999 tn
1294 955 1399 1015 nuque
1417 948 1576 1013 Hipporum
1600 962 1635 997 ex

272 1021 385 1087 diligenti
402 1028 514 1071 veterum
533 1021 703 1071 obsonatione
721 1021 843 1071 invenitis.
883 1018 962 1080 Vale,
980 1021 1014 1069 ml
1033 1013 1209 1070 amatissime
1222 1019 1346 1084 Ksplere,
1372 1025 1399 1069 et
1416 1021 1558 1070 &mum
1576 1020 1634 1068 rin

272 1107 303 1142 sc
321 1094 390 1146 rulo.
414 1100 443 1141 ut
459 1099 580 1156 tunquam
599 1092 671 1142 Atlas
690 1092 785 1142 coelm
810 1106 842 1141 ao
859 1092 992 1155 sptem
1014 1096 1060 1141 tue
1076 1092 1182 1141 suenda
1204 1091 1305 1149 melre,
1330 1093 1383 1140 imo
1398 1099 1518 1142 renovare
1543 1091 1634 1154 pondu.

274 1163 344 1214 Deus
364 1162 394 1213 0.
413 1163 452 1220 u.
470 1164 515 1213 tibi
534 1165 598 1213 vires
617 1178 648 1213 ac
665 1177 737 1212 suam
755 1166 864 1228 mans
882 1164 1020 1228 largissime
1039 1162 1072 1212 ad
1090 1163 1116 1212 id
1133 1177 1194 1226 opus
1212 1163 1391 1213 murnum!
1416 1166 1504 1214 Amen.
1543 1160 1639 1212 sum

271 1241 341 1285 tuam
359 1236 427 1299 piam
445 1249 545 1284 uxorem
568 1242 595 1284 et
613 1249 698 1283 omnes
716 1234 879 1296 Tychonicus
917 1231 1057 1296 (inscnpsit
1084 1233 1130 1284 hus
1148 1233 1234 1283 literas
1258 1235 1309 1284 sic:
1334 1233 1547 1284 &scientissimo
1566 1231 1635 1282 Cas·

272 1319 360 1356 susae
378 1305 520 1368 Majestatis
540 1307 686 1354 Astronorno
710 1319 740 1355 ac
757 1305 902 1355 Ptolemaeo
921 1305 1069 1354 Germanice
1088 1304 1121 1353 D.
1139 1303 1164 1353 J.
1183 1304 1306 1368 Kepleru,
1326 1305 1406 1354 amico
1424 1320 1468 1355 suo
1486 1304 1634 1353 mxumo

273 1382 299 1426 et
316 1377 432 1433 uranico,
457 1377 559 1426 nranim
572 1383 598 1426 ot
616 1376 690 1425 unice
708 1373 832 1436 colendo.)
853 1399 886 1410 -
906 1376 945 1425 Ea
956 1389 1021 1440 qnae
1033 1376 1128 1440 reliqua
1139 1382 1198 1424 sunt
1210 1376 1299 1424 harum
1311 1376 1470 1439 epistolarum
1481 1374 1635 1424 notabiliora

273 1448 405 1497 mimda
421 1454 492 1505 sunt,
521 1454 551 1496 ut
567 1448 681 1503 eluimus,
709 1448 744 1497 ud
761 1448 834 1496 libros
851 1446 955 1510 Kepleri
981 1448 1014 1497 ds
1033 1446 1163 1510 Optica,
1190 1445 1279 1496 Nova
1297 1446 1406 1496 Stella
1429 1452 1457 1497 et
1474 1446 1585 1496 munim
1602 1457 1636 1494 ex

272 1525 344 1583 purte
362 1519 400 1569 ds
418 1518 539 1576 Morte,
558 1518 590 1569 ds
607 1533 655 1583 quo
667 1519 794 1569 Fabricius
812 1517 935 1582 permulta
947 1533 1026 1583 eaque
1038 1533 1090 1568 non
1100 1519 1201 1568 omuino
1212 1517 1350 1582 rejicienda
1361 1518 1394 1569 sd
1405 1519 1543 1583 Koplflusn
1553 1516 1635 1568 ds&-

346 1801 419 1862 Quae
444 1814 500 1851 curn
520 1801 576 1851 aliis
593 1801 752 1864 Keplsrus
776 1816 821 1865 per
837 1795 924 1851 heard
948 1801 1000 1866 egit
1024 1799 1056 1850 de
1078 1801 1150 1850 rebus
1171 1800 1325 1866 molem&
1344 1797 1548 1865 Celendurdsqne
1572 1801 1634 1857 suis,

274 1874 365 1938 partim
382 1875 657 1994 snaepsaiauuplroposuirnus,¹
671 1873 763 1936 partim
780 1873 878 1936 propius
897 1874 1026 1938 affingunt
1042 1872 1131 1923 librum
1149 1873 1181 1923 de
1199 1869 1281 1921 Stella
1292 1871 1374 1922 nors
1411 1871 1636 1928 hunuanus

320 1949 372 1993 mvn
513 1959 519 1990 :

275 1951 320 1996 m
346 2013 499 2064 Nicolous
525 2013 628 2063 Vicke
647 2011 810 2074 (Violenius,
840 2013 915 2071 ,Suc
936 2012 1009 2062 Caes.
1029 2011 1172 2074 Maiestatis
1191 2011 1314 2078 dspiler“,
1340 2019 1440 2077 matos:
1468 2027 1502 2072 „u
1526 2013 1637 2076 oonsihb

276 2082 438 2145 metallicis“)
456 2084 528 2147 plura
545 2085 597 2146 egit
614 2099 658 2146 per
675 2084 760 2132 lrterss
780 2097 834 2133 cum
853 2084 962 2147 Keplero
983 2085 1157 2136 uuenemica.
1175 2082 1219 2132 sed
1238 2098 1302 2148 quas
1321 2090 1464 2147 spectarent
1481 2086 1593 2133 maxima
1605 2099 1636 2134 ex

275 2163 348 2221 parte
367 2157 524 2221 analogica
544 2153 642 2217 (Gomp.
661 2155 773 2204 Hansch
792 2170 818 2219 p.
837 2150 1001 2214 eet-ete.)
1038 2154 1141 2204 Praetu
1158 2154 1210 2204 alia
1227 2155 1327 2217 saepius
1345 2169 1362 2204 a
1379 2155 1489 2220 Keplero
1505 2157 1583 2219 petit,
1606 2161 1637 2204 ut

275 2228 324 2348 ilpsi
348 2226 605 2348 renosoffiigeudi‘
625 2226 711 2278 modos
738 2226 852 2289 explicet
888 2226 930 2278 Ad
953 2226 1018 2278 laco
1041 2225 1169 2289 rsepondit
1185 2223 1637 2290 despicientissimo)

294 2313 343 2350 unc
360 2314 387 2350 lll
403 2313 429 2348 m
509 2309 515 2345 :

490 2384 685 2449 Nobilissime
709 2384 847 2458 Domine,
871 2387 986 2446 Fautor
1010 2382 1240 2447 Colendissime.

366 2475 442 2555 Legi
465 2474 630 2536 Ptolemaei
655 2474 753 2535 locum
777 2493 842 2535 cum
857 2473 1036 2548 attentione,
1061 2482 1091 2535 et
1111 2474 1214 2534 videor
1228 2473 1299 2536 mihi
1315 2493 1435 2535 sensum
1449 2482 1532 2535 recte
1548 2493 1635 2536 com-

278 2564 489 2644 prehendisse,
524 2583 612 2645 quem
644 2563 817 2645 explicabo,
849 2563 942 2624 misso
967 2561 1123 2638 Cardono,
1158 2563 1243 2641 cujus
1270 2563 1541 2625 commentationes
1564 2572 1638 2624 suut

279 2652 467 2714 obscuriores
491 2651 556 2731 ipso
581 2651 750 2713 Ptolemaei
774 2658 869 2726 textu,
893 2659 966 2733 puto
989 2652 1175 2732 prolixitate,
1201 2653 1349 2715 varietate
1375 2652 1635 2732 imaginationum,

279 2741 381 2802 taedio
405 2740 543 2802 lectionis
563 2750 595 2801 et
617 2741 777 2820 praecipue
799 2740 883 2801 vitiis
909 2733 1186 2822 typographicis.⁸)
1352 2810 1362 2825 ⁸

368 2829 435 2890 Duo
451 2829 542 2909 igitur
566 2830 680 2890 dicam:
710 2828 741 2903 i)
765 2829 984 2890 Doctrinam
1009 2829 1263 2892 directionum
1285 2847 1323 2888 ex
1342 2838 1442 2889 mente
1454 2827 1635 2890 Ptolemaei.

280 2914 316 2992 2)
339 2917 537 2980 Rationem
560 2917 818 2980 constituendi
843 2919 968 2980 domos
992 2920 1197 2992 coelestes,
1222 2937 1261 2978 ex
1283 2915 1390 2977 eodem
1413 2924 1547 2980 auctore.

368 3004 534 3086 Deprimo.
572 3006 653 3067 Fieri
680 3015 797 3085 potest,
822 3014 856 3067 ut
879 3005 1037 3068 Cardenus
1055 3007 1105 3069 hic
1126 3006 1333 3067 Ptolemaeum
1356 3024 1416 3066 nou
1439 3005 1518 3066 male
1540 3004 1636 3066 intel·

280 3094 403 3168 lexerit;
427 3113 485 3155 non
505 3094 702 3156 enimomnes
718 3092 851 3156 Cardani
865 3096 1073 3175 paragraphus
1088 3094 1287 3157 consideravi.
1322 3093 1367 3156 At
1381 3092 1489 3156 Stadia
1509 3093 1637 3155 multum

282 3184 378 3258 deest,
394 3202 451 3262 quo
474 3181 573 3244 minus
596 3202 716 3244 sensum
740 3191 846 3245 teneat
859 3185 1002 3258 auctoris,
1028 3183 1097 3265 qnia
1114 3184 1249 3245 omuibus
1265 3182 1410 3244 machinis
1424 3183 1482 3245 hoo
1504 3182 1579 3260 agit,
1604 3190 1640 3244 ut

282 3291 319 3332 ex
333 3271 520 3332 Ptolemaiou
536 3270 684 3349 dirigendi
697 3272 787 3333 modo
803 3280 942 3333 exstruat
956 3274 1076 3333 modum
1091 3272 1224 3352 erigendi
1240 3272 1351 3351 figuras
1366 3272 1524 3334 coelestes.
1559 3271 1637 3332 Pto-

282 3359 388 3423 lemaei
413 3357 565 3420 sententia
587 3358 663 3420 haee
686 3367 750 3420 est:
783 3360 943 3421 videndum
967 3379 1051 3436 esse,
1081 3369 1153 3441 quot
1176 3362 1321 3441 graduum
1345 3361 1519 3441 sequuturis
1547 3360 1637 3420 vulu-

280 3448 360 3511 tione
385 3447 596 3527 significatoris
620 3448 712 3509 situm
735 3457 916 3528 assequatur
939 3450 1112 3528 promissor.
1159 3447 1240 3522 Quia
1255 3468 1326 3511 vero
1340 3449 1482 3511 zodiacus
1497 3448 1639 3528 obliquus

282 3547 339 3612 est,
365 3537 488 3617 ejusque
512 3544 626 3617 partes,
652 3536 708 3598 nisi
725 3536 837 3599 fuerint
851 3537 1013 3611 antiociae,
1037 3548 1189 3619 nequeunt
1212 3540 1290 3600 idem
1314 3537 1472 3599 meridiani
1497 3546 1529 3599 et
1551 3537 1640 3598 hori-

280 3626 378 3689 zontis
393 3633 535 3705 punctum
550 3625 694 3701 transire,
719 3626 786 3688 ideo
802 3627 907 3688 definit
920 3627 1129 3702 Ptolemaeus,
1154 3628 1225 3707 quid
1244 3627 1287 3688 sit
1298 3626 1446 3689 identitas
1466 3628 1543 3688 situs
1557 3626 1639 3688 inter

280 3723 384 3795 partes
398 3714 513 3775 zodiaci
527 3733 586 3776 non
602 3715 756 3778 antiociae.
769 3777 771 3779 ,
803 3714 879 3778 Eam
903 3715 1038 3778 delinivit
1050 3735 1105 3797 per
1123 3715 1301 3778 identitates
1320 3715 1422 3777 circuli
1437 3716 1639 3795 positionum3

281 3813 352 3865 tunc
376 3802 453 3863 enim
476 3803 690 3883 promissorem
713 3804 848 3865 obtinere
873 3804 1001 3866 similem
1026 3805 1116 3867 situm
1143 3804 1239 3880 illius,
1274 3823 1361 3884 quem
1384 3805 1519 3866 habebat
1540 3802 1640 3883 signi-

281 3892 396 3961 ficator,
412 3891 437 3951 si
452 3892 616 3969 promissor
634 3892 775 3954 inciderit
789 3894 818 3954 in
836 3893 978 3956 circulum
993 3894 1162 3974 positionis,
1183 3913 1269 3974 quem
1287 3893 1473 3972 significator
1488 3902 1639 3960 tenuerat

282 3979 398 4041 Deinde
413 3979 533 4059 quaerit
549 3979 630 4040 viam
646 3989 677 4042 et
690 3981 872 4058 methodum,
898 3984 1045 4062 quomodo
1058 3984 1239 4062 perducatur
1252 3983 1417 4061 promissor
1431 3982 1469 4043 ad
1484 3983 1562 4044 huuc
1577 3983 1639 4043 cir·

282 4069 391 4131 culum.
439 4065 537 4137 Quum
561 4079 661 4130 autem
685 4090 743 4131 non
760 4080 917 4133 exstarent
933 4072 1064 4146 tabulae,
1088 4072 1203 4133 similes
1218 4072 1281 4132 tab.
1307 4071 1503 4134 directionum
1521 4071 1640 4151 Regio·

283 4155 431 4230 montaui,
466 4158 572 4236 quibus
606 4160 831 4238 expeditissime
858 4160 1011 4238 negotium
1044 4161 1083 4222 ad
1116 4168 1248 4221 mentem
1276 4160 1444 4223 Ptolemaei
1477 4157 1640 4240 perficitur,

283 4246 351 4308 ideo
382 4245 517 4324 confugit
540 4246 733 4309 Ptolemaeus
764 4250 803 4310 ad
827 4248 948 4310 horaria
977 4256 1129 4329 tempora,
1160 4260 1190 4311 et
1215 4248 1302 4322 dicit,
1332 4258 1497 4311 tuncesse
1522 4248 1644 4310 diversa

283 4332 399 4397 zodiaci
427 4343 539 4413 puncta
561 4355 651 4415 super
674 4338 779 4398 eodem
794 4336 903 4399 circulo
919 4338 1087 4415 positionis,
1112 4338 1142 4399 h.
1164 4359 1190 4399 e.
1212 4339 1239 4398 in
1260 4338 1352 4400 simili
1366 4339 1436 4412 situ,
1461 4357 1527 4401 eum
1542 4337 1640 4419 quod-

285 4422 360 4485 libet
379 4441 480 4484 eorum
503 4442 557 4502 per
572 4444 642 4485 suas
657 4427 795 4505 proprias
809 4426 900 4487 horas
916 4429 1099 4507 temporales
1123 4429 1192 4499 (seu
1206 4427 1408 4507 planetarios)
1433 4426 1554 4507 aequali
1572 4446 1642 4488 eum

284 4511 394 4574 ceteris
418 4529 540 4573 numero
565 4523 696 4588 sumtus,
730 4514 939 4576 ameridiano
969 4516 1122 4578 distiterit.
1169 4516 1239 4578 Jam
1269 4516 1360 4595 igitur
1391 4517 1447 4578 huc
1471 4514 1643 4577 devolvitur

285 4599 449 4679 negotium,
472 4608 507 4660 ut
524 4608 680 4665 teneamus
694 4603 839 4665 rationem
860 4613 892 4666 et
906 4605 1088 4679 methodum,
1115 4624 1173 4683 qua
1188 4605 1245 4665 duo
1262 4605 1383 4666 diversa
1397 4604 1512 4667 zodiaci
1527 4612 1643 4684 puncta

286 4688 407 4768 aequali
430 4687 594 4752 interstitio
611 4691 757 4760 &orarum
782 4694 887 4774 cuique
910 4694 1097 4775 propriarum
1118 4695 1161 4754 M.
1179 4692 1215 4755 C.
1237 4693 1469 4769 admoveantur,
1494 4701 1529 4755 ut
1549 4692 1639 4756 simul

287 4785 388 4837 tamen
412 4775 591 4860 innotescat,
616 4789 689 4860 quot
703 4782 815 4859 gradus
831 4782 1005 4862 aequaturie
1021 4781 1216 4845 meridianum
1234 4790 1394 4844 transeant
1410 4782 1539 4856 interim,
1566 4783 1636 4842 doru

288 4884 362 4927 uuus
384 4864 469 4927 loeus
493 4877 563 4945 post
578 4868 668 4930 alium
683 4870 722 4931 ad
737 4870 812 4932 hunc
828 4870 997 4950 quaesitum
1012 4871 1192 4952 pervenerit.
1232 4871 1282 4933 Ad
1298 4871 1353 4932 hoc
1370 4880 1403 4934 ut
1417 4870 1640 4951 perveniamus,
