3609 5634
724 367 808 424 sous
825 370 940 424 muru.
1395 356 1400 366 '
1455 374 1523 446 059

164 529 265 588 dmm
285 537 338 586 aut
355 529 489 588 invidiose
509 530 631 602 torqueri
651 530 749 601 possit.
780 532 916 604 Quidquid
936 532 1008 588 esim
1027 549 1120 590 mrum
1138 549 1251 594 suarum
1271 544 1420 610 metm
1439 556 1458 593 a
1476 557 1520 598 ns

165 612 276 682 oblique
296 610 445 682 perstringi
466 611 560 664 dolere
580 612 703 680 possint,
735 619 881 683 postquam
901 618 1018 668 eventus
1038 615 1184 680 admonet,
1213 616 1285 672 idem
1314 617 1398 674 etiam
1427 637 1521 676 cerum

165 687 316 746 adversarii
346 694 462 760 possunt
493 698 524 744 et
546 691 633 745 multe
668 691 771 763 megin
802 692 844 747 ita
872 692 945 748 euim
965 693 1063 763 scripsi
1083 695 1177 749 dedita
1197 712 1293 768 opera.
1335 699 1379 753 De
1399 699 1520 766 Animali

164 771 275 843 generis
297 770 420 824 neutrius
441 770 499 823 alia
519 777 564 823 est
582 771 742 840 responsio,
764 789 800 825 ex
823 788 878 843 qua
897 773 950 827 hoc
969 789 1052 827 unum
1081 776 1196 830 verbum
1224 775 1279 830 hac
1307 777 1366 831 vice
1387 795 1518 852 excerpo,

165 853 235 921 quod
257 851 453 920 quaerentibus
475 850 565 904 dicere
585 851 688 920 possis:
709 850 843 905 neminem
864 869 968 917 eorum,
989 853 1035 924 qui
1056 854 1185 909 dubitant
1205 857 1269 927 quid
1283 857 1373 923 velim,
1396 861 1447 914 sub
1468 860 1521 913 hoc
1584 913 1588 926 ,
1646 904 1655 918 ,

164 931 276 984 animali
297 929 503 999 comprehendi;
534 929 579 999 qui
607 947 672 984 vero
693 930 788 985 moniti
808 949 874 985 sere
895 940 977 999 sunt,
1009 933 1036 987 id
1066 951 1095 986 se
1116 933 1290 990 intellexisse
1311 936 1399 993 literis
1421 941 1457 993 ad
1478 958 1521 994 me

164 1010 273 1080 scriptis
292 1017 357 1064 sunt
377 1009 482 1066 testati.
511 1009 604 1074 Errat,
627 1011 778 1081 quicunque
800 1017 912 1082 torquet
932 1029 994 1069 mea
1013 1014 1101 1067 rerba
1122 1013 1298 1070 insolentius:
1321 1017 1429 1074 habent
1449 1018 1521 1074 enim

163 1089 215 1144 illa
234 1089 383 1160 simplicem
403 1096 434 1143 et
453 1088 567 1159 planum
587 1106 714 1153 sensum,
745 1091 809 1161 qui,
840 1091 956 1145 detectis
984 1093 1111 1162 partibus
1132 1111 1200 1165 quas
1221 1095 1391 1167 perstrinxi,
1421 1097 1522 1156 nomm

145 1169 217 1224 ‘non
238 1170 349 1224 evidens
370 1175 400 1222 et
420 1168 517 1223 obvius
537 1177 589 1232 est,
611 1170 749 1241 exceptis,
773 1187 843 1239 quae
864 1172 897 1225 de
919 1171 1047 1236 Eokardo
1070 1172 1184 1240 Italico,
1207 1175 1252 1247 qui
1274 1176 1455 1247 explicandus
1476 1195 1526 1233 rer

164 1254 239 1312 stat;
260 1249 374 1313 scilicet,
395 1249 467 1319 quod
487 1247 536 1302 ille
557 1266 612 1302 non
632 1250 670 1303 sit
690 1249 719 1303 in
739 1249 832 1315 ltalia,
855 1252 903 1304 sed
925 1259 1003 1306 tram
1027 1268 1113 1307 mare.

253 1344 315 1394 Cum
331 1343 369 1393 bis
388 1349 559 1407 comparentur
576 1346 714 1408 sequeutia,
733 1358 799 1409 quae
815 1360 829 1396 e
845 1345 922 1396 literis
935 1346 1037 1411 Keplsri
1054 1353 1080 1398 at
1100 1346 1168 1399 Petri
1181 1347 1292 1417 ordgari,
1312 1350 1403 1404 medici
1422 1355 1449 1403 tt
1467 1365 1522 1404 ma·

163 1415 293 1465 themelici
312 1414 470 1471 Dandscani,
487 1416 580 1464 mutuis
600 1415 769 1465 desumimus.

195 1521 198 1530 r
251 1485 388 1547 Quaeram
406 1484 559 1549 crugero:
586 1486 726 1551 „quodnam
741 1486 807 1536 istud
820 1487 923 1537 mem
939 1490 1030 1539 suimet
1043 1491 1141 1555 generis
1152 1487 1299 1541 neumam
1318 1490 1383 1543 haec
1395 1493 1523 1557 respondit

162 1564 285 1628 Keplerus
307 1562 343 1627 (d.
363 1562 407 1613 28.
427 1564 497 1614 Patr.
519 1562 614 1627 1020:
639 1576 693 1613 uon
714 1558 811 1628 scripsi
831 1562 866 1613 de
882 1561 1013 1623 „animali
1021 1562 1132 1633 genens
1147 1563 1288 1618 neutrius“
1304 1579 1395 1619 ranae
1411 1566 1521 1640 gloriae

163 1653 255 1702 causa,
278 1640 326 1692 sed
347 1637 437 1692 animo
458 1638 657 1700 commodandi3
679 1655 764 1709 quare
785 1645 815 1692 et
835 1641 949 1694 secretis
969 1642 1058 1695 literis
1078 1642 1205 1697 murensi
1219 1645 1348 1699 sedentes
1361 1644 1391 1699 in
1404 1646 1520 1700 cerebro

164 1717 300 1771 animalis.
340 1717 436 1771 liodos
458 1717 564 1788 quidem
584 1717 735 1782 infortunii,
757 1718 1012 1789 quod'dirinabam‚
1035 1721 1114 1776 nulla
1133 1724 1294 1792 comprobat
1312 1739 1405 1778 rerum
1424 1741 1519 1780 oense·

164 1798 237 1850 cutio
258 1796 420 1850 conformis:
442 1796 696 1851 imminere-tamen
717 1797 829 1852 animali
849 1799 998 1868 perniciem
1018 1801 1138 1866 aliunde,
1159 1802 1261 1856 rideris
1281 1809 1312 1857 et
1332 1810 1363 1858 tu
1384 1805 1519 1877 augurari

163 1876 211 1930 iol.
236 1875 292 1930 133
322 1877 349 1929 in
380 1877 434 1930 ine
468 1882 513 1946 (so.
536 1883 699 1936 Uranodromi
719 1884 851 1944 Gomctioi,
875 1885 987 1953 Dautzig
1007 1885 1083 1937 itit.
1123 1888 1247 1954 ordgarus
1266 1889 1291 1939 iu
1313 1887 1360 1940 hoo
1380 1889 1441 1941 libro
1463 1903 1519 1940 sae-

158 1953 217 2017 pius
235 1953 371 2016 Keplerum
389 1952 495 2003 laudans
515 1954 588 2013 dicit.
612 1969 659 2006 uec
684 1971 734 2005 non
752 1957 817 2007 illius
834 1956 1023 2023 Prognostienm
1042 1958 1074 2008 ad
1093 1972 1172 2010 annos
1193 1949 1262 2019 itit
1281 1965 1308 2010 st
1326 1957 1373 2019 193
1392 1975 1415 2011 r.
1434 1975 1457 2012 o.
1477 1961 1519 2010 iol.

165 2020 231 2073 12⁰:
249 2025 293 2073 vir
311 2027 388 2074 sitien
406 2024 447 2074 hie
466 2039 539 2081 zvar,
558 2028 605 2077 nie
617 2026 735 2091 Keppleri
747 2027 829 2085 Thiar,
848 2030 874 2077 in
892 2029 941 2078 den
955 2028 1053 2088 Rosam
1070 2031 1131 2081 aber
1147 2044 1201 2080 rms
1219 2031 1276 2081 thut
1292 2044 1352 2082 man
1368 2032 1394 2081 in
1407 2030 1521 2086 Bdbmm

164 2095 214 2144 und
234 2093 411 2145 Oesterreicb?
441 2096 501 2146 Was
520 2097 675 2163 rathschlagt
692 2098 808 2164 dagegen
826 2099 870 2150 der
886 2098 987 2163 Bspstl
1006 2098 1052 2151 ts.
1092 2100 1164 2163 Quae
1187 2108 1287 2166 spectat
1303 2102 1426 2167 Kepleras
1444 2103 1520 2153 rerba

164 2165 275 2230 (trigeri,
294 2165 357 2220 haec
375 2172 444 2216 snut:
471 2166 578 2217 Soumeu
595 2168 677 2218 tundi
694 2183 754 2219 man
772 2169 857 2222 maan
876 2169 997 2222 Cometen
1014 2171 1080 2224 auch
1098 2172 1162 2224 wohl
1178 2171 1361 2238 hieroglyphice
1380 2174 1520 2238 magon.

163 2236 240 2286 durch
257 2235 430 2301 Batracbtung
447 2237 491 2286 der
508 2236 678 2288 bimmlischeu
696 2239 795 2295 Bilder‚
822 2239 916 2289 nelcbe
944 2240 1094 2292 der-(lomet
1116 2243 1314 2296 durchwanderi.
1351 2244 1417 2296 Abas
1439 2243 1520 2295 solahs

163 2309 196 2355 ist
213 2307 331 2356 odiosum.
366 2306 424 2357 Uud
444 2307 503 2356 Gott
521 2320 580 2373 mag
596 2310 692 2358 nissen
718 2310 764 2358 nie
783 2308 822 2356 die
839 2308 931 2359 bendel
948 2310 1013 2361 noch
1030 2310 1220 2364 hiuauslauffen.
1257 2313 1311 2362 Ἧι
1327 2312 1410 2363 habau
1426 2313 1473 2363 vol
1492 2328 1519 2364 so

163 2376 211 2426 viel
229 2375 317 2426 mach
335 2391 367 2426 su
384 2377 472 2434 betam
498 2377 534 2427 als
559 2392 643 2442 grosse
663 2377 730 2441 Ding
753 2392 784 2427 su
807 2377 898 2428 huffen.
935 2378 988 2429 Der
1011 2387 1094 2444 poste
1112 2382 1194 2433 sttui
1219 2398 1274 2433 vom
1296 2383 1463 2447 Bapstihumb
1487 2385 1522 2434 ist

164 2447 257 2496 meinos
275 2446 394 2497 erachten
413 2447 488 2497 sehon
506 2448 661 2512 geschsheu,
685 2447 736 2497 und
753 2447 813 2496 vird
830 2448 877 2498 nol
895 2448 953 2500 kain
971 2454 1096 2513 griseam
1118 2451 1215 2516 tolgan,
1239 2468 1267 2502 so
1283 2453 1360 2518 laage
1377 2454 1422 2508 dar
1438 2454 1521 2508 Evan-

164 2517 291 2581 geliscben
309 2517 452 2583 'l'heologeu
475 2518 627 2583 meiuigieit
650 2516 752 2568 nebrot
788 2517 838 2570 Dia
862 2519 922 2569 vird
945 2519 1005 2572 aber
1028 2522 1075 2570 nol
1091 2521 1191 2573 vehreu
1209 2523 1259 2573 bias
1277 2536 1311 2574 am
1328 2523 1378 2578 den
1395 2523 1521 2588 Jitngsten

164 2587 227 2653 Τις.
264 2587 323 2638 Vnd
350 2603 378 2638 so
401 2602 459 2638 man
483 2587 540 2638 dem
556 2588 637 2653 Bapst
660 2591 747 2640 smuen
766 2587 890 2640 Schlbssel
916 2590 986 2642 nicht
1010 2597 1086 2657 genis
1105 2606 1163 2644 ausa
1181 2593 1225 2644 der
1242 2593 1332 2648 fluum
1347 2596 1442 2648 seiam
1460 2595 1521 2650 tw.

163 2659 211 2708 risi
235 2659 345 2724 wenigsr
369 2660 429 2709 vird
456 2672 516 2709 man
540 2660 606 2709 ihme
625 2660 670 2710 das
689 2659 816 2711 Schvordt
832 2660 884 2710 und
901 2660 1031 2713 insumam
1047 2663 1161 2716 monam
1178 2663 1278 2718 labmsu
1300 2664 1409 2720 ioum
1446 2665 1521 2720 Wm

164 2743 242 2796 gnug,
259 2743 332 2780 wenn
350 2744 410 2781 man
428 2730 482 2781 sicli
499 2731 554 2780 sein
572 2745 618 2781 nur
636 2729 760 2781 wahren
779 2727 894 2791 tomas).

253 2803 386 2867 Vicinum,
408 2813 490 2875 pergit
506 2809 641 2874 [epletus.
665 2803 801 2868 animalis,
824 2804 902 2874 cujus
916 2807 1011 2860 domus
1025 2805 1082 2876 jam
1096 2799 1168 2862 anno
1185 2808 1271 2864 1617.
1290 2810 1521 2881 conflagraverat.

165 2883 253 2937 intelli
322 2883 351 2938 in
370 2884 536 2939 Palatinatu
556 2882 740 2954 Neoburgiio.
782 2883 870 2938 Fideli
898 2884 939 2942 illi
961 2886 1103 2952 monitori,
1129 2887 1274 2951 „Eorum
1298 2888 1453 2953 nominate,
1475 2890 1523 2960 qui

164 2980 219 3017 non
238 2963 307 3017 ilud
328 2971 438 3018 tautum
459 2963 576 3028 animal,
609 2965 642 3017 de
663 2981 716 3034 quo
737 2980 809 3035 ego,
832 2966 879 3018 sed
901 2965 993 3020 omnia
1013 2966 1074 3035 ejus
1094 2968 1207 3038 generis
1227 2967 1360 3024 monitum
1380 2986 1418 3023 ex
1437 2968 1524 3022 ltalia

164 3044 312 3109 advolarit,
334 3061 432 3098 nomen
451 3060 546 3098 rerum
566 3059 628 3096 esse
649 3051 761 3098 censebo
783 3043 819 3098 hi.
841 3045 995 3102 Antonio
1016 3048 1056 3099 de
1076 3046 1245 3106 Dominis.
1277 3047 1331 3102 Sed
1352 3047 1413 3120 quis
1434 3047 1524 3103 credit

164 3122 270 3177 auditui
290 3128 403 3177 nostro?
443 3124 505 3179 lion
526 3122 622 3176 mirum
642 3121 747 3193 igitur,
778 3123 801 3177 si
821 3125 908 3178 Jonas
929 3125 1075 3197 profligiat
1095 3143 1132 3180 ex
1153 3126 1253 3181 itinere
1273 3125 1418 3200 imperato.
1459 3128 1523 3204 Ego

164 3204 271 3273 quidem
292 3209 322 3256 et
341 3204 419 3257 illam
440 3203 545 3273 ipsam,
578 3217 659 3273 quam
680 3210 711 3255 tu
733 3204 891 3257 confirmare
912 3205 1013 3258 rideris
1034 3206 1185 3278 sudiagn'o,
1206 3206 1363 3274 libidinem,
1391 3205 1522 3262 iactimos

163 3283 197 3336 de
218 3287 356 3355 suggestu
376 3285 522 3338 verborum
543 3290 573 3337 et
593 3281 773 3336 conviciorum
795 3283 907 3354 spiculis
929 3285 1099 3359 conligendi,
1129 3285 1220 3353 hunc,
1251 3287 1371 3359 inquam,
1393 3286 1522 3353 llirorem,

164 3361 234 3418 citra
253 3369 409 3433 respectum
430 3365 595 3418 infirmomm
614 3369 791 3433 grassantem
811 3363 993 3432 pertinaciter
1015 3372 1045 3420 et
1065 3366 1283 3432 authentiee‚-
1298 3372 1328 3422 et
1348 3366 1416 3420 illud
1436 3365 1521 3422 inter·

162 3450 375 3514 pretamentum,
396 3443 541 3499 ministerii
562 3449 590 3497 et
609 3441 787 3496 ordinationis
801 3449 911 3513 partem
925 3461 988 3498 esse
1004 3445 1198 3510 necessariam,
1221 3448 1254 3499 de
1269 3452 1415 3518 suggestu,
1438 3446 1524 3500 omnis

162 3522 275 3595 generis
295 3524 451 3579 haereticos
473 3523 545 3578 omui
566 3529 689 3592 tempore
710 3522 848 3576 refutandi
869 3541 929 3577 cum
949 3523 1133 3591 vehementia,
1146 3557 1181 3567 ·-
1193 3525 1287 3580 diesen
1302 3526 1453 3580 Amts-iehl
1469 3529 1525 3581 und

163 3604 279 3673 Mangel
296 3634 330 3642 —
346 3602 425 3669 item,
447 3605 526 3675 quod'
539 3620 617 3657 nemo
638 3603 722 3672 plane
744 3602 795 3655 sibi
815 3603 977 3671 persuaderi
996 3604 1104 3674 patitur
1124 3604 1235 3660 axioma
1254 3605 1307 3659 hoo
1333 3604 1522 3670 certissimum,

163 3683 281 3751 publicis
303 3684 563 3739 debacchationibus
585 3681 714 3751 instigari
735 3689 765 3735 et
784 3681 905 3751 gliscere
924 3683 1017 3736 studia
1030 3700 1126 3754 prava,
1149 3685 1214 3754 quia
1227 3685 1340 3740 nitimur
1353 3685 1383 3739 in
1395 3685 1521 3750 vetitum,

156 3771 202 3812 ,¹-
216 3761 291 3827 item,
315 3765 386 3836 quod
407 3764 475 3818 iilud
499 3763 688 3833 „importune“
712 3761 749 3814 sit
769 3762 877 3833 regula
900 3761 968 3816 illud
988 3779 1054 3818 vero
1078 3765 1269 3834 „opportune“
1292 3764 1329 3819 sit
1347 3770 1458 3822 tantum
1471 3783 1522 3822 ex·

162 3841 268 3912 ceptio:
286 3842 411 3897 -inter
430 3844 513 3915 signa
532 3843 622 3897 reiero
643 3839 806 3895 imminentis
827 3841 966 3898 interitus.
1001 3844 1072 3898 Nam
1093 3862 1131 3899 ex
1150 3844 1205 3899 hac
1225 3844 1384 3900 temeritate
1405 3846 1437 3899 bt
1448 3863 1521 3979 pro-

162 3939 276 3994 gressus
297 3921 326 3978 in
346 3922 558 3994 impudentiam,
589 3939 626 3975 ex
646 3922 701 3974 hac
719 3920 755 3995 ‚in
784 3920 973 3990 impietatem,
1002 3940 1062 3978 cum
1090 3923 1200 3978 interim
1225 3940 1337 3995 pessum
1358 3925 1381 3978 it
1401 3931 1448 3980 stu
1467 3924 1521 3980 ium
1579 3992 1583 3999 Ι

160 4000 236 4055 vitae
258 4002 443 4059 Christianae.
484 4003 530 4063 Sic
549 4019 604 4075 ego
624 4000 707 4055 selim
728 4001 837 4056 retundi
858 4002 1063 4072 enthusiastas,
1093 4009 1125 4059 ut
1143 4012 1278 4076 parcatur
1298 4003 1408 4061 iuterim
1428 4004 1520 4060 verbis

162 4081 317 4153 scripturae
338 4085 372 4138 de
393 4083 602 4140 mortificatione
624 4079 726 4136 veteris
746 4080 846 4136 Adami
867 4079 914 4136 dno.

248 4178 377 4230 Marcus
394 4179 559 4228 Antonius
578 4177 613 4228 de
632 4177 793 4234 Dominis,
813 4176 1011 4242 archiepiscopus
1030 4173 1201 4241 spalatensis,
1229 4192 1301 4244 quem
1327 4176 1465 4243 Keplsrus,
1491 4185 1521 4229 nt

159 4261 235 4312 snpra
247 4249 328 4307 dicit,
347 4251 493 4299 monitorem
510 4250 623 4298 nominat
641 4247 740 4298 fidelem
758 4246 913 4304 lisiardum,
942 4248 1038 4298 monita
1055 4262 1103 4299 sna
1119 4247 1212 4313 publici
1226 4250 1288 4311 jnris
1306 4248 1367 4299 iecit
1385 4253 1445 4300 ants
1462 4263 1520 4313 pro·

159 4319 293 4370 mem
310 4322 336 4370 in
354 4321 471 4386 ingiam
489 4317 642 4382 (conscripta
653 4318 766 4368 venetiis
785 4319 809 4367 d
829 4316 870 4368 2⁰.
885 4317 953 4383 Sept.
969 4315 1060 4380 itit),
1079 4318 1271 4385 Heidelbergae‚
1291 4332 1414 4370 excusans
1432 4319 1520 4386 lugam

159 4404 189 4440 ex
206 4390 266 4441 sede
285 4391 496 4456 archiepiscopali,
515 4390 714 4440 reformationem
732 4390 915 4453 praenuncians
933 4390 1054 4440 ecdesias
1071 4389 1225 4448 Catholicae,
1244 4389 1347 4440 hortans
1366 4390 1518 4444 scaladasti-
1609 4380 1616 4394 '

158 4475 209 4522 cos,
228 4468 257 4512 at
274 4465 351 4514 vitam
369 4469 395 4513 et
412 4477 492 4513 mores
510 4463 537 4510 iu
554 4461 657 4512 meliora
674 4466 788 4521 cemani,
809 4466 854 4518 „ut
866 4459 1003 4511 schismata
1015 4459 1186 4521 aniemntur‚“
1204 4474 1308 4511 monens
1324 4461 1517 4525 „coepiscopum

157 4538 186 4580 ut
204 4541 318 4592 cerami,
341 4547 389 4593 „ne
407 4531 701 4584 excommunicationibus
719 4530 864 4594 importunis
882 4529 1031 4581 ebantatem
1048 4532 1192 4595 abrumpere
1210 4536 1309 4582 mutem
1327 4528 1390 4581 te.“
1428 4528 1515 4593 (Prae-

157 4603 225 4651 misit
243 4605 365 4655 Antonius
381 4604 447 4655 bunc
465 4603 575 4653 libellum
592 4602 658 4652 libris
675 4601 698 4651 X
718 4601 766 4659 „de
784 4601 923 4667 Republica
941 4601 1135 4653 Boolesiutioa‘*
1156 4601 1264 4652 Loudini
1282 4597 1374 4663 itis).

246 4674 317 4726 Haec
335 4677 682 4743 respicientessummamque
700 4686 802 4729 eorum,
830 4686 895 4735 quae
915 4673 1005 4722 tuton
1025 4672 1057 4722 de
1075 4669 1188 4722 Dominis
1206 4673 1233 4722 in
1250 4685 1342 4736 opere.
1361 4672 1518 4740 quodmodo

50 4729 52 4731 ’
158 4741 270 4801 diximus,
287 4746 318 4797 de
331 4749 499 4810 episcoporum
510 4747 533 4795 vi
546 4746 572 4795 in
585 4743 751 4810 gubernandis
762 4744 835 4794 retu
846 4742 962 4806 potens.
975 4742 1042 4793 huc
1053 4744 1176 4806 scitalem,
1189 4742 1271 4801 sileri,
1284 4744 1383 4799 umes.
1395 4745 1518 4796 ratitum

157 4809 1517 4883 tatemeremqesessspienammethimneuspmoulan.aitetu(lteggsi.

156 4884 1518 5021 mlumugiuiadeciaffamammodmlqmmmmrm,q⁴u2=3mmvhum
