3609 5634
777 355 913 420 amru.
1003 397 1013 414 .

158 510 274 574 baculo
297 530 433 590 gressum
456 513 578 574 minans
602 515 651 585 (ot
674 513 738 592 ipse
762 512 893 576 Rbetico
918 514 1017 576 dicere
1041 514 1148 578 solitos
1172 518 1235 588 eat)
1253 510 1295 589 ⁸¹)
1325 516 1404 579 felici
1428 521 1525 599 magis

160 618 255 680 quarn
278 601 439 662 confidenti
461 601 817 678 conjecturacoustitoit,
843 611 934 682 atque
957 602 1002 666 ita
1024 621 1092 665 sese
1115 603 1227 666 habere
1251 605 1388 681 credidit,
1414 624 1452 668 ea
1474 608 1524 669 in·

159 707 252 768 quam
277 690 377 750 omnia
401 690 567 751 rationibus
591 710 609 749 a
632 690 732 768 priori,
757 713 775 751 a
794 691 905 764 causis,
929 710 949 752 a
971 691 1134 753 creationis
1159 691 1228 754 idea
1251 693 1389 756 deductis
1412 695 1524 760 rectis·

158 776 239 837 sime
263 778 430 840 constituta
453 797 520 838 esse
545 779 815 858 deprehendantur.

252 866 333 927 Nam
362 867 387 928 si
404 867 481 945 'quis
512 867 734 946 philosophicas
763 868 840 928 istas
873 867 1007 929 rationes
1035 866 1099 929 sine
1129 867 1296 930 rationibus
1320 879 1352 932 et
1374 872 1439 933 solo
1463 871 1525 934 risu

158 954 302 1032 excipere
326 964 417 1035 atque
440 956 559 1017 eludere
583 955 720 1028 voluerit,
744 965 906 1036 propterea
929 956 1006 1037 quod
1028 975 1120 1018 novus
1139 957 1227 1017 homo
1247 958 1303 1020 sub
1321 958 1407 1020 finem
1431 980 1521 1022 secu-

159 1044 271 1113 lorum,
294 1044 466 1104 tacentibus
491 1043 550 1105 illis
569 1044 776 1123 philosophiae
793 1045 951 1106 luminibus
968 1044 1109 1124 antiquis,
1135 1046 1343 1126 philosophica
1366 1047 1427 1108 ista
1449 1066 1522 1127 pro-

159 1132 270 1204 teram,
293 1132 338 1194 illi
353 1151 409 1211 ego
424 1133 539 1207 ducem,
564 1139 717 1194 auctorem
740 1143 771 1195 et
793 1141 1101 1213 praemonstratoreru
1124 1152 1162 1195 ex
1186 1134 1397 1215 antiquissimo
1420 1140 1522 1198 seculo

157 1222 311 1300 proferam
330 1220 596 1301 Pythagoram:
621 1221 706 1300 oqjus
724 1223 820 1284 multa
843 1221 872 1283 iu
888 1220 1001 1284 scholis
1019 1221 1140 1296 mentio,
1166 1223 1245 1303 quod
1267 1242 1333 1284 cum
1359 1233 1521 1303 praestan·

158 1309 236 1371 tiam
260 1309 377 1371 videret
399 1308 527 1388 quinque
556 1327 732 1389 corporum,
765 1309 856 1372 simili
886 1311 976 1390 plane
1004 1309 1121 1374 ratione
1145 1320 1217 1372 aute
1240 1311 1287 1373 bis
1310 1312 1392 1374 mille
1415 1332 1521 1388 annos,

156 1415 312 1478 quonum
326 1415 393 1475 ego,
417 1395 574 1460 creatoris
589 1416 660 1459 cura
678 1416 735 1460 nnn
759 1398 912 1477 indignum
935 1397 1088 1462 censuerit
1110 1399 1147 1460 ad
1171 1399 1225 1460 illa
1247 1401 1406 1480 respicere,
1431 1409 1522 1482 atque

155 1485 251 1549 rebus
274 1485 495 1548 mathematicis
518 1486 642 1566 physice
666 1494 758 1548 etex
781 1506 839 1549 sua
863 1486 999 1566 qualibet
1016 1487 1201 1566 proprietate
1221 1488 1426 1551 accidentaria
1449 1509 1521 1551 cen-

156 1574 229 1637 sitis
256 1593 306 1657 res
330 1593 388 1636 non
412 1575 644 1636 mathematicas
669 1574 952 1636 accommodaverit.
991 1575 1114 1637 Terram
1138 1576 1216 1638 euim
1241 1576 1317 1638 cubo
1340 1578 1521 1658 aequipara·

158 1663 216 1737 vit,
232 1664 261 1736 Ι)
285 1663 355 1742 quia
379 1662 499 1725 stabilis
523 1671 659 1743 uterque,
683 1663 761 1744 qood
786 1673 887 1724 tamen
908 1663 945 1723 de
963 1662 1039 1724 cubo
1059 1681 1116 1724 non
1136 1664 1254 1743 proprie
1274 1666 1392 1728 dicitur.
1427 1665 1521 1728 Coelo

159 1751 351 1814 ieosaedrum
374 1752 467 1823 dedit,
493 1751 563 1831 quia
577 1756 732 1832 utrumqne
748 1752 887 1814 volubile.
907 1751 987 1830 ·Igni
1008 1752 1174 1834 pyramide,
1198 1752 1268 1832 quia
1291 1753 1366 1815 haec
1388 1754 1520 1816 volantis

157 1840 281 1920 igniculi
297 1841 406 1901 torma:
431 1840 547 1920 reliqua
570 1841 627 1902 duo
650 1858 778 1919 corpora
801 1841 880 1902 inter
903 1859 1003 1902 aerem
1027 1848 1059 1901 et
1082 1859 1189 1921 aquam
1211 1841 1374 1918 distribuit,
1399 1850 1522 1922 propter

156 1929 286 1990 similem
316 1930 454 2009 utrinque
486 1949 553 1991 cum
585 1928 692 1990 vicinis
722 1930 941 2009 cognationem.
985 1927 1047 1990 Sed
1071 1931 1150 1991 enirn
1174 1926 1359 2010 Copemicus
1387 1930 1432 1993 illi
1455 1929 1520 1992 viro

157 2018 266 2092 defuit,
291 2018 340 2097 qui
364 2017 456 2098 prius,
481 2018 551 2097 quid
575 2026 659 2079 esset
682 2018 711 2078 in
736 2020 856 2093 mundo,
881 2019 1015 2080 diceret:
1039 2018 1152 2098 absque
1177 2037 1212 2080 eo
1235 2038 1294 2081 non
1319 2019 1435 2096 risisset,
1461 2020 1519 2082 do·

156 2106 238 2169 bium
260 2124 320 2166 non
345 2115 410 2182 est,
435 2106 504 2187 quin
528 2125 619 2187 quare
643 2114 741 2181 esset,
770 2106 953 2178 invenisset,
981 2115 1073 2187 atque
1095 2107 1171 2169 haec
1193 2108 1343 2170 coelorum
1366 2109 1521 2189 proportio

156 2199 218 2260 tam
242 2202 316 2255 nota
339 2215 415 2258 nunc
439 2203 537 2270 esset,
563 2214 650 2276 quarn
674 2196 741 2274 ipsa
764 2195 892 2276 quinque
916 2214 1055 2274 corpora,
1087 2204 1149 2258 tarn
1172 2196 1244 2258 item
1269 2205 1406 2276 recepta,
1431 2215 1520 2277 quam

156 2284 215 2346 hoc
248 2292 414 2362 temporum
444 2284 572 2346 decursu
599 2283 728 2345 invaluit
753 2283 807 2346 illa
839 2285 877 2346 de
909 2282 990 2346 Solis
1023 2293 1105 2346 motu
1137 2285 1233 2364 deque
1266 2284 1367 2365 quiete
1390 2285 1519 2348 Telluris

155 2391 267 2435 ornro.

174 2391 195 2454 p
246 2461 359 2523 Verum
383 2478 440 2539 age
464 2460 511 2522 vel
539 2461 665 2521 tandem
691 2460 896 2537 experiemur,
928 2469 1025 2521 utrum
1053 2460 1134 2522 inter
1161 2462 1249 2522 orbes
1273 2458 1433 2539 (lopernici
1455 2463 1517 2523 siut

69 2609 73 2612 .
154 2551 234 2612 istae
258 2567 414 2629 corporum
437 2549 657 2628 proportiones.
692 2549 739 2609 Ac
762 2548 849 2609 initio
868 2567 932 2610 rem
942 2547 1147 2614 ,crassinscule
1162 2567 1347 2610 censeamus.
1381 2548 1517 2610 Maxima

153 2639 367 2701 distantiarum
392 2637 561 2699 differentia
584 2637 614 2699 in
639 2635 806 2716 Coperuico
830 2645 879 2698 est
902 2637 981 2698 inter
1001 2636 1110 2699 lovem
1135 2645 1167 2699 et
1189 2625 1341 2714 Martem,
1369 2645 1403 2698 nt
1430 2636 1516 2700 vides

153 2728 185 2790 in
208 2726 411 2806 explicatione
434 2725 645 2807 hypothesium
669 2725 744 2787 Tab.
768 2722 808 2788 10
832 2734 864 2787 et
886 2725 966 2787 infra
989 2745 1055 2805 cap.
1084 2720 1124 2789 tl
1148 2734 1179 2812 et
1205 2723 1255 2790 15.
1302 2726 1413 2787 Martis
1436 2726 1515 2788 enim

152 2817 303 2879 mantia
326 2835 345 2877 a
368 2814 440 2878 Sole
464 2833 522 2876 non
547 2822 660 2894 aequat
685 2813 808 2876 tertiam
830 2821 949 2895 partem
970 2814 1090 2876 Joviee.
1138 2812 1309 2885 Quaeretur
1331 2814 1423 2892 igitur
1444 2834 1513 2878 cor·

151 2924 221 2986 pas,
241 2906 320 2986 qnod
333 2903 495 2966 maximam
511 2904 586 2965 iacit
600 2902 799 2966 differentiam
813 2903 892 2965 inter
905 2902 1008 2965 orbem
1022 2903 1277 2982 circumscriptum
1291 2911 1322 2964 et
1337 2902 1514 2983 inscriptum

153 2995 353 3067 (concedatur
374 2992 461 3056 nobis
484 2992 558 3053 haec
582 3013 760 3073 καταχρησις
790 3010 894 3054 cavum
922 3010 976 3071 pro
1005 2992 1102 3054 solido
1131 2990 1288 3064 censendi)
1303 2989 1332 3064 ¹¹)
1364 2991 1442 3070 quod
1466 3002 1515 3053 est

153 3083 339 3144 tetraedrum
363 3082 427 3143 sive
450 3080 592 3163 pyramis.
629 3081 689 3143 Est
711 3079 803 3158 igitur
826 3081 905 3142 inter
921 3079 1030 3142 Jovem
1053 3089 1085 3142 et
1102 3080 1235 3144 Martem
1257 3078 1400 3162 pyramis.
1437 3079 1516 3142 Post

153 3172 209 3233 hos
242 3173 401 3234 maximam
434 3170 549 3232 faciunt
581 3169 780 3231 differentiam
812 3169 976 3231 distantias
1004 3169 1125 3250 Jupiter
1155 3178 1186 3232 et
1209 3168 1370 3231 Saturnus.
1416 3168 1514 3249 Hrq'us

153 3262 234 3323 enim
257 3261 310 3323 ille
331 3259 422 3340 paulu
445 3259 513 3340 plns
537 3257 689 3320 dimidium
714 3266 834 3338 aequat.
882 3256 1009 3321 Similis
1030 3267 1157 3339 apparet
1189 3257 1220 3321 in
1253 3258 1321 3319 cubi
1349 3256 1453 3319 intimo
1483 3265 1513 3318 et

153 3349 265 3412 extimo
290 3349 360 3412 orbe
384 3347 562 3410 differentia.
610 3345 726 3409 Cabum
750 3347 840 3426 igitur
864 3346 1014 3410 Saturnus
1038 3347 1149 3425 ambit,
1173 3348 1266 3414 cobus
1289 3346 1405 3409 lovem.

241 3437 388 3518 Aequalis
412 3437 473 3498 fere
497 3436 651 3517 proportio
676 3443 724 3497 est
748 3436 826 3497 inter
845 3436 995 3498 Venerem
1019 3446 1052 3499 et
1074 3437 1262 3511 Mercurium,
1288 3455 1343 3498 nec
1367 3434 1514 3498 absimilis

43 3539 50 3546 '
152 3527 232 3591 iuter
254 3528 342 3590 orbes
365 3525 511 3588 octaedri.
559 3524 663 3610 Venus
686 3524 778 3603 igitur
800 3523 856 3584 boc
880 3541 988 3604 corpus
1011 3524 1120 3597 ambit,
1143 3525 1309 3587 Mercurius
1333 3523 1439 3586 induit

242 3616 388 3696 Reliquae
413 3615 490 3676 duae
514 3612 724 3692 proportiones
755 3611 834 3674 inter
856 3612 1008 3675 Venerem
1037 3620 1069 3674 et
1091 3612 1234 3688 Terram,
1266 3612 1345 3676 inter
1376 3613 1455 3675 banc
1482 3618 1516 3673 et

153 3704 284 3766 Martem
306 3703 446 3765 minimae
470 3709 554 3776 sunt,
586 3710 617 3763 et
640 3702 703 3762 tere
734 3701 891 3780 aequales,
921 3719 1027 3781 nempe
1051 3699 1175 3764 interior
1198 3700 1358 3764 exterioris
1382 3701 1513 3763 dodrans

152 3802 207 3854 aet
228 3793 282 3855 bes
296 3788 374 3874 (Vq,
396 3788 462 3868 Ἃ).
497 3792 530 3852 lu
545 3790 701 3856 icosabdro
716 3797 749 3851 et
767 3789 957 3850 dodecaedro
972 3796 1042 3851 sunt
1065 3790 1158 3851 etiem
1183 3790 1325 3870 aequales
1349 3789 1513 3852 distantiae

154 3882 287 3943 binorum
312 3882 444 3954 orbium,
470 3886 502 3940 et
524 3879 715 3958 proportione
739 3884 864 3939 utuntur
886 3877 1009 3939 minima
1031 3877 1110 3939 inter
1133 3878 1248 3959 reliqua
1270 3878 1420 3958 regularia
1443 3883 1528 3939 cor-¹

151 3988 235 4050 pora.
278 3969 380 4041 Quare
404 3968 565 4032 verisimile
589 3975 647 4042 est,
671 3967 801 4028 Martem
826 3964 939 4028 ambire
963 3965 1086 4027 Terram
1109 3967 1261 4029 mediante
1285 3967 1431 4030 alterutro
1454 3966 1512 4026 ho-

151 4077 215 4122 rum
239 4077 405 4138 corporum,
429 4059 552 4120 Terram
578 4065 678 4118 autem
693 4077 712 4117 a
728 4055 847 4117 Venere
862 4062 1051 4129 summotam,
1076 4055 1228 4117 mediante
1251 4054 1374 4135 reliquo.
1410 4052 1512 4125 Quare

152 4148 178 4210 si
202 4148 268 4228 quis
292 4167 331 4210 ex
353 4167 399 4210 me
424 4154 561 4230 quaerat,
585 4165 638 4208 cur
661 4146 723 4207 sint
745 4151 861 4205 tanturn
885 4162 941 4205 sex
955 4142 1043 4205 orbes
1058 4143 1195 4218 mobiles,
1219 4142 1416 4221 respondebo,
1441 4140 1513 4221 quia

152 4255 209 4297 non
234 4246 377 4317 oporteat
398 4237 499 4317 plnres
515 4234 643 4315 quinque
657 4233 865 4313 proportiones
881 4251 958 4306 esse,
983 4231 1110 4294 totidem
1134 4250 1251 4311 nempe,
1275 4239 1348 4311 quot
1360 4228 1512 4308 regularia

152 4334 222 4388 sunt
238 4326 270 4387 in
289 4327 419 4388 mathesi
434 4343 569 4404 corpora.
603 4322 665 4385 Sex
689 4330 788 4383 antem
812 4320 932 4383 termini
956 4328 1165 4384 consummant
1185 4322 1262 4383 hunc
1286 4317 1510 4399 proportionum

151 4434 313 4478 numerum.
