3609 5634
312 370 380 440 322
733 368 835 418 Literna
853 364 955 430 Kaplsri
980 364 1128 428 aliorumque
1147 369 1248 414 mutans

259 587 264 593 ,
313 531 371 596 liae
393 524 576 594 littoralibus
598 522 772 588 nationibus
794 522 872 583 inter
894 521 1038 600 Augilas]
1062 527 1094 582 et
1117 518 1248 588 Daciam
1271 536 1426 590 commune
1451 519 1554 580 baisse.
1602 518 1676 580 its-

314 637 371 700 que
394 634 488 678 eausa
509 613 645 692 proxima
664 631 681 674 e
703 610 780 672 mari
803 617 887 670 esset
909 609 1050 688 peteuda.
1099 605 1219 669 Guttae
1245 607 1428 685 sulphureae
1453 608 1545 668 etiam
1567 607 1616 668 hie
1643 606 1676 667 in

315 703 464 769 Bobemia
488 722 565 763 anuo
581 697 635 764 99.
661 698 885 779 praecedebant
907 707 1024 777 pestem
1050 693 1083 758 et
1110 695 1321 776 dysenteriam.
1353 694 1489 762 'Sufficit
1517 714 1606 775 porra
1632 693 1677 756 ad

314 802 432 875 pestem
463 793 524 852 fere
557 798 588 850 et
611 788 733 850 humida
757 797 871 848 aestas.
918 786 1017 847 Julius
1047 785 1131 845 initio
1155 784 1234 863 apud
1258 802 1312 844 nos
1336 784 1469 856 calidus,
1503 785 1541 846 ab
1566 783 1678 856 ultimo

269 881 276 894 “
314 881 425 946 triente
447 879 536 959 paulo
561 877 772 949 turbulentior,
802 877 959 952 Augustus
982 893 1054 935 vero
1083 892 1175 953 usque
1201 873 1239 936 ad
1263 868 1315 934 20.
1342 873 1479 934 humidus
1509 880 1542 934 et
1564 872 1678 934 incon·

316 969 532 1033 stantissirnus.
577 963 709 1028 Causam
732 964 761 1025 in
786 971 885 1025 motus
912 963 936 1034 Q
961 967 1026 1040 etp
1050 963 1181 1033 confero,
1206 969 1310 1023 euntes
1335 980 1389 1041 per
1413 972 1554 1042 aspectus
1579 980 1679 1042 supe·

317 1060 424 1123 riorum
450 1065 481 1117 et
503 1056 533 1116 in
558 1064 659 1115 mutuo
684 1052 784 1114 sextili
810 1063 968 1113 versantes
991 1051 1041 1113 din
1065 1050 1233 1112 admodum.

387 1179 577 1232 Fabricius:
595 1176 623 1227 P.
639 1174 665 1226 S.
685 1176 708 1226 d.
730 1174 770 1223 15.
785 1177 849 1239 Aug
888 1174 951 1224 Cum
969 1182 1068 1238 praeter
1085 1174 1224 1237 opinionem
1242 1173 1330 1223 literas
1347 1176 1439 1236 priores
1456 1175 1497 1226 bie
1514 1181 1680 1230 mutant,

316 1253 381 1303 volui
398 1252 545 1315 posteriores
564 1262 634 1298 meas
654 1262 682 1295 co
702 1247 817 1295 'tationes
836 1246 956 1309 prioribus
975 1245 1050 1308 adjun
1070 1260 1111 1294 ere
1130 1252 1156 1293 et
1175 1244 1239 1294 addo
1256 1243 1303 1293 has
1322 1247 1496 1309 quaestiones:

388 1320 530 1381 Quaeritur,
550 1333 583 1369 an
604 1313 629 1381 ὁ)
650 1325 675 1366 st
746 1318 877 1372 bonorum.
907 1316 974 1376 net
995 1260 1082 1378 αὖ,
1107 1317 1157 1365 siut
1181 1314 1392 1364 bonivelmali?
1428 1317 1467 1365 Au
1494 1315 1699 1381 planetae·

317 1395 633 1457 temperamentum
658 1388 763 1437 hominia
785 1381 1120 1437 nauconstitnauti
1152 1386 1296 1450 Egonego.
1334 1385 1401 1447 Quid
1424 1388 1679 1450 deinterroga·

317 1463 483 1524 tionibus
501 1467 528 1512 et
542 1460 644 1524 iudiciis
660 1461 690 1508 lis
708 1459 870 1510 innitentibus
888 1459 921 1508 sit
939 1457 1118 1508 mutiendum?
1154 1456 1228 1506 Mtssti
1244 1457 1375 1520 plurimum
1399 1458 1516 1512 tribuunt
1549 1457 1604 1528 Ego
1622 1471 1681 1511 usu

318 1535 480 1599 suspiciosam
498 1547 552 1586 esse
568 1532 661 1593 judico
699 1528 765 1590 Quid
784 1528 814 1578 de
832 1530 927 1578 usitata
944 1537 1049 1593 partu
1067 1529 1257 1584 fortunae,
1278 1528 1308 1578 de
1327 1528 1576 1579 electionibus
1595 1535 1680 1586 mtto·

318 1607 406 1676 logicis
424 1596 522 1653 munii
557 1601 622 1651 Illud
650 1613 730 1665 nugas
758 1614 803 1666 ego
822 1606 918 1663 reputo.
955 1599 1152 1665 imaginum
1171 1598 1420 1649 characterisatarnm
1447 1600 1492 1649 sub
1516 1606 1586 1652 cama
1612 1598 1680 1649 eost

318 1678 400 1741 positu
418 1675 514 1724 ridetur
533 1673 616 1736 aliqua
633 1673 659 1722 in
677 1671 767 1721 morbis
784 1671 944 1736 profligandis
962 1672 998 1720 ris
1017 1669 1062 1720 irc.

408 1763 606 1842 Keplerus:
641 1760 706 1821 'fua
737 1759 924 1840 postscripta
958 1777 1004 1820 me
1037 1767 1181 1821 revocant
1213 1760 1241 1821 in
1266 1758 1472 1839 astrologiam.
1519 1759 1680 1839 Aspeotus

319 1853 439 1935 quinam
461 1850 541 1922 boui,
566 1849 615 1930 qui
638 1848 728 1910 mali?
773 1847 840 1927 Ego
856 1848 934 1910 inter
948 1856 1089 1927 aspectus
1109 1848 1290 1927 astrologice
1313 1866 1372 1909 uon
1388 1847 1517 1909 discerni
1533 1855 1608 1927 puto
1620 1865 1681 1928 per

320 1939 465 2004 bonitatis
489 1946 520 1998 et
544 1937 679 1998 malitiae
703 1945 808 2010 notas,
843 1938 896 1997 sed
920 1945 1037 1998 tantum
1061 1955 1115 2015 per
1139 1937 1342 1999 fortitudinem
1366 1945 1398 1998 et
1423 1935 1678 2004 imbecillitatem.

320 2027 439 2092 Fortior
462 2025 608 2105 insenius
633 2024 850 2086 demonstratio
875 2025 988 2087 fortior.
1035 2025 1136 2086 Primo
1151 2025 1321 2104 conjunctio
1336 2024 1512 2104 corporalis,
1542 2025 1613 2104 quia
1627 2024 1679 2085 hic

320 2116 474 2178 identitas.
509 2112 647 2176 Secundo
658 2112 808 2193 oppo‘sitio
818 2112 992 2193 corporalis,
1008 2113 1078 2192 quia
1088 2115 1234 2174 diameter
1243 2113 1355 2189 circuli,
1370 2114 1511 2175 bisecans
1521 2112 1678 2174 circulum.

320 2204 422 2266 Tertio
446 2203 643 2283 quadratura,
673 2201 741 2281 quia
772 2201 875 2263 lateris
899 2202 1078 2282 quadratum
1103 2209 1150 2263 est
1178 2202 1318 2281 quadrati
1341 2202 1481 2264 diametri
1509 2200 1676 2264 dimidium

321 2290 440 2363 Quarto
462 2290 580 2351 sextilis
604 2298 637 2350 et
659 2290 812 2368 trigonus,
837 2289 908 2370 quia
931 2277 1010 2350 latis
1035 2290 1191 2370 sexanguli
1216 2291 1342 2370 aequale
1366 2299 1416 2353 est
1439 2290 1678 2361 semidiametro,

321 2387 352 2443 et
374 2380 454 2441 latus
476 2377 621 2457 trianguli
643 2385 746 2457 potest
775 2370 807 2458 ’f⁸
835 2377 986 2439 diametri.
1035 2376 1149 2448 Quinto
1173 2378 1307 2458 quintilis
1331 2386 1363 2440 et
1385 2379 1570 2459 biquintilis,
1606 2379 1683 2459 quia
1754 2419 1759 2420 ff

316 2470 424 2549 Juncta
446 2466 601 2546 utriusque
626 2466 774 2546 quadrata
797 2473 868 2527 sunt
899 2467 938 2526 ad
962 2466 1139 2544 quadratum
1165 2468 1303 2529 diametri
1336 2475 1369 2529 ut
1393 2466 1413 2528 5
1437 2468 1476 2530 ad
1500 2463 1539 2527 fs
1578 2465 1677 2529 Sexto

321 2555 603 2637 sesquiqusdratus‚
638 2554 708 2633 quia
726 2554 911 2614 irrationalis
944 2562 976 2614 et
998 2554 1062 2615 siue
1086 2556 1178 2616 socio.
1225 2556 1305 2617 Nam
1338 2557 1529 2640 octangulum
1554 2556 1680 2636 quidem

317 2647 405 2725 juvat
436 2644 519 2706 illum
553 2642 591 2703 ad
624 2643 810 2720 aequandum
844 2642 1022 2721 quadratum
1055 2641 1206 2716 diametri;
1241 2645 1294 2705 sed
1318 2646 1511 2725 octangulum
1543 2654 1682 2705 nonest

321 2734 400 2796 inter
419 2729 616 2794 harmonicos.
663 2730 733 2791 Jam
757 2730 786 2790 in
811 2730 944 2810 planetis
968 2750 1025 2791 non
1041 2740 1112 2792 sunt
1134 2732 1205 2793 boni
1228 2740 1260 2793 et
1275 2734 1356 2801 mali,
1381 2734 1435 2794 sed
1456 2732 1531 2807 duri,
1557 2733 1677 2802 molles,

322 2821 423 2895 calidi,
446 2819 561 2899 frigidi,
585 2817 711 2891 humidi,
737 2818 818 2879 sicci.
866 2819 1008 2880 Mollibus
1039 2828 1070 2881 et
1094 2819 1221 2881 humidis
1246 2821 1426 2883 conveniunt
1449 2822 1583 2894 sextilis,
1616 2821 1678 2882 tri·

209 2937 216 2942 ·
259 2941 266 2949 ·
322 2929 433 2991 gonus,
458 2908 738 2988 sesquiqusdratus,
774 2908 925 2968 translato
949 2908 1062 2969 annum
1087 2910 1292 2988 experimento
1321 2929 1359 2972 er
1380 2911 1496 2972 musica
1519 2911 1547 2971 in
1572 2919 1676 2973 astro·

308 2993 447 3078 'logiamr
471 2997 553 3058 duris
577 3006 609 3057 et
632 2996 753 3058 fervidis
778 2997 966 3075 acceptiores
990 2997 1124 3076 quintilis
1148 3005 1180 3058 et
1202 2997 1379 3078 blqnintilis.

410 3086 458 3148 De
488 3093 775 3164 temperamento
808 3093 880 3163 puto
915 3085 1122 3164 quaestionem
1155 3104 1247 3165 snpra
1270 3086 1437 3167 agitatam,
1473 3094 1504 3148 et
1526 3087 1678 3167 prioribus

324 3175 419 3237 literis
444 3194 462 3234 a
484 3191 532 3233 me
555 3191 743 3252 responsum.
789 3170 910 3235 Natura
933 3172 1062 3235 hominis
1086 3182 1135 3235 est
1157 3175 1255 3236 instar
1277 3176 1392 3238 metalli
1418 3177 1534 3257 liquati,
1560 3177 1678 3238 coelum

323 3263 420 3324 instar
444 3263 566 3334 formae,
591 3262 620 3321 in
645 3279 734 3340 quam
755 3260 930 3323 infunditur.
977 3261 1046 3323 Nisi
1069 3272 1229 3326 contumax
1252 3264 1294 3325 sit
1308 3265 1472 3340 metallum,
1496 3272 1594 3327 totam
1610 3265 1677 3326 for-

320 3369 399 3412 mam
433 3358 540 3411 exacte
572 3349 700 3427 suscipit
708 3367 717 3421 3
750 3357 783 3409 at
811 3358 973 3410 contumax
1003 3361 1051 3411 est
1083 3350 1211 3414 hominis
1236 3361 1344 3416 natura
1377 3354 1415 3414 ob
1444 3353 1678 3434 imaginationes

321 3440 426 3502 matris
452 3438 666 3499 antecedentes
689 3446 721 3498 et
744 3436 944 3499 institutionis
968 3440 1124 3517 sequentis
1139 3441 1215 3515 viru,
1251 3461 1326 3522 quae
1351 3450 1400 3504 est
1425 3441 1523 3505 instar
1545 3443 1621 3506 coeli
1646 3449 1690 3503 et

320 3528 452 3608 scalpri3
476 3527 640 3589 miscentur
662 3526 763 3609 itaque
786 3527 861 3587 haee
886 3527 955 3587 tria.
1002 3527 1051 3588 Ita
1074 3538 1173 3590 tecum
1199 3531 1365 3592 consentio.
1432 3574 1438 3586 .

408 3617 454 3677 De
479 3625 586 3695 parte
611 3616 786 3677 fortunae
811 3623 844 3677 nt
867 3616 904 3676 de
928 3616 1095 3678 domibus
1115 3618 1232 3696 judico,
1267 3619 1425 3682 confictam
1450 3618 1491 3681 ad
1514 3617 1678 3681 formanda

319 3722 464 3783 responsa
488 3704 526 3764 ad
550 3723 635 3764 omne
660 3721 754 3781 genus
778 3705 999 3784 quaestionum.

406 3791 475 3854 Jarn
500 3811 571 3871 ergo
595 3798 627 3852 et
650 3790 687 3851 de
711 3791 758 3853 his
782 3792 1007 3872 quaestiouibus
1032 3812 1128 3855 meum
1145 3795 1238 3856 babes
1257 3794 1415 3875 judicium,
1442 3806 1493 3857 tuo
1508 3796 1678 3857 conforme.

321 3880 382 3941 Sed
405 3881 483 3955 vide,
510 3880 579 3959 quid
604 3898 687 3957 agas.
736 3878 834 3941 Crede
859 3881 945 3953 mihi,
979 3881 1117 3961 utrinque
1152 3893 1183 3944 et
1216 3906 1234 3945 a
1260 3885 1485 3965 quaestionibus
1509 3883 1570 3945 tuis
1604 3891 1636 3945 et
1660 3903 1680 3944 a

319 3968 555 4047 profectionibus
579 3968 718 4047 aequalia
751 3977 836 4030 stant
859 3969 1067 4048 experimenta
1102 3981 1133 4033 et
1157 3973 1380 4035 frustrationes.
1427 3973 1508 4034 Nam
1537 3972 1677 4052 utrinque

320 4057 440 4118 fortuna
463 4056 645 4117 dominatur.

407 4145 597 4224 Imagines
625 4143 719 4205 tueris
744 4154 920 4224 argumento
946 4145 1060 4207 urbium
1085 4154 1116 4207 et
1145 4145 1310 4226 regionum.
1358 4148 1453 4228 Nego,
1479 4149 1536 4212 tibi
1559 4158 1677 4230 utrum-

319 4253 385 4314 que.
442 4233 626 4313 Imaginibus
658 4227 718 4293 vim
751 4232 894 4294 conciliat
927 4233 1101 4296 credulitas.
1153 4236 1273 4296 Audiri
1299 4237 1339 4299 ab
1371 4237 1506 4316 expertis
1540 4236 1676 4309 medicis,

318 4341 411 4403 saepe
434 4322 533 4384 verbis
557 4321 665 4384 medici
690 4320 827 4381 fiduciam
850 4322 1102 4400 persuadentibus
1127 4342 1191 4383 cum
1216 4325 1334 4403 magico
1354 4326 1492 4388 facinore
1508 4328 1678 4389 mmanrari

319 4418 457 4473 naturam
476 4411 542 4490 jam
567 4428 643 4490 pene
667 4408 843 4488 collapsam.
893 4409 1008 4489 ltaque,
1034 4410 1059 4471 si
1080 4421 1111 4473 et
1139 4411 1176 4472 ob
1200 4413 1299 4474 visam
1320 4414 1483 4495 imaginem
1507 4415 1536 4476 iu
1555 4433 1677 4495 gemma

318 4499 455 4561 fiduciam
479 4499 629 4578 concipiat
652 4499 790 4560 credulus
814 4516 915 4576 aeger,
937 4498 1119 4576 juvabimur.
1168 4497 1270 4571 Quare
1292 4522 1352 4566 non
1367 4513 1441 4583 puto
1465 4503 1586 4586 publice
1600 4523 1676 4565 cou-

319 4595 367 4648 tra
390 4588 613 4667 disputandum.
661 4584 724 4648 Sed
757 4586 795 4647 ab
819 4585 920 4660 herbis
945 4595 976 4647 et
994 4589 1082 4649 rebus
1106 4590 1299 4668 naturalibus
1324 4592 1559 4670 argumentaris,
1600 4610 1677 4673 quae

318 4685 441 4737 acsrto
465 4684 599 4755 tempore
624 4675 683 4736 vim
707 4695 726 4735 a
748 4676 833 4735 coelo
857 4675 1004 4753 majorem
1027 4678 1209 4757 concipiant
1256 4680 1325 4741 Aut
1344 4681 1376 4741 id
1400 4689 1450 4742 est
1472 4677 1675 4744 certumanni

318 4771 445 4842 ternpus¹
471 4763 520 4827 ubi
543 4782 637 4826 cansa
658 4762 844 4836 inhumare,
868 4762 1018 4838 siccitate.
1043 4766 1235 4841 maturitate,
1260 4777 1314 4830 aut
1338 4769 1393 4831 tibi
1418 4776 1468 4831 est
1482 4769 1677 4848 incognitum,

317 4850 345 4914 ai
367 4851 430 4918 alia
449 4852 515 4936 ejus
538 4853 683 4934 temporis
706 4852 857 4934 periodus.
904 4853 946 4914 Et
970 4872 1028 4915 uon
1052 4856 1135 4918 valet
1158 4866 1367 4938 argumentum
1390 4867 1539 4923 anatem
1560 4858 1610 4922 au.
1624 4877 1679 4922 are
