3609 5634
700 376 855 443 saonece
874 375 1026 427 emesam
1367 346 1373 355 ’
1472 373 1538 447 429

185 545 333 619 quatenus
356 535 482 617 antiqua
505 535 649 617 dogmata
670 534 761 615 paulo
784 533 973 614 generaliora
996 534 1084 598 facio.
1130 534 1211 599 Nam
1238 534 1335 615 primo
1359 535 1438 616 quod
1461 534 1538 599 Ter-

186 647 251 689 ram
274 626 401 702 attinet,
426 643 494 687 esse
519 625 613 687 totius
637 624 718 705 ejus,
745 632 892 704 quatenns
916 632 995 701 tota,
1021 624 1146 687 formam
1168 624 1360 700 nobiliorem,
1390 643 1540 708 qucrnea

186 725 249 793 est,
279 734 356 797 quae
379 716 409 779 in
434 713 569 794 qualibet
591 714 682 794 gleba
706 712 895 793 agnoscitur,
924 732 1009 775 nemo
1034 714 1167 793 negabit.
1213 713 1292 776 Earn
1314 732 1386 776 vero
1410 714 1539 777 formam

185 825 222 885 ex
253 804 425 867 animalium
454 803 631 866 facultatum
659 820 769 883 genere
802 821 886 876 esse,
924 820 1016 883 opera
1048 803 1141 882 ipsius
1176 810 1322 884 arguant,
1365 821 1440 883 qnae
1469 812 1541 866 sunt

184 894 341 974 generatio
364 891 570 967 metallorum,
599 893 787 954 conservatio
812 891 921 954 caloris
944 892 1123 967 Terrestris,
1150 893 1308 955 exsudatio
1331 884 1476 972 vaporum
1500 893 1538 955 ad

184 982 350 1059 fluviorum,
374 980 554 1063 pluviarum,
579 988 806 1061 ceterorumque
828 989 1028 1043 meteororum
1037 981 1348 1061 progeneratiouemn
1375 979 1462 1052 Quae
1485 1001 1537 1043 ar-

185 1079 299 1150 guunt,
332 1073 459 1135 formam
489 1070 554 1150 ejus
583 1089 650 1132 esse
681 1088 740 1132 nou
763 1069 874 1132 saltem
897 1070 1165 1145 conservatricem,
1199 1070 1296 1153 qualis
1324 1070 1355 1132 in
1379 1071 1538 1151 lapidibus,

183 1159 240 1223 sed
261 1162 381 1225 omniuo
405 1159 633 1239 vegetatricem.

736 1247 872 1310 Thesis
894 1247 993 1309 XLII.

274 1329 380 1412 Neque
404 1337 505 1397 tamen
529 1336 597 1397 ideo
621 1355 745 1399 necesse
769 1343 817 1397 est
839 1355 976 1398 crescere
990 1335 1113 1398 Terram
1137 1343 1190 1398 ant
1208 1336 1274 1397 loco
1297 1333 1420 1397 moveri.
1459 1334 1538 1398 Naro

186 1436 282 1499 neque
305 1419 437 1487 bumana
459 1433 508 1487 est
531 1425 596 1504 ejus
620 1425 735 1499 anima,
770 1444 864 1506 neque
888 1425 1029 1487 autmalis
1052 1425 1188 1505 proprie,
1219 1443 1315 1504 neque
1343 1423 1441 1503 qualis
1464 1424 1537 1487 stiu-

185 1507 276 1586 pium,
301 1509 355 1570 sed
378 1513 540 1591 peculiaris
563 1514 690 1595 speciei,
716 1533 792 1595 quae
816 1513 1018 1576 definitionem
1041 1513 1079 1575 ab
1103 1531 1193 1593 opere
1216 1532 1270 1575 suo
1294 1512 1435 1588 sortitur,
1459 1513 1540 1576 slent

186 1595 265 1657 alias
289 1616 405 1680 qnoque
433 1602 552 1681 species
576 1603 748 1665 animalium
777 1602 965 1666 facultatum.
1011 1602 1056 1664 Et
1082 1621 1159 1682 quae
1187 1602 1266 1664 ratio
1289 1608 1409 1663 veteres
1438 1603 1540 1683 co'e'git

185 1685 309 1748 tertiam
332 1689 450 1753 animae
473 1691 604 1771 speciem
628 1692 657 1753 iu
671 1691 786 1772 plantis
808 1691 968 1769 collocare,
993 1692 1099 1754 eadem
1118 1710 1174 1754 uos
1193 1690 1284 1770 cogit,
1308 1698 1447 1772 quartam
1461 1692 1539 1753 hanc

185 1774 334 1838 collocare
357 1778 387 1840 in
410 1779 513 1843 Terra.

730 1868 861 1930 Thesis
884 1868 999 1931 XLIII.

276 1950 339 2014 Sed
361 1971 418 2016 uec
441 1954 514 2017 illud
533 1956 709 2032 absurdum,
736 1958 883 2020 animales
907 1959 1081 2031 facultates,
1107 1974 1182 2036 quae
1206 1954 1343 2018 discursu
1365 1975 1424 2018 non
1447 1964 1540 2019 ntun-

186 2045 244 2112 tur,
269 2040 475 2122 iutelIIgentes
498 2064 566 2106 esse
588 2045 781 2125 geometriae,
806 2065 901 2126 eaque
924 2066 980 2108 ceu
1002 2046 1132 2131 quodam
1155 2044 1274 2125 objecto
1297 2046 1421 2108 moveri.
1460 2044 1539 2107 Sunt

185 2130 326 2210 exempla
348 2131 520 2194 confessa
512 2154 543 2196 ιιι
565 2142 696 2215 promtu.
742 2135 810 2198 Nou
835 2136 1032 2198 ratiocinatur
1054 2133 1171 2196 arboris
1195 2133 1325 2196 facultas
1338 2134 1485 2214 plastica;
1509 2142 1541 2197 et

185 2224 288 2279 tamen
312 2217 506 2283 Creatoris
492 2242 580 2301 Jussa
612 2233 645 2285 ut
675 2224 835 2304 plurimum
867 2225 1041 2304 exsequitur
1068 2220 1310 2285 inordinatione
1339 2224 1477 2285 foliorum
1501 2222 1541 2284 ad

185 2307 430 2372 commoditatem
464 2311 578 2374 fructrts
611 2312 708 2393 adque
741 2321 858 2375 certum
898 2313 997 2375 tinem.
1051 2309 1130 2381 Quin
1163 2311 1256 2372 etiarn
1289 2312 1541 2391 pulchritudinem

188 2414 265 2472 eam,
291 2415 368 2478 quae
391 2418 430 2460 ex
451 2401 581 2462 numeris
606 2409 663 2476 est,
688 2402 789 2465 omnia
811 2401 928 2464 semina
949 2400 1091 2463 retinent.
1139 2395 1284 2469 Quinario
1305 2400 1434 2479 plurIma
1448 2399 1540 2478 plan·

186 2491 287 2546 tarum
308 2503 422 2565 genera
443 2496 580 2564 utuntur3
604 2509 662 2552 non
686 2491 870 2553 necessitate
893 2489 1038 2552 materiae
1063 2507 1101 2549 ex
1124 2487 1230 2549 arbore
1259 2489 1290 2550 in
1313 2505 1433 2567 pomum
1457 2487 1540 2549 deri-

117 2570 122 2575 ’
187 2582 275 2648 vata,
309 2574 339 2637 in
362 2594 422 2656 qua
445 2577 633 2640 derivatione
656 2579 731 2641 baec
755 2579 883 2660 quinarii
906 2578 1046 2641 custodia
1067 2576 1263 2657 impossibilis
1287 2584 1349 2650 est;
1378 2578 1433 2638 sed
1456 2595 1541 2639 com-

188 2662 390 2725 municatione
414 2666 571 2728 facultatis
592 2667 760 2747 plasticae,
789 2687 865 2749 qnae
889 2669 984 2730 babet
1006 2665 1132 2748 quinarii
1162 2665 1353 2745 congenitam
1371 2665 1540 2746 pulchritu-

189 2751 299 2814 dinem.
355 2751 418 2815 Sed
450 2754 608 2834 ignobilior
639 2756 718 2819 hacc
751 2758 847 2820 adhuc
872 2758 951 2820 ratio
983 2764 1044 2829 est,
1083 2755 1238 2834 minusque
1270 2754 1431 2829 mirabilis,
1472 2754 1542 2835 qnia

190 2840 321 2903 facultas
349 2841 430 2905 intra
452 2846 604 2925 seipsam
627 2855 730 2909 manet
752 2855 784 2909 et
807 2847 973 2927 quinarium
1005 2863 1091 2925 quem
1119 2843 1212 2905 habet
1238 2851 1398 2924 propagat.
1452 2844 1541 2906 Dabo

189 2930 359 3009 exemplum
391 2934 657 2997 accommodatius.
701 2937 770 3000 Non
803 2935 1001 2999 ratIocinatur
1023 2933 1169 3007 rusticus,
1204 2950 1292 3012 quarn
1318 2933 1541 3012 proportionem

188 3019 402 3099 geometricam
431 3021 565 3086 obtineat
595 3043 655 3085 vox
678 3025 719 3086 ad
742 3043 856 3087 vocem.
903 3025 946 3087 Et
972 3032 1073 3087 tamen
1096 3021 1151 3084 illa
1174 3021 1275 3083 fidium
1303 3021 1458 3083 harmonia
1485 3040 1541 3084 ex-

74 3147 80 3153 ·
189 3116 299 3171 tranea
320 3127 375 3193 per
398 3129 486 3173 aures
509 3112 615 3175 rustici
636 3113 667 3175 in
682 3121 813 3189 mentem
832 3112 966 3176 illabitur
979 3111 1188 3192 hominemque
1203 3110 1367 3185 exhilarat3
1391 3128 1449 3172 nou
1468 3129 1542 3172 sane

189 3196 340 3260 mistionis
365 3218 469 3261 vocum
493 3201 708 3275 moderatione,
731 3222 790 3265 nun
813 3203 874 3266 leni
898 3202 1014 3265 aurium
1037 3201 1221 3263 demnIsIone
1245 3200 1353 3280 (saepe
1373 3199 1452 3261 euim
1474 3199 1542 3261 vio·
1611 3274 1616 3281 Ι
1679 3256 1683 3269 ,

189 3284 265 3349 lenti
288 3287 354 3349 soni
378 3307 466 3351 aures
491 3286 615 3353 laedunt
637 3299 670 3354 et
691 3292 882 3356 nihilominus
906 3290 1104 3354 consonantia
1127 3290 1281 3352 delectant
1305 3291 1374 3363 sua)
1398 3288 1544 3352 nonulla

189 3375 251 3438 alia
275 3376 444 3452 decanea,
478 3397 555 3459 quae
583 3380 772 3464 hucusque
764 3381 890 3446 inveniri
912 3381 1061 3462 potuerit:
1096 3379 1149 3441 sed
1182 3378 1259 3440 banc
1288 3398 1377 3465 unam
1406 3378 1541 3454 obrem,

189 3464 274 3546 quia,
304 3474 338 3527 ut
365 3466 396 3529 iu
417 3467 609 3532 Harmonicis
631 3471 780 3550 probabo,
810 3471 936 3533 formam
959 3466 1163 3532 consonantiis
1186 3466 1329 3529 conciliat
1360 3468 1544 3545 geometrica

187 3552 289 3635 aliqua
319 3553 398 3617 ratio
426 3556 483 3618 toti
513 3560 623 3621 mundo
651 3560 765 3641 reliquo
790 3560 966 3633 familiaris,
1000 3556 1131 3618 maxime
1160 3555 1282 3627 animis,
1312 3574 1386 3636 qucs
1421 3556 1543 3636 quidam

187 3652 323 3705 veterum
353 3644 526 3709 harmonias
559 3648 669 3710 dixere.
722 3649 779 3711 His
812 3668 883 3729 argu
914 3646 1060 3726 exemplis
1097 3663 1151 3707 ceu
1187 3644 1329 3725 gradibus
1363 3643 1543 3724 quibusdam

187 3732 287 3794 evecti
311 3733 473 3797 audeamus
505 3737 599 3799 etiam
626 3737 664 3799 ad
692 3737 748 3799 huc
779 3738 895 3800 culmen
925 3735 1102 3809 ascendere,
1136 3742 1171 3796 ut
1202 3732 1360 3796 credamus
1387 3732 1487 3796 inesse
1510 3734 1540 3795 in

186 3820 282 3884 Terra
303 3821 365 3884 vim
388 3823 547 3886 animalem
571 3826 801 3905 vegetatricem,
830 3827 860 3888 iu
890 3825 920 3887 vi
949 3823 1070 3887 animali
1099 3842 1220 3886 sensum
1239 3823 1387 3903 quendam
1415 3840 1541 3903 geoma-

185 3909 277 3986 triae,
302 3909 390 3991 idque
415 3912 594 3988 formaliter,
618 3920 650 3976 et
672 3915 710 3977 ob
734 3915 764 3976 id
787 3916 902 3995 ipsum,
934 3915 1004 3995 quia
1025 3912 1072 3975 vis
1095 3913 1150 3975 illa
1172 3930 1210 3975 ex
1233 3930 1343 3992 genere
1368 3911 1539 3975 animalium
1611 3990 1616 3999 .

186 3996 367 4062 facultatum
391 4009 453 4064 est:
474 4021 550 4082 qnae
575 4003 712 4085 quamvis
735 4004 818 4084 uperi
841 4024 895 4067 sno
919 4020 1038 4083 semper
1060 4001 1214 4078 incumbit,
1244 4002 1340 4083 magis
1363 4009 1464 4064 tamen
1484 4020 1564 4062 ex-.

180 4088 373 4163 ‘stImulatnm
402 4091 520 4171 quando
544 4092 600 4153 hoo
623 4101 798 4174 aspectuum
821 4093 917 4156 veluti
939 4092 1050 4173 pabulo
1074 4091 1173 4171 aliquo
1197 4090 1336 4154 reficitur.
1381 4089 1540 4161 Quemad-

183 4177 303 4240 modum
326 4137 419 4258 igilur
440 4181 521 4242 auris
543 4199 598 4260 per
621 4190 796 4245 concentum
820 4183 992 4262 instigatur,
1017 4188 1051 4241 ut
1074 4180 1234 4259 diligenter
1258 4179 1424 4253 auscultet,
1449 4187 1540 4258 atque

185 4264 230 4327 ita
252 4274 339 4329 tanto
362 4269 459 4356 magis
483 4269 588 4331 audiat
612 4271 813 4352 (voluptatem
837 4289 998 4353 quaerens,
1024 4288 1100 4350 quae
1124 4268 1271 4331 sensionis
1295 4268 1440 4348 perfectio
1464 4270 1540 4341 est),

185 4352 229 4416 sic
253 4354 348 4418 Terra
375 4375 429 4436 per
458 4359 664 4460 vegetantium
693 4360 843 4423 radiorum
863 4359 1007 4433 (diximus
1036 4357 1114 4419 enim
1144 4358 1294 4419 calfacere
1322 4356 1390 4418 illos
1423 4361 1456 4417 et
1482 4353 1540 4417 hu·

186 4446 335 4520 mactare)
358 4447 574 4551 geometricum
597 4468 774 4512 concursum
799 4449 1023 4521 exstimulatur,
1050 4455 1082 4509 ut
1102 4446 1261 4526 dIIIgenter
1284 4464 1338 4507 seu
1361 4452 1448 4508 tauto
1471 4463 1539 4507 ma-
1628 4510 1634 4521 ,

181 4531 229 4611 gis
253 4535 455 4614 vegetationis
477 4538 562 4617 uperi
584 4537 710 4600 insistat
731 4556 930 4619 magnamque
953 4554 1099 4616 vaporum
1122 4535 1239 4616 copiam
1263 4518 1402 4596 exsudet.

270 4709 341 4773 Etsi
373 4730 444 4775 vero
472 4714 528 4776 has
557 4616 1111 4796 operatimeIhissigchrInIVnonnihil
1135 4712 1256 4775 variant
1278 4713 1411 4791 ipsorum
1432 4708 1541 4789 plana-

181 4805 280 4862 tarunr
311 4801 449 4865 diversae
480 4811 607 4867 naturae
637 4826 730 4887 snpra
752 4806 937 4888 explicatam
970 4810 1004 4865 ut
1027 4803 1117 4865 aliter
1139 4810 1277 4864 movetur
1304 4800 1399 4863 Terra
1421 4820 1441 4862 a
1463 4817 1540 4880 gec-

180 4890 307 4953 metria
328 4889 472 4954 mixtione
496 4891 620 4958 Saturni
644 4904 677 4959 et
701 4897 812 4960 Martis
836 4894 1072 4965 contrariorum,
1097 4892 1187 4955 aliter
1208 4888 1332 4954 aJovis
1355 4897 1387 4952 st
1410 4889 1540 4953 Veneria
