3609 5634
682 420 718 471 a·
732 421 807 472 m
825 420 987 487 mense.
1453 415 1514 484 331

113 568 316 652 longissime
351 595 379 640 a
402 581 534 644 veritate
557 580 713 658 merrom,
746 583 923 663 etquidem
952 584 1068 646 solatur
1090 587 1137 645 uie
1165 591 1221 647 tna
1245 582 1325 646 aeris
1348 580 1520 643 exhortatio

116 660 157 721 ad
183 645 402 730 eliciendum
425 670 565 732 veritatis
588 671 703 750 ignens,
729 679 761 733 ut
783 672 857 735 milri
879 673 1093 755 persuadeam,
1122 692 1181 734 non
1204 680 1236 735 te
1260 671 1333 734 mibi
1361 670 1518 732 succensi·

118 757 250 824 torsus,
281 753 315 814 si
343 757 527 822 militariter
547 778 700 839 pugnans,
725 761 897 824 militariter
921 770 953 823 et
971 769 1071 824 tecum
1094 763 1209 842 loquor.
1261 758 1419 840 Oppressa
1442 758 1519 821 enim

119 838 182 900 hac
209 839 384 907 libertate
407 849 558 928 pugnandi
582 849 616 909 dt
639 848 761 928 ingrata
783 850 917 931 scriptio.

131 1017 137 1022 1
220 929 359 1006 anes,
385 945 420 999 ut
441 945 526 998 tuam
548 939 731 999 sententiam
755 957 821 1000 curn
844 939 1099 1001 messeniorum.
1146 938 1191 1000 'lb
1215 955 1286 1016 erge
1310 936 1392 998 lurta
1415 949 1520 997 esem·

122 1016 169 1098 pii
197 1020 321 1097 gratia
348 1022 385 1085 in
408 1026 638 1088 melancholiam
661 1027 795 1102 coniers3
819 1047 936 1091 mecum
961 1045 1032 1106 ergo
1056 1027 1142 1102 iacis,
1166 1043 1290 1106 possum
1312 1025 1391 1086 enim
1414 1026 1520 1086 eadem

126 1121 233 1186 opera
260 1127 336 1188 qua
364 1121 398 1176 te
419 1115 649 1178 melancholiam
672 1116 832 1179 immunem
857 1139 876 1179 n
899 1117 1062 1180 sceleribus
1089 1125 1121 1177 et
1142 1133 1199 1194 ege
1223 1116 1338 1176 coelum
1362 1131 1518 1175 excusare.

206 1197 425 1253 Fabricius
451 1203 490 1254 ‘lin
514 1209 845 1269 temperamentorum
864 1205 1084 1256 eoniormstioueua
1101 1205 1208 1268 planetis
1231 1203 1334 1259 meus,
1361 1201 1428 1253 siout
1446 1208 1523 1253 autes

122 1267 335 1334 moncione·
357 1273 405 1326 iilis
421 1274 582 1340 umenti
620 1274 671 1330 Sed
689 1278 744 1342 qui.
772 1292 878 1343 quasso,
908 1277 1017 1328 amitti
1042 1276 1160 1340 planetas
1186 1276 1268 1328 cresin
1287 1274 1385 1325 eiicere
1411 1278 1522 1338 pessum

125 1354 189 1389 cum
212 1355 247 1394 oo
269 1351 428 1403 momento,
447 1361 495 1411 qno
513 1347 566 1412 quis
585 1348 710 1404 nascitur,
728 1351 806 1399 orasis
824 1350 878 1401 lieri
895 1364 946 1399 uon
965 1349 1069 1412 incipiat
1086 1348 1203 1409 primam,
1230 1346 1275 1396 sed
1293 1352 1345 1395 toto
1363 1346 1521 1410 impraegua-

126 1410 210 1460 tionis
235 1417 369 1477 &mpure
388 1415 554 1467 conformetur
572 1433 589 1468 a
605 1425 697 1468 natura
715 1421 816 1470 seminis
835 1428 861 1471 et
878 1421 1029 1469 nutrimento
1048 1419 1074 1467 in
1093 1425 1173 1467 utero.
1211 1417 1336 1481 Astrologi
1355 1431 1411 1465 rere
1431 1415 1525 1466 exfine

125 1483 396 1547 imiimssmfifflitr
422 1487 463 1536 ubi
482 1487 605 1551 perfectus
621 1491 675 1552 jam
692 1489 773 1540 lootus
792 1492 873 1548 luerit.
897 1491 1015 1553 iudicant
1033 1489 1064 1538 ds
1083 1491 1300 1552 temperamentis,
1327 1501 1377 1537 non
1396 1501 1427 1536 ex
1444 1487 1524 1546 initio,

126 1552 216 1603 fluite
235 1555 336 1606 sibun
352 1557 437 1610 medio
452 1564 572 1622 usmete.
610 1559 638 1610 st
654 1567 854 1624 temperamenta
878 1561 1047 1611 confamuli
1065 1567 1218 1624 potestatam
1243 1559 1343 1609 omnino
1360 1558 1469 1622 planetis
1486 1558 1523 1607 ris

129 1624 310 1681 adseribere.
341 1629 436 1680 ridebis
453 1631 522 1694 bae.
550 1645 625 1693 quam
641 1631 717 1695 pino
735 1633 856 1684 ebenum
872 1631 920 1683 beu
939 1634 980 1690 sit.
998 1633 1083 1684 lasere
1101 1647 1132 1681 eu
1149 1631 1265 1684 natalitia
1283 1637 1393 1693 tenpore
1410 1629 1524 1682 criticam

130 1696 358 1759 dispositionem.
395 1699 524 1760 Quomodo
544 1701 662 1766 planetas
681 1704 933 1754 manasenmnmsrs
951 1709 1062 1769 possum,
1082 1718 1137 1754 cum
1156 1702 1235 1754 nullos
1252 1701 1367 1752 humores
1385 1699 1473 1756 reales,
1493 1713 1525 1749 ex
1570 1759 1572 1766 Ι

131 1767 232 1831 quibus
254 1774 491 1834 temperamentum
511 1774 683 1830 constituitur.
695 1775 808 1839 desuper
825 1774 959 1825 infundant
977 1772 1087 1837 corpori?
1126 1772 1187 1824 Cum
1207 1788 1265 1838 ergo
1287 1769 1402 1821 humores
1421 1785 1438 1822 a
1455 1769 1524 1820 coelo

133 1853 191 1887 aon
212 1840 283 1898 sint,
310 1856 360 1891 nee
380 1855 463 1892 eorum
480 1844 623 1907 qualitates,
642 1845 710 1895 rides
728 1847 790 1909 ipse,
809 1846 876 1895 nullo
891 1849 948 1908 iure
965 1846 1014 1895 rim
1026 1844 1194 1895 mnsdtuendi
1205 1849 1405 1908 temperamenta
1424 1840 1525 1892 attribui

133 1923 228 1972 pune,
251 1912 310 1962 lieo
328 1913 404 1964 modo
422 1919 448 1964 st
465 1915 640 1966 nannetense
658 1923 685 1966 et
701 1922 902 1981 temperamenta
919 1924 965 1967 tus
982 1916 1126 1981 planciano
1140 1916 1279 1967 scandere-
1325 1931 1334 1944 ·

206 1984 457 2066 ·Kepierus:
490 1986 544 2049 De
577 1983 883 2067 temperamentis
906 1989 1099 2068 peculiariter
1122 1984 1342 2066 argumentaris
1365 1999 1404 2046 ex
1426 1983 1521 2054 melo,

140 2072 221 2153 quia
246 2091 332 2153 pars
354 2094 374 2136 a
395 2075 545 2138 matribus
566 2095 623 2159 per
645 2077 877 2157 imaginationes
900 2085 958 2140 est.
1006 2078 1074 2141 Non
1090 2077 1225 2157 seqnitur
1245 2073 1425 2157 parsiiiinc,
1449 2073 1522 2136 nihil

140 2181 223 2241 ergo
249 2162 338 2238 bine,
362 2163 526 2226 miscentur
550 2165 638 2240 enim,
663 2186 723 2247 qua
744 2174 833 2247 parte
856 2166 1003 2229 similiora
1025 2176 1110 2239 sunt3
1135 2166 1214 2244 quod
1239 2173 1270 2226 et
1292 2164 1330 2227 de
1349 2162 1523 2226 inclinatio·

143 2250 243 2314 nibus
272 2252 388 2316 dictum
412 2260 488 2316 esto.
535 2253 595 2316 ilia
617 2255 763 2317 coelestia
788 2256 883 2334 pallia
907 2254 1063 2335 generalia
1085 2262 1169 2327 sunt,
1195 2253 1285 2316 aliter
1308 2260 1470 2332 operantur
1493 2250 1523 2313 in

143 2339 286 2404 cholera
310 2339 429 2415 innata,
463 2341 553 2405 aliter
575 2342 605 2404 in
628 2343 845 2406 melancholico
870 2345 946 2406 iate.
992 2343 1029 2405 Id
1053 2351 1154 2404 antem
1186 2343 1297 2404 nedum
1319 2340 1524 2421 conceptionis

147 2429 301 2505 adonin
326 2430 495 2503 autsideri,
520 2437 574 2494 aut
591 2432 797 2512 imaginationi
812 2432 922 2506 tribuo
941 2450 1031 2512 quam
1045 2431 1175 2510 tempori
1190 2429 1380 2509 gestationis,
1399 2437 1525 2509 propter

149 2518 338 2582 continuam
360 2518 616 2598 imaginationem,
640 2521 776 2601 quamvis
802 2520 902 2583 anima
929 2519 1119 2582 divinissima
1141 2520 1171 2580 in
1187 2518 1301 2580 semine
1315 2518 1413 2596 patris
1429 2517 1525 2579 multa

151 2606 258 2669 mam
282 2608 321 2669 de
343 2607 577 2687 cogitationibus
600 2608 698 2688 patris
721 2616 793 2671 aute
817 2616 995 2689 conceptum
1018 2608 1137 2669 deferre
1169 2626 1272 2669 secum
1295 2606 1447 2668 credenda
1469 2606 1521 2668 sit

154 2694 238 2757 Vita
263 2695 437 2778 embryonis
460 2696 557 2758 iumm
581 2704 639 2771 est,
664 2697 727 2759 nati
752 2700 874 2761 flamma
889 2697 1075 2770 (Femelium
1091 2689 1260 2777 sequor).²)
1307 2694 1410 2776 Magis
1431 2694 1524 2774 igitur

155 2784 264 2848 insilis
294 2791 327 2846 et
359 2784 472 2846 iormae
498 2785 684 2865 receptibilis
712 2786 741 2848 in
770 2805 842 2849 suae
871 2786 999 2848 fusionis
1028 2805 1083 2848 seu
1105 2784 1351 2847 inflammationis
1386 2784 1521 2846 articulo.

156 2870 285 2936 Deinde
308 2871 419 2949 sidera,
442 2872 553 2953 inquis,
575 2874 716 2937 humores
738 2895 797 2937 non
821 2875 949 2949 habent,
973 2893 1028 2936 nec
1051 2875 1143 2952 igitur
1166 2874 1240 2936 dant
1263 2873 1373 2936 cresin.
1414 2872 1523 2935 Usits·

159 2960 320 3024 tissimarn
343 2980 441 3024 meam
464 2963 688 3042 responsionem
712 2983 749 3025 ex
772 2963 846 3026 meis
869 2963 1026 3044 principiis
1050 2965 1142 3045 (qnae
1165 2963 1192 3026 si
1215 2981 1273 3024 uon
1296 2960 1448 3034 admittis,
1473 2979 1526 3021 cur

160 3067 225 3110 non
249 3052 318 3130 ipsa
340 3050 522 3129 generaliter
553 3051 710 3124 reiutasi)
741 3052 878 3132 ignorare
907 3071 966 3114 non
993 3060 1096 3132 potes,
1128 3059 1162 3114 ut
1184 3051 1298 3113 musica
1325 3049 1471 3112 laetificat
1494 3056 1527 3109 et

159 3147 280 3213 movet,
310 3147 343 3200 nt
366 3141 534 3219 exemplum
557 3147 612 3202 aut
641 3142 824 3223 archetypus
852 3142 993 3216 aedificat
1018 3141 1136 3203 domum
1161 3142 1232 3214 isc,
1261 3139 1304 3201 sic
1328 3138 1443 3201 coelum
1471 3137 1526 3198 dat

162 3228 280 3302 cresin,
305 3227 374 3291 durn
389 3223 505 3290 anim'us
518 3229 673 3292 humorum
697 3237 730 3292 et
752 3231 875 3292 seminis
888 3230 919 3292 in
935 3231 1060 3292 formam
1076 3230 1207 3303 (Modsi)
1228 3227 1389 3292 schematis
1404 3226 1524 3289 transit.

241 3333 451 3384 Fabricius:
478 3333 519 3385 De
536 3336 626 3386 morbis
651 3342 678 3385 st
694 3337 777 3386 causis
796 3351 880 3386 eorum
901 3337 977 3386 miras
996 3337 1187 3402 imaginationes
1209 3334 1295 3385 habes.
1332 3333 1370 3382 Ex
1386 3333 1444 3382 lorti
1462 3331 1524 3382 ims-

163 3405 298 3469 ginatione
314 3404 394 3454 multa
410 3406 506 3469 prodire
523 3420 596 3469 posse
625 3421 674 3458 nou
693 3421 768 3472 nego.
804 3406 856 3460 Sed
873 3423 924 3458 nou
942 3409 1089 3473 imaginatio
1107 3408 1162 3471 ipsa
1173 3406 1237 3456 haec
1249 3405 1338 3462 infert.
1357 3403 1403 3454 sed
1421 3402 1526 3454 maccus

166 3490 199 3526 ex
220 3476 399 3540 imaginatione
417 3478 590 3540 provenientes
610 3475 644 3540 (r.
666 3493 687 3529 c.
707 3480 732 3528 iu
752 3479 867 3546 grauidis,
887 3481 913 3528 iu
931 3487 1002 3544 peste
1015 3474 1088 3539 doc.),
1107 3478 1179 3542 idque
1191 3483 1291 3527 tantum
1309 3476 1335 3524 in
1353 3475 1459 3530 ieminis.
1478 3487 1525 3524 ua-

166 3548 231 3596 turis
250 3546 382 3604 debilibus,
415 3547 470 3596 viris
491 3539 638 3599 effeminatis
662 3551 805 3617 contingere
823 3544 913 3616 potest
951 3553 986 3599 At
1003 3550 1054 3599 tale
1073 3549 1131 3613 quid
1148 3550 1174 3597 iu
1192 3547 1282 3596 morbis
1300 3559 1330 3595 ex
1348 3545 1527 3610 imaginatione

167 3618 264 3667 ruboris
283 3626 328 3668 snt
345 3617 443 3681 pelleris
461 3617 487 3679 d
507 3623 533 3669 et
551 3619 566 3674 i
585 3625 707 3679 statuere,
727 3622 817 3671 rationi
835 3626 960 3686 repugnat
973 3618 1162 3683 (Kepleruss
1180 3613 1336 3677 ubiratiol).
1375 3613 1440 3676 Quid
1452 3616 1527 3665 rusti·

169 3701 215 3739 eus
234 3695 279 3742 sat
297 3689 354 3749 eiii,
380 3690 421 3753 qui
440 3688 466 3750 0'
484 3691 596 3741 ruborem
613 3687 741 3756 uunquam
762 3692 959 3748 conndsrsrunt,
978 3691 1010 3740 de
1027 3696 1119 3740 natura
1137 3688 1162 3749 d
1182 3686 1311 3754 saginati
1339 3685 1526 3751 (Kepierusz

168 3771 232 3810 saue
249 3776 299 3810 nou
318 3768 357 3810 est
373 3761 520 3825 imaginatio
538 3777 583 3826 per
601 3759 747 3824 manum)
767 3770 812 3813 sat
838 3776 914 3828 quam
941 3762 972 3812 de
991 3764 1044 3824 eius
1062 3761 1181 3825 incogniu’
1208 3758 1289 3809 colore
1319 3758 1525 3823 imegmetionem

170 3832 300 3896 mnoipers
318 3831 442 3895 possunt?
479 3830 506 3883 Si
524 3833 591 3883 dices
610 3830 811 3897 (Keplornsr
830 3849 880 3884 aon
897 3833 946 3883 hoc
965 3829 1033 3894 dico)
1054 3830 1079 3893 d
1102 3835 1174 3893 iuxta
1192 3831 1267 3880 situm
1285 3844 1357 3879 suum
1375 3835 1443 3879 certo
1462 3836 1525 3878 tem

170 3916 229 3967 pore
246 3917 290 3966 per
308 3903 430 3952 occultam
449 3917 520 3954 suam
545 3904 668 3954 actionem
691 3905 717 3952 iu
737 3904 825 3954 animis
850 3905 960 3955 excitare
977 3904 1181 3968 imaginationem
1209 3901 1291 3958 illam,
1320 3899 1379 3965 quid
1407 3899 1475 3950 aliud
1502 3899 1527 3949 id

172 3975 227 4032 erit,
246 3988 320 4038 qnam
337 3974 477 4023 maleficam
495 3974 600 4025 nocendi
618 3975 667 4023 rim
685 3981 770 4037 aperte
789 3975 822 4024 illi
841 3973 1003 4025 adscribere?

243 4045 297 4110 Ego
316 4051 400 4094 matun
419 4045 606 4109 (Kepieruu
630 4043 667 4095 Ut
684 4051 711 4095 st
729 4060 789 4111 ego,
813 4045 859 4095 sed
875 4052 962 4096 tamen
981 4045 1060 4097 aliter.
1098 4043 1205 4107 Obiecta
1223 4049 1283 4093 suat
1300 4043 1414 4107 exempla
1432 4055 1526 4098 seram

172 4129 236 4180 quse
254 4116 317 4166 ficit
334 4117 419 4174 anima
435 4117 466 4166 iis
482 4113 588 4176 mota),
607 4117 723 4180 planetas
740 4132 791 4168 non
809 4130 899 4169 causes
918 4123 1024 4182 agentes
1041 4117 1179 4167 morborum
1197 4114 1259 4177 on,
1278 4116 1411 4166 sedunens
1429 4120 1527 4164 numm

171 4189 244 4253 signs
262 4187 359 4238 illorum
376 4201 445 4244 esse,
473 4202 521 4238 uec
540 4190 665 4238 senonem
682 4188 750 4238 iilam
770 4204 801 4239 ex
817 4188 894 4238 stellis
914 4191 1056 4253 provenire,
1083 4187 1128 4237 sed
1147 4187 1179 4237 ab
1197 4188 1250 4251 ipso
1268 4186 1337 4242 Deo.
1362 4200 1411 4236 non
1430 4185 1528 4250 quidem

171 4258 327 4313 immediate,
355 4257 399 4307 sed
417 4257 542 4316 mediato,
571 4260 609 4310 its
627 4260 699 4308 utin
717 4260 807 4309 morbis
834 4258 980 4309 inducendis
1002 4264 1088 4308 utatur
1105 4257 1192 4308 mediis
1210 4273 1259 4307 uon
1277 4257 1360 4322 procui
1379 4257 1465 4321 positis
1484 4259 1529 4305 sut

173 4329 272 4379 aliunde
291 4329 426 4385 accersitis,
446 4328 489 4379 sed
507 4331 614 4381 materis
632 4331 707 4380 noxia
724 4330 853 4379 humorum
871 4331 1031 4387 internomm,
1054 4329 1092 4378 rol
1112 4330 1143 4379 ab
1162 4333 1232 4378 extra
1249 4327 1410 4392 periculorum
1429 4325 1527 4375 allatio·

172 4400 288 4457 tionibus,
305 4400 393 4464 quibus
405 4415 433 4449 se
445 4400 557 4450 diabolus
569 4414 645 4465 saepe
657 4402 753 4458 urbem,
773 4416 820 4465 quo
832 4402 868 4451 sic
881 4414 897 4449 a
910 4401 979 4451 soelo
990 4401 1172 4465 praedgruetas
1188 4412 1282 4463 poenes
1294 4397 1342 4447 Dd
1357 4398 1477 4461 perusino
1489 4398 1526 4447 iu·

172 4470 292 4524 edamus
330 4469 414 4531 Quare
431 4472 456 4521 in
475 4472 588 4524 omuibus
605 4472 645 4522 his
662 4473 801 4522 sedenibus
820 4478 847 4524 et
862 4472 1084 4538 significatioulbus
1102 4469 1166 4521 uelle
1181 4470 1296 4534 physicas
1309 4475 1354 4519 eut
1366 4466 1529 4533 mulces

173 4556 266 4592 causas
282 4542 360 4591 solnm
379 4544 502 4607 inquirere
520 4545 547 4593 ‘et
560 4543 726 4601 counderare,
746 4544 819 4593 nimis
830 4542 968 4608 physicum,
988 4556 1098 4592 crassum
1117 4547 1142 4590 ot
1159 4541 1259 4591 carnale
1281 4545 1327 4590 est
1347 4537 1528 4602 (Keplsrusz

172 4611 275 4666 Possum
293 4619 319 4666 et
336 4614 440 4744 inpios
456 4613 611 4680 philosophia
629 4613 775 4680 theologum
794 4628 880 4682 agere.
918 4613 979 4663 Cum
993 4612 1062 4663 Deus
1075 4612 1197 4669 irascitur,
1219 4611 1339 4675 permittit
1356 4617 1529 4675 praeposteras

172 4683 370 4749 imaginationes.
536 4681 540 4686 ’

242 4772 401 4837 Keplerus
419 4774 446 4824 in
463 4773 540 4823 literis
558 4771 609 4824 suis
623 4773 721 4839 pergit:

262 4843 396 4908 Tandem
419 4845 496 4907 hanc
519 4844 733 4926 principiemm
756 4842 905 4908 rationem
934 4841 1107 4924 generalem
1135 4842 1164 4906 in
1187 4841 1342 4921 exemplo·
1355 4841 1393 4903 de
1416 4840 1529 4904 morbis

173 4933 341 5018 impugnas.
387 4933 479 4998 Dixin
505 4934 666 4998 animalem
689 4935 789 5000 ibetus
814 4933 991 4999 nemean
1014 4933 1168 4996 incensam
1188 4939 1291 4995 mente
1313 4930 1438 5006 omnes,
1462 4947 1528 4993 cusa
