3609 5634
742 374 824 427 uota
842 375 958 427 uuna.
1463 375 1523 441 231

159 539 264 594 oculos
286 543 386 610 aperte
406 537 579 610 perspicere,
611 537 639 592 iu
658 537 753 592 multis
780 538 931 602 caecutire,
963 537 990 593 in
1010 529 1149 609 plerisque
1171 538 1282 609 penitus
1307 555 1406 593 caecos
1427 554 1489 593 esse
1499 537 1530 594 t⁴⁴

158 623 207 675 At
228 620 293 674 illos
316 624 360 674 tot
379 619 533 673 seculorum
554 618 730 689 experientia
750 624 852 681 tuetur,
875 635 947 690 quae
967 618 1044 673 nullo
1065 634 1157 681 sensu,
1179 620 1256 673 nullo
1270 620 1451 674 instrumento
1471 636 1528 674 ma·

160 700 335 764 thematico,
366 700 446 753 nulla
465 698 580 752 rationis
602 699 763 752 deductione
784 715 904 770 unquam
926 698 1048 753 convinci
1068 704 1180 768 potest?
1220 699 1370 754 Praeclare
1391 715 1473 764 sane,
1499 709 1530 754 ut

161 782 249 834 nobis
269 787 377 835 noctem
393 779 571 849 persuadeas,
593 795 653 832 cum
668 794 769 832 aurora
783 779 918 842 illuxerit,
940 779 1077 832 fenestras
1094 778 1198 832 claudis
1219 796 1271 833 nec
1293 796 1412 850 unquam
1427 780 1529 850 aperiri

162 861 245 915 sinis.
268 863 327 934 ‚At
347 877 401 913 non
421 860 511 922 rides,
542 860 638 912 eadem
658 858 809 929 negatione
830 866 859 912 te
879 859 1035 913 universam
1059 858 1253 913 astronomiam
1274 864 1418 913 evertere?
1460 860 1530 922 Quid

163 942 259 1013 igitur
278 941 377 994 laudas
399 938 569 1009 Tycbouem‚
601 938 663 1008 quid
691 940 829 1007 praeclari
851 940 887 992 ab
909 939 968 1009 ipso
999 938 1026 993 in
1048 939 1216 992 astronomia
1236 956 1350 1009 sperare
1378 947 1475 1009 potes,
1506 940 1531 993 si

167 1029 219 1082 „te
240 1037 295 1075 non
315 1021 388 1074 latet
408 1019 504 1073 talium
526 1018 662 1072 rationum
683 1018 884 1073 incertitudot“
929 1019 984 1074 Cur
998 1019 1158 1073 Ptolemaeo
1178 1021 1211 1072 de
1226 1018 1412 1082 coucentricis,
1434 1037 1530 1073 eccen-

164 1101 256 1163 tricis,
277 1099 410 1171 epicyclis
430 1098 531 1161 credis,
558 1098 581 1151 si
602 1099 672 1153 baec
696 1098 900 1160 „instrumentis
922 1099 1011 1162 cerni,
1033 1106 1082 1152 aut
1104 1099 1163 1152 ullo
1183 1116 1267 1153 sensu
1288 1101 1332 1152 rel
1353 1098 1462 1153 ratione
1483 1101 1529 1153 de·

166 1178 323 1252 prehendi“
347 1184 509 1249 nequeunt?
551 1178 621 1239 Quid
642 1178 749 1232 habent
770 1179 844 1233 aliud
867 1180 1033 1242 astronomi,
1055 1195 1108 1248 quo
1130 1179 1157 1232 in
1178 1178 1363 1250 cognitionem
1384 1179 1529 1234 distantia·
1581 1207 1582 1214 .

163 1277 227 1315 rum
242 1259 357 1314 veniunt
371 1258 573 1328 altissimasque
588 1257 680 1312 coelos
694 1265 854 1328 perrepunt,
883 1260 934 1313 uisi
950 1259 1133 1313 iustrumenta
1147 1263 1217 1313 sua?
1255 1259 1359 1321 Quibus
1376 1259 1400 1312 si
1413 1267 1531 1329 possunt

168 1342 200 1395 iu
220 1341 366 1394 stellarum
387 1338 571 1410 cognitionem
592 1346 681 1392 motus
703 1345 732 1392 et
753 1338 805 1393 loci
826 1340 935 1402 venire,
966 1344 1083 1409 possunt
1104 1346 1134 1392 et
1154 1338 1181 1393 in
1203 1346 1379 1393 cometarum.
1421 1339 1529 1394 Necte

165 1421 214 1475 hic
235 1419 330 1474 audiet
350 1419 500 1490 quisquam,
514 1421 593 1489 ,qnod
615 1418 666 1472 illa
686 1435 803 1487 corpora
823 1420 982 1474 constantia
995 1420 1059 1482 nint,
1080 1426 1170 1473 motus
1185 1419 1302 1489 perfecti
1323 1426 1353 1472 et
1372 1419 1528 1490 regulares,

167 1507 294 1555 cometae
315 1506 484 1553 evanescant
503 1505 534 1552 ct
553 1505 693 1569 vagentur
714 1498 820 1553 incerti.
861 1501 933 1555 Nam
955 1517 1008 1571 quo
1029 1516 1112 1553 sensu
1143 1507 1235 1554 certas
1255 1501 1378 1553 motuum
1398 1500 1478 1570 leges
1500 1498 1529 1554 in

168 1581 260 1635 stellis
281 1578 449 1649 deprehendi
470 1595 552 1648 posse
573 1577 669 1642 credis,
690 1580 785 1632 eodem
800 1580 894 1650 Tycho
915 1582 1026 1634 easdem
1043 1578 1070 1632 in
1086 1578 1198 1633 cometis
1213 1579 1380 1648 deprehendi
1396 1579 1527 1634 affirmat.

166 1661 230 1715 Ait
248 1660 381 1731 Tycho,
403 1657 508 1729 peritus
530 1659 642 1720 artifex,
664 1658 709 1729 qui
730 1658 885 1728 hujusmodi
900 1659 1064 1714 observandi
1078 1659 1288 1730 calculandique
1309 1660 1421 1713 labores
1442 1658 1528 1713 totius

166 1741 259 1795 mundi
280 1738 360 1793 ranis
380 1738 490 1809 gaudiis
512 1738 671 1808 anteponit:
693 1746 802 1810 negat
822 1740 986 1804 medicus,
1008 1739 1051 1793 cui
1073 1738 1100 1792 in
1117 1739 1285 1794 astronomia
1298 1739 1403 1793 versari
1417 1737 1525 1793 minime

165 1829 264 1883 vacat,
296 1820 341 1890 qui
374 1835 431 1872 rem
460 1818 624 1872 levissimam
654 1835 704 1871 nec
727 1819 819 1873 verbis
840 1820 953 1891 dignam
982 1839 1020 1874 ex
1041 1819 1093 1873 hac
1124 1819 1287 1873 observandi
1313 1818 1422 1873 ratione
1452 1818 1529 1873 facit.

166 1899 229 1957 Utri
251 1900 343 1970 potius
367 1900 530 1953 credendum
551 1899 623 1952 criti
665 1902 707 1952 An
730 1897 795 1969 quia
812 1899 1058 1962 Maestlinum‚
1081 1899 1146 1970 quia
1165 1899 1333 1954 (lammam
1354 1898 1479 1953 inscitiae
1501 1906 1532 1951 et

166 1980 298 2037 ruditatis
320 1981 347 2035 in
369 1979 541 2033 obseruando
562 1978 666 2049 arguis,
688 1979 742 2032 hac
763 1980 907 2048 praetoria
927 1980 1053 2034 oratione
1075 1986 1103 2032 te
1124 1979 1196 2033 inter
1210 1980 1316 2048 peritos
1330 1979 1450 2033 artifices
1465 1995 1529 2032 oon·

167 2060 283 2116 stitutio?
323 2059 436 2114 Scilicet
456 2059 482 2112 id
503 2058 622 2129 populns
637 2064 723 2121 curat,
745 2065 849 2113 temere
864 2060 928 2131 quid
952 2060 1071 2114 affirmes
1093 2075 1129 2113 au
1147 2061 1325 2113 demonstres.
1367 2060 1529 2113 Hauseruut

166 2149 262 2196 tamen
282 2140 324 2194 illi
346 2138 476 2193 decennio
497 2146 562 2208 post
582 2153 646 2191 suos
667 2138 777 2192 labores
797 2139 955 2210 publicatos
976 2157 1014 2193 ex
1035 2146 1064 2193 te
1083 2145 1266 2209 praeceptore
1292 2139 1426 2193 rationem
1446 2152 1528 2207 cepa·

165 2222 248 2276 randi
276 2225 366 2274 motus
388 2224 512 2272 cometae
541 2217 644 2288 proprii
672 2233 690 2270 a
711 2219 824 2289 negotio
854 2219 1055 2289 parallaxeost
1096 2218 1119 2272 Ο
1142 2217 1268 2280 miseros,
1300 2218 1346 2287 qni
1367 2234 1421 2270 non
1451 2217 1527 2286 prius

167 2309 247 2356 tuam
268 2299 471 2369 Capnuraaiam
484 2297 611 2352 viderint.
654 2298 797 2359 Quodnisi
813 2304 869 2353 tam
883 2299 1052 2353 confidenter
1066 2304 1095 2351 te
1109 2304 1267 2366 pertaesum
1289 2306 1364 2351 esset
1388 2300 1527 2372 πολυῤῥη-

165 2401 265 2452 τοριας
285 2378 495 2451 Tychonianae,
518 2394 571 2431 non
587 2375 648 2445 jam
669 2394 719 2431 nos
741 2377 852 2447 pigeret
865 2379 948 2448 hujus
964 2378 1087 2432 crambes
1103 2376 1146 2430 bis
1161 2393 1179 2430 a
1202 2383 1231 2429 te
1254 2383 1366 2446 coctae;
1388 2379 1423 2432 ad
1444 2393 1527 2448 quam

168 2462 211 2516 ita
231 2460 380 2531 diligenter
399 2465 429 2513 et
450 2456 535 2512 solide
557 2456 695 2525 Tychonis
716 2458 850 2529 apologia
868 2458 1018 2528 respondit,
1040 2465 1072 2511 ut
1092 2463 1123 2510 tu
1143 2457 1257 2509 verbum
1278 2457 1322 2509 hic
1344 2474 1396 2510 non
1413 2456 1525 2521 dixeris,

168 2542 240 2612 quod
262 2539 343 2594 isthic
363 2539 497 2593 intactum
510 2536 692 2606 relinquatur.
733 2536 856 2592 Vidisses
870 2538 917 2601 ibi,
940 2555 993 2592 non
1017 2537 1078 2591 ideo
1099 2535 1166 2607 quia
1179 2535 1273 2605 Tycho
1287 2537 1323 2589 ab
1338 2536 1525 2590 instrumentis

167 2620 327 2675 instructior
357 2625 387 2672 et
407 2618 435 2672 in
457 2617 534 2671 coelo
565 2615 733 2685 inspiciendo
763 2617 866 2671 multas
887 2619 923 2672 ob
944 2616 1164 2678 commoditates,
1196 2615 1295 2685 quibus
1317 2615 1399 2669 alteri
1420 2623 1526 2680 carent,

167 2700 335 2772 diligentior,
352 2697 418 2767 jure
439 2698 555 2768 quodam
576 2713 626 2750 suo
647 2695 675 2749 in
696 2697 847 2751 alterorum
861 2697 1068 2752 observationes
1083 2695 1279 2750 animadvertit
1292 2711 1395 2765 easque
1410 2695 1524 2750 limitat:

168 2798 224 2835 non
243 2781 354 2850 inquam
374 2778 435 2832 ideo
456 2777 502 2830 rel
522 2778 555 2830 de
577 2782 638 2829 tota
658 2791 745 2830 causa
764 2782 856 2831 actum
875 2794 947 2841 esse,
970 2776 1016 2830 rel
1031 2775 1145 2829 cuilibet
1158 2775 1269 2829 easdem
1283 2774 1417 2845 sugillare
1431 2775 1525 2838 licere,

169 2860 249 2931 quasi
269 2866 329 2913 toto
349 2859 427 2911 coelo
448 2859 587 2911 aberrent.
630 2855 707 2917 Quae
728 2855 798 2909 enim
826 2856 898 2911 inter
922 2858 1032 2911 illorum
1053 2869 1082 2910 et
1102 2854 1239 2926 Tycbonis
1268 2857 1419 2908 observata
1438 2855 1524 2909 minu·

167 2941 230 2994 tnla
249 2939 405 2993 differentia
425 2935 584 2998 intercedit,
616 2934 677 3004 ejus
699 2936 812 3005 culpam
834 2936 894 3006 quis
921 2953 1024 3007 quaeso
1045 2936 1090 2989 rel
1112 2934 1139 2988 in
1160 2935 1233 2989 buno
1253 2934 1298 2986 vel
1329 2935 1356 2987 iu
1377 2934 1439 2988 illos
1461 2952 1524 2987 con·

168 3021 241 3074 terre
261 3020 370 3081 audeat,
393 3017 438 3088 qui
460 3034 514 3071 non
534 3033 571 3069 ex
592 3015 662 3069 libro
677 3015 813 3085 Tychonis
835 3016 926 3071 obiter
940 3017 1063 3086 perlecto
1077 3014 1219 3069 balbutire
1237 3013 1313 3085 prius
1328 3015 1361 3066 de
1376 3013 1419 3068 bis
1434 3021 1523 3068 astro·

168 3100 275 3154 nomiae
305 3096 443 3169 mysteriis
473 3096 582 3150 didicit?
630 3093 753 3149 Vidisses
784 3096 882 3160 etiam,
919 3097 943 3150 si
972 3095 1023 3150 tibi
1046 3094 1225 3165 Tychoniano
1255 3092 1344 3148 labori
1373 3094 1526 3163 placuisset

169 3179 315 3252 invigilare
345 3178 477 3248 legendo,
508 3192 591 3246 quam
619 3174 686 3228 nibil
717 3174 790 3229 obsit
809 3176 1005 3246 Tyohonianae
1037 3173 1286 3247 argumentationi,
1318 3175 1390 3243 quod
1410 3175 1524 3227 eundem

168 3260 292 3314 laborem
312 3256 477 3312 Maestlinus
502 3254 623 3310 tentavit
643 3255 670 3308 iu
699 3256 785 3325 paulo
806 3255 865 3310 alia
891 3257 1057 3327 hypothesi:
1088 3255 1183 3325 itaque
1212 3253 1295 3323 hujus
1326 3252 1429 3322 injectu
1450 3269 1524 3308 scru-

169 3340 228 3410 puli
248 3341 282 3393 ad
303 3337 470 3408 suspiciones
491 3335 667 3390 concitandas
688 3335 716 3389 in
736 3336 790 3389 hac
809 3336 976 3405 repetitione
996 3343 1047 3391 tua
1067 3334 1278 3406 supersedisses.

239 3468 285 3519 His
303 3467 426 3531 abrumpit
442 3478 580 3515 sermonem
597 3435 733 3530 Keplernr.
752 3480 832 3531 neque
848 3466 951 3516 ulterius
969 3466 1003 3517 ad
1020 3465 1086 3516 banc
1103 3464 1173 3514 dmm
1190 3464 1271 3522 rediit,
1289 3463 1394 3513 libenter
1411 3475 1463 3511 rem
1481 3462 1519 3511 in·

167 3547 268 3606 gratam
285 3554 302 3590 a
319 3537 436 3603 Tychoae
453 3537 559 3601 petitam
575 3536 617 3586 illo
634 3543 729 3587 mortuo
748 3537 876 3600 abjiciam.

241 3695 270 3760 t)
290 3713 314 3762 p.
335 3693 395 3745 2³2.
434 3694 505 3755 Quae
515 3694 638 3759 Keplerus
658 3694 767 3752 ,aruea‘¹
789 3702 877 3745 contra
887 3694 978 3745 Ursum
990 3694 1143 3758 conscripsit,
1162 3692 1298 3758 dloquisitio
1311 3693 1374 3742 torte
1387 3697 1433 3749 est,
1452 3706 1526 3758 quam

92 3829 98 3834 Ι
170 3771 228 3820 dnm
245 3771 271 3817 in
289 3768 438 3818 bibliotheca
450 3766 633 3816 Viennensi
652 3767 822 3830 manuscripta
830 3766 932 3829 Kepleri
945 3765 1134 3830 quaerebamus,
1154 3766 1295 3828 accepimus
1308 3765 1378 3828 quasi
1395 3762 1526 3827 aKepleri

169 3855 245 3890 manu
263 3841 388 3904 scriptam.
426 3838 499 3887 Hanc
517 3837 617 3901 quidem
634 3852 683 3886 nou
703 3837 767 3887 illim
784 3851 861 3887 manu
879 3839 998 3901 scriptam
1012 3837 1186 3900 judicavimus,
1207 3843 1236 3885 at
1254 3835 1404 3897 descriptam
1423 3848 1478 3884 esre
1497 3834 1529 3882 ab

170 3910 323 3976 autographo
341 3910 444 3974 Kepleri
461 3908 496 3958 nil
517 3907 584 3958 doto
602 3908 694 3959 obstat

240 4053 388 4117 inscriptum
406 4057 446 4100 est
463 4050 548 4100 iollam
565 4050 695 4100 confluens
713 4049 779 4100 banc
798 4049 1007 4115 disquisitionem:

249 4161 286 4215 Μ.
308 4161 356 4214 Jo.
378 4158 526 4228 Kepleri
555 4159 630 4213 Ord.
656 4159 751 4212 Pror.
774 4155 926 4230 Styriae
946 4157 1185 4213 Mathematici
1211 4122 1383 4225 judicium
1414 4155 1452 4208 de
1473 4153 1529 4224 hy·

169 4240 381 4312 pothesibus
412 4235 662 4308 Tycbonianis,
694 4254 777 4309 quas
807 4238 949 4308 quidam
977 4238 1149 4293 Nicolaus
1179 4237 1286 4291 Ursus
1307 4235 1529 4289 Dithmarsus

82 4325 87 4334 '
170 4320 240 4375 sibi
262 4336 433 4390 arrogare
453 4317 668 4388 praesumit.
699 4324 750 4371 aut
770 4317 793 4371 si
814 4317 841 4372 id
862 4321 935 4388 apud
957 4317 1125 4372 cordatiores
1147 4318 1272 4371 obtinere
1293 4332 1346 4368 nou
1368 4319 1476 4384 posset,
1498 4320 1531 4366 ut

171 4402 270 4454 saltem
291 4399 428 4471 Tpobonis
450 4398 589 4452 inventum
610 4414 664 4450 non
685 4414 755 4458 esse,
776 4400 825 4452 sed
845 4416 883 4452 ex
903 4398 1044 4452 Martiano
1059 4398 1185 4467 Capella,
1208 4395 1357 4465 Cupernico
1379 4399 1430 4447 aut
1444 4393 1529 4462 Apol·

170 4479 244 4534 lonio
264 4480 391 4551 Pergaeo
413 4480 564 4531 desumtum
585 4476 665 4529 fldem
686 4477 801 4533 iaceret.
846 4479 924 4539 Quae
946 4477 1037 4531 omnia
1057 4476 1168 4530 adicio
1189 4476 1313 4544 Keplero
1335 4471 1530 4527 mathematico

170 4558 271 4614 eximio
293 4566 323 4612 et
344 4558 371 4612 iu
391 4558 551 4611 Ptolemaeo
573 4562 659 4626 atque
680 4556 830 4625 Cuperuico
852 4559 923 4610 bene
944 4568 1056 4611 versato
1078 4556 1215 4610 succincte
1236 4563 1265 4609 et
1284 4554 1370 4608 solide
1391 4553 1436 4607 hic
1456 4553 1529 4607 refu·

171 4646 274 4694 tantur.
318 4639 547 4701 Quemadmodum
567 4636 666 4700 etiam,
699 4642 848 4705 autequam
878 4638 901 4690 is
923 4637 1079 4707 Tyobonem
1110 4637 1142 4689 de
1165 4636 1236 4688 iacie
1257 4641 1366 4695 nosset,
1398 4634 1432 4687 ad
1462 4633 1527 4686 nob.

171 4727 200 4796 et
219 4725 324 4791 praest.
347 4718 433 4772 virum
453 4719 488 4772 D.
509 4718 553 4771 Jo.
576 4717 608 4770 G.
631 4717 807 4770 Herwartum
828 4717 864 4770 ab
884 4716 1073 4785 Hohenburg,
1101 4722 1225 4770 statuum
1245 4712 1453 4784 provincialium
1474 4714 1529 4767 Ba·

170 4800 265 4854 variae
287 4797 496 4861 cancellarium,
527 4797 600 4850 hanc
621 4796 811 4866 quaestionem
832 4803 1000 4858 moventem,
1022 4795 1232 4864 perscripserat,
1265 4809 1336 4865 quae
1357 4793 1458 4847 literae
1479 4809 1529 4845 suo

173 4886 298 4952 tempore
320 4877 418 4932 haberi
440 4884 471 4932 et
490 4877 518 4931 in
537 4876 666 4931 veritatis
688 4876 837 4934 subsidium
857 4876 971 4939 proferri
992 4881 1117 4949 possunt.
