3609 5634
745 301 967 371 amiralinum
1430 349 1432 354 ‹
1460 321 1522 389 261
1586 279 1593 289 ι

115 475 264 568 manum·
277 466 480 552 nallatenus
504 473 683 551 admovisse,
709 478 792 540 solas
815 496 887 540 vero
902 477 1132 545 observationes
1148 480 1305 561 reliquisse
1324 484 1523 565 conscriptas.

115 549 226 654 limus
246 553 368 656 ¹rgitur
398 563 535 625 tentavit
557 564 751 645 Hipparchus
784 567 814 628 iu
845 570 1031 632 astronomia
1059 570 1340 652 augustioribusque
1364 561 1525 652 pomoeriis

77 716 81 722 .
115 645 351 719 cogitationes
375 656 416 712 et
439 670 527 714 curas
550 672 622 717 suas
646 655 782 731 inclusit,
807 676 896 738 quam
919 659 969 720 vel
992 660 1136 722 Eudoxus
1159 661 1208 722 vel
1232 659 1389 740 Oaiippus.
1436 660 1524 732 Quae

114 737 180 832 m.
194 745 281 811 ergo
307 734 378 824 illa
407 746 470 802 tam
493 741 649 820 splendide
673 755 834 809 asservata
856 746 1024 812 immutatio
1047 749 1273 830 hypothesium,
1308 768 1396 830 quam
1416 749 1525 832 Calip-

116 833 200 897 prcrs
226 821 453 904 Hipparchus
477 829 602 894 intulit?

218 908 399 979 Venimus
430 937 525 999 usque
553 921 591 982 ad
619 927 757 1002 tempora
783 921 966 1002 Hipparchi,
1000 924 1050 1005 qui
1077 923 1227 1006 posterior
1255 925 1424 988 Aristotele
1455 926 1521 1003 fuit,
1554 951 1556 956 ·

117 1015 181 1077 quo
207 1006 376 1082 tempore
393 1007 491 1071 Ursus
515 1009 559 1072 ait
583 1010 770 1073 introductas
793 1011 986 1094 physicorum
1009 1014 1203 1096 hypotheses,
1226 1013 1257 1076 h.
1274 1034 1299 1077 e.
1325 1032 1392 1075 cum
1407 1015 1520 1094 sphae-

118 1106 231 1151 rarum
258 1092 430 1170 ordinem,
454 1098 503 1180 qui
526 1099 686 1162 hodiedum
709 1101 798 1181 vulgo
822 1100 963 1163 creditur.
1011 1104 1046 1166 ld
1069 1103 1172 1167 autem
1194 1109 1292 1166 totum
1314 1121 1429 1165 merum
1452 1123 1520 1167 esse

117 1179 287 1243 somnium
322 1203 427 1265 supra
448 1188 588 1267 probavi,
621 1208 688 1251 oum
711 1189 855 1263 dicerem,
883 1190 1077 1272 Pythagorae
1108 1191 1165 1273 ipsi
1198 1192 1242 1254 sic
1271 1211 1340 1255 esse
1360 1192 1459 1256 visum
1481 1194 1520 1255 de

120 1265 354 1348 sphaerarum
376 1275 490 1351 ordine,
513 1277 560 1339 uti
581 1286 690 1358 postea
711 1277 899 1342 Ptolemaeo.

219 1358 273 1421 Et
305 1364 389 1442 quid
415 1366 543 1428 multis?
574 1364 846 1448 Quomodocuuque
874 1369 1011 1430 locentur
1032 1367 1108 1431 baec
1131 1366 1152 1432 3
1175 1387 1303 1447 corpora
1320 1367 1417 1443 Solis,
1452 1369 1522 1431 Ve-

122 1445 211 1509 neris
239 1455 279 1510 et
300 1451 456 1516 Mercurii
480 1454 560 1518 iuter
576 1457 708 1518 Martem
731 1464 763 1518 ct
780 1456 908 1528 Lunam,
932 1475 1052 1538 semper
1070 1457 1114 1532 (in
1138 1458 1258 1521 usitatis
1282 1457 1400 1538 quidem
1421 1458 1521 1541 hypo-

125 1536 300 1613 thesibus)
338 1561 392 1605 res
422 1543 527 1606 eodem
554 1545 634 1608 redit
664 1545 694 1606 iu
714 1551 912 1611 astronomia.
958 1546 1039 1609 Nam
1066 1547 1124 1609 hac
1146 1546 1198 1609 'via
1221 1547 1340 1627 quidem
1362 1544 1518 1626 ingressos

126 1624 388 1693 observationes
403 1632 581 1717 destituunt.
629 1632 720 1696 Solae
739 1635 933 1717 physicamm
946 1635 1097 1698 rationum
1117 1635 1393 1699 verisimilitudines
1408 1644 1518 1698 aucto-

127 1731 193 1791 res,
220 1723 262 1779 ut
289 1719 426 1801 quisque
449 1721 527 1785 hauc
549 1724 598 1785 vel
617 1723 699 1786 illam
723 1723 914 1803 potissimum
938 1724 1082 1805 sequitur,
1106 1724 1136 1786 in
1158 1725 1312 1787 contraria
1333 1723 1465 1804 rapiunt,
1488 1725 1519 1786 iu

129 1805 253 1868 ceteris
281 1809 528 1874 consentientes.
576 1810 643 1882 Quo
667 1820 768 1892 pacto,
791 1813 857 1874 sive
881 1822 953 1876 aute
981 1814 1046 1875 sive
1069 1822 1140 1893 post
1154 1815 1312 1876 Eudoxum
1332 1814 1519 1893 disputatum

133 1893 178 1956 sit
207 1895 251 1957 de
283 1899 436 1960 moderno
467 1901 661 1980 sphaeramm
690 1900 794 1964 ordine
816 1902 949 1984 vulgari,
980 1921 1039 1964 uon
1068 1904 1235 1968 censendae
1259 1912 1331 1965 sunt
1359 1902 1464 1965 horum
1488 1911 1521 1964 et

133 1982 291 2047 Eudoxi·
306 1987 448 2049 diversae
475 1990 659 2076 hypotheses
687 1991 919 2056 astronomicae.
972 1988 1047 2055 (lum
1080 1993 1158 2054 euim
1194 1993 1263 2054 iude
1297 2011 1316 2052 a
1342 1991 1521 2073 Pythagora

133 2071 305 2155 hucusque
327 2077 437 2157 vulgus
452 2087 690 2142 astronomomm
705 2080 735 2142 iu
750 2080 849 2160 capite
873 2079 1088 2156 consenserint,
1114 2080 1263 2143 dubitatio
1287 2080 1361 2142 haec
1377 2081 1415 2141 de
1430 2081 1520 2142 trium

136 2161 252 2225 horum
290 2183 453 2246 corporum
481 2167 584 2244 ordine
613 2185 733 2249 semper
760 2171 886 2246 mansit,
921 2167 1070 2231 necdum
1102 2189 1121 2231 a
1147 2169 1281 2252 physicis
1311 2176 1360 2232 est
1386 2169 1517 2231 sublata.

136 2249 376 2317 Heraclitus
394 2252 498 2318 Solem
522 2256 594 2318 fecit
615 2257 821 2337 penintimum,
847 2258 952 2321 eodem
975 2275 1042 2319 cum
1055 2255 1224 2320 Aristotele
1239 2277 1312 2319 usus
1331 2265 1519 2336 argumento,

139 2341 226 2418 quod
259 2350 371 2405 cetera
403 2352 489 2407 astra
516 2345 613 2408 miuus
642 2347 834 2430 calefaciant.
875 2348 966 2410 Plato
989 2346 1252 2428 Pythagorieam,·
1267 2344 1456 2408 Socraticam
1487 2352 1520 2406 et

140 2427 374 2494 Heracliticam
397 2433 619 2514 philosophiam
642 2435 786 2512 miscens,
818 2437 968 2499 referente
991 2433 1027 2514 id
1046 2435 1185 2510 Laertio,
1215 2435 1414 2514 locupletavit
1440 2434 1518 2496 hauc

144 2515 327 2598 opinionem
349 2522 452 2601 optica
476 2524 669 2603 conjectura:
693 2524 720 2586 sl
745 2524 786 2600 Ω,
810 2525 935 2604 §iufra
956 2522 1059 2586 Solem
1082 2524 1153 2592 sint,
1178 2523 1325 2585 diminuta
1347 2522 1418 2584 olim
1440 2521 1517 2583 facie

144 2614 180 2669 ut
204 2608 331 2672 Lunam
354 2611 452 2673 visum
475 2611 522 2674 iri.
564 2613 757 2676 Ptolemaeus
790 2613 877 2676 addit
899 2632 938 2675 ex
960 2612 1077 2675 illomm
1099 2613 1253 2674 sententia
1272 2619 1315 2696 ,et
1343 2612 1400 2673 hoc
1424 2628 1516 2689 argu-

146 2704 306 2772 mentum,
339 2700 417 2781 quod
449 2720 598 2782 nunquam
626 2700 729 2764 Solem
761 2702 969 2765 obtenebrant.
1016 2698 1103 2771 Quae
1128 2709 1306 2781 argumenta
1329 2699 1517 2762 declinantes

147 2787 291 2850 moderni
314 2789 466 2869 pellucida
487 2789 541 2853 illa
563 2808 691 2870 corpora
712 2790 837 2867 faciunt,
862 2798 969 2855 contra
991 2809 1081 2870 quam
1095 2790 1193 2862 trel
1216 2788 1282 2852 Soli
1303 2788 1517 2870 propinquanti

149 2874 234 2938 mam
259 2878 382 2947 cedere,
414 2887 449 2940 ut
470 2879 666 2942 Ptolemaeus
688 2881 768 2955 vult,
803 2881 853 2942 vel
876 2880 968 2942 etiarn
991 2878 1226 2951 subtercurrere,
1259 2887 1294 2940 ut
1320 2877 1455 2941 moderni
1479 2896 1532 2944 ek

150 2962 265 3028 Proclo
294 2975 326 3028 et
347 2968 506 3030 Averrhoe
533 2969 680 3048 exemplis
709 2967 805 3032 dubiis
832 2970 1024 3031 contendunt
1070 2969 1116 3030 At
1144 2975 1250 3029 contra
1277 2966 1516 3047 penetrationem

151 3053 272 3117 orbium
292 3055 390 3132 Solis,
419 3057 564 3132 Veneris,
593 3058 735 3121 Mercurii
758 3066 790 3120 et
813 3059 918 3121 Lunae
941 3057 1070 3120 noudum
1094 3055 1209 3119 amoliti
1232 3064 1317 3131 suut,
1351 3062 1385 3116 ut
1407 3053 1516 3116 melius

153 3148 219 3205 stet
246 3142 460 3226 Alpetragius,
494 3146 543 3226 qui
572 3166 662 3209 unum
690 3154 807 3210 tautum
838 3147 905 3210 Soli
936 3154 969 3209 et
991 3147 1095 3208 Lunae
1123 3144 1296 3225 interponit.
1343 3143 1386 3206 Et
1412 3150 1516 3204 minen

153 3233 339 3314 conjecturis
362 3234 497 3316 physicis
520 3237 704 3299 contendunt
717 3237 898 3299 Mercurium
919 3235 999 3298 iufra
1013 3234 1173 3309 Venerem,
1198 3233 1268 3314 quia
1290 3232 1420 3296 motibus
1443 3231 1514 3312 plu-

153 3319 239 3385 ribus
261 3330 419 3386 moveatur
439 3333 630 3406 motuumque
653 3326 848 3389 similitudine
872 3327 911 3389 ad
926 3319 1189 3406 Lunamproxime
1204 3324 1341 3385 accedat.
1387 3321 1514 3384 Utrum·
1616 3371 1634 3381 .

154 3427 213 3490 que
243 3427 316 3474 vero
344 3413 399 3474 sub
423 3411 510 3489 Sole,
543 3421 578 3476 ut
605 3414 632 3476 is
664 3416 763 3494 possit
790 3434 857 3477 esse
890 3415 1008 3478 medius
1036 3422 1069 3476 et
1096 3413 1227 3493 spatium
1255 3412 1334 3474 inter
1357 3408 1460 3472 Solem
1483 3417 1515 3472 et

154 3498 274 3563 Lunam
296 3501 466 3583 impleatur.
513 3505 563 3566 lta
586 3502 752 3583 disputatio
770 3504 844 3566 haec
860 3503 987 3586 physica
996 3510 1058 3577 eat,
1082 3521 1140 3564 uon
1155 3500 1367 3562 astronomica.
1383 3514 1428 3544 —
1451 3495 1514 3559 Sed

155 3588 195 3650 ad
218 3590 329 3654 Ursum
352 3591 452 3652 redeo.

217 3705 221 3712 ·
242 3678 287 3741 Et
308 3679 440 3761 loquitur
462 3678 581 3760 quidem
604 3679 701 3742 Ursus
723 3678 832 3760 ubique
855 3680 914 3756 ita,
949 3696 985 3740 ac
1008 3676 1035 3738 si
1058 3675 1242 3757 temporibus
1265 3674 1326 3746 illis
1354 3679 1388 3736 ut
1408 3674 1510 3753 philo-

156 3767 314 3848 sophicae,
346 3768 390 3830 sic
413 3767 634 3831 astronomicae
658 3787 774 3849 quoque
798 3768 919 3830 scholae
944 3767 1086 3841 fuissent,
1121 3765 1325 3844 artificumque
1354 3772 1388 3824 ut
1409 3763 1510 3843 philo·

156 3856 317 3936 sophorum
349 3857 491 3920 contiuua
523 3857 688 3932 successio,
723 3858 898 3937 dogmatum
930 3854 1196 3919 ashcuomicomm
1226 3853 1274 3915 vel
1299 3852 1434 3915 defensio
1462 3851 1512 3913 vel

155 3945 277 4024 publica
308 3952 340 4007 et
363 3946 494 4009 solennis
523 3946 708 4009 immutatio:
742 3947 821 4028 quod
848 3947 936 4027 louge
960 3944 1049 4007 aliter
1075 3963 1109 4006 se
1132 3943 1235 4006 habet.
1282 3940 1411 4021 Semper
1433 3940 1512 4003 euim

20 4099 25 4106 ,
156 4033 231 4096 baec
254 4036 373 4097 fertum
396 4035 453 4098 fuit
475 4035 687 4111 astronomiae,
711 4043 745 4099 ut
766 4036 855 4116 pauci
878 4041 991 4111 essent,
1015 4033 1065 4114 qui
1089 4052 1161 4095 suas
1184 4032 1213 4092 iu
1234 4050 1302 4092 eam
1324 4049 1412 4091 curas
1436 4048 1511 4090 con-

78 4191 81 4196 v
157 4123 278 4186 ferrent
324 4124 373 4185 Ac
405 4123 462 4186 etsi
495 4143 569 4186 saue
602 4142 660 4186 uon
688 4125 799 4187 desunt
825 4125 977 4206 exempla,
1010 4122 1061 4184 ubi
1083 4141 1159 4184 uuus
1183 4120 1310 4182 altemm
1342 4116 1459 4180 audivit
1481 4115 1512 4177 in

156 4212 378 4289 astronomicis,
412 4213 510 4293 magis
537 4220 639 4275 tamen
669 4220 733 4276 tum
750 4214 899 4294 ,temporis
928 4213 1076 4293 agebatur
1099 4209 1251 4291 negotium
1279 4206 1512 4269 astronomicum

156 4300 234 4364 iutra
255 4301 393 4383 privatos
415 4302 558 4382 parietes,
583 4321 638 4364 uec
660 4303 723 4366 ulla
742 4302 869 4365 celebria
884 4309 916 4364 et
930 4303 1071 4381 frequens
1086 4297 1273 4361 auditoribus
1287 4296 1392 4358 schola
1407 4301 1511 4356 astro-

157 4391 274 4453 nomica
300 4410 338 4453 ex
368 4391 505 4454 historiis
533 4399 607 4453 nota
630 4398 688 4453 est.
734 4390 880 4473 Adeoque
913 4409 972 4453 uon
1002 4408 1105 4451 omues
1137 4387 1265 4449 invicem
1288 4383 1454 4447 astronomi
1478 4403 1511 4445 se

156 4479 418 4554 lntemoscebaut,
452 4479 588 4560 quamvis
618 4479 776 4543 coaetsmei
801 4488 918 4553 essent,
952 4485 1006 4540 ant
1037 4477 1129 4539 libros
1153 4475 1283 4554 scriptos
1308 4473 1511 4553 reliquissent,

141 4570 374 4651 *typographiae
396 4576 470 4650 puto
494 4570 624 4633 defectu.
670 4569 826 4631 Philolaus
840 4568 919 4630 euim
943 4567 1014 4648 quid
1029 4565 1159 4629 senserit
1172 4582 1264 4644 supra
1278 4563 1401 4636 dictum,
1426 4560 1512 4639 cujus

157 4658 358 4722 astronomica
388 4658 532 4738 dogmata
563 4659 590 4720 si
622 4656 750 4721 fuissent
780 4656 908 4720 Eudoxo
941 4674 1028 4738 quem
1060 4654 1187 4716 vivendo
1219 4651 1374 4715 Philolaus
1407 4648 1513 4729 attigit

57 4738 64 4750 '
157 4747 287 4827 cognita,
310 4747 381 4828 quid
405 4765 480 4827 opus
503 4747 626 4820 fuisset,
654 4754 689 4809 ut
710 4747 833 4827 propria
855 4765 927 4809 cura
948 4745 1050 4807 miuus
1068 4744 1235 4825 perfectam
1259 4746 1512 4803 commentaretor

133 4836 394 4904 astronomiam?
438 4836 559 4902 Etenim
583 4855 620 4898 rx
643 4836 826 4901 Archimede
849 4842 984 4908 cousmt,
1018 4833 1160 4896 definisse
1181 4830 1339 4894 Eudoxum
1363 4828 1513 4892 diametri.
