3609 5634
272 343 338 412 318
420 281 424 288 '
693 346 796 397 Ilm·
813 343 917 410 ΜΗ
939 341 1091 410 W·
1108 351 1211 397 mamae

251 503 346 568 ‚baec
369 502 450 564 vires
477 501 576 565 nullae
600 503 650 575 (ut
672 500 809 582 eclipsis)
833 502 938 566 babet.
985 502 1092 584 Itaque
1124 502 1355 583 significationis
1384 495 1565 584 principium
1599 501 1630 564 iu

271 590 487 671 imaginatione
511 591 654 654 consistit
676 590 806 668 animae,
830 592 880 654 vel
905 591 1301 667 animumanimumum,
1325 593 1400 656 locis
1422 594 1460 655 iis
1484 592 1632 672 alligata·

272 700 346 757 rum,
368 679 418 742 ubi
441 679 578 742 delectus
602 680 742 742 cernitur.

344 768 523 825 Fabricium
551 767 724 818 Rerolutio
742 768 895 819 Vernalis
913 767 991 818 babet
1008 768 1117 833 ιΙιιιιειιι
1135 768 1361 834 signibesdmm
1389 729 1429 822 est
1447 770 1515 819 euin
1532 768 1574 818 Ἧι
1593 770 1631 818 in·

273 841 360 890 troitus
373 837 438 890 Solia
456 841 483 889 ln
500 841 604 903 primum
621 847 741 905 punctum
760 839 786 902 Υ
806 841 876 908 qnasi
893 840 993 905 genesis
1011 839 1135 905 quaedam
1152 840 1228 890 totins
1241 842 1316 899 anni,
1336 847 1362 891 et
1379 840 1447 892 haud
1461 840 1535 890 dubio
1560 840 1633 888 initio

271 911 357 960 muudi
370 909 412 960 Sol
430 910 489 961 illud
507 912 653 975 principium
664 912 771 962 obtinuit
783 918 809 961 et
820 910 891 975 quael
903 911 1014 960 radicem
1025 910 1112 960 habuit
1130 913 1167 961 sui
1180 910 1381 973 moruncurt
1394 913 1465 962 multi
1478 926 1509 961 ex
1522 912 1631 974 aspecti·

196 985 210 992 “
231 1006 235 1016 ·
271 983 316 1031 bur
333 981 450 1031 tbematls
468 983 600 1032 introitalis
616 983 762 1048 generalem
779 982 906 1048 quandam
924 982 1090 1032 conditionem
1109 984 1184 1041 anni,
1204 983 1302 1049 bugum
1320 981 1366 1033 dc.
1387 984 1557 1044 constituunt,
1582 996 1632 1030 non

270 1053 354 1117 probo,
373 1052 417 1103 sed
435 1054 534 1118 singula
551 1054 608 1104 loca
624 1053 727 1120 singulis
745 1055 895 1118 temporibus
914 1053 1069 1116 inspicienda
1088 1067 1142 1104 esse
1160 1062 1220 1119 puto
1238 1052 1284 1105 dte.
1305 1052 1351 1104 dc.

361 1125 568 1204 Keplerus:
602 1125 717 1188 Thema
739 1125 935 1188 revolutionis
958 1124 1072 1198 mundi,
1105 1134 1139 1187 ut
1168 1126 1259 1205 plane
1291 1126 1382 1187 claris
1405 1124 1507 1186 verbis
1530 1143 1630 1186 meam

272 1213 454 1275 sententiam
487 1214 601 1290 dicam,
635 1215 800 1296 sisyphium
829 1221 902 1296 puto
931 1213 1062 1293 lapidem
1090 1232 1143 1293 pro
1168 1215 1377 1277 excruciandis
1406 1215 1630 1293 astrologorum

278 1301 415 1381 ingeniis,
440 1321 498 1382 qno
521 1303 595 1365 nihil
618 1304 780 1382 proficitur.
827 1302 896 1365 Etsi
921 1304 998 1364 enim
1014 1303 1219 1379 concederem,
1244 1305 1388 1366 mnndum
1402 1304 1431 1365 iu
1447 1301 1494 1366 0⁰
1515 1302 1553 1380 Υ
1576 1321 1632 1364 ex-

272 1390 381 1465 titisse,
406 1391 477 1472 quid
501 1391 557 1454 hoc
572 1393 611 1453 ad
624 1402 753 1472 pestem,
776 1391 887 1454 bellum
913 1392 992 1453 isc?
1039 1390 1124 1462 Quid
1135 1393 1186 1455 liet
1201 1392 1395 1465 australibus,
1422 1391 1492 1473 quid
1513 1411 1632 1472 aequa·

273 1480 348 1542 toris
371 1479 493 1556 incolis,
526 1481 633 1562 quibus
662 1489 733 1543 tuuc
757 1481 882 1543 aestas?
929 1480 1017 1541 Anne
1046 1488 1152 1542 nostra
1179 1481 1275 1561 pestis
1308 1482 1410 1543 ruendi
1433 1481 1531 1562 pestis
1557 1480 1630 1541 est?

274 1570 361 1632 Anne
379 1588 434 1648 per
457 1570 606 1634 hominem
628 1570 723 1650 ipsius
748 1570 860 1632 Terrae
881 1569 1020 1649 jugulum
1043 1569 1073 1631 in
1099 1570 1177 1633 bello
1201 1569 1264 1650 peti
1287 1571 1410 1651 potest?
1433 1568 1474 1631 Et
1499 1569 1632 1651 quando,

273 1676 399 1737 quaeso,
424 1658 635 1722 universaliter
659 1661 763 1740 fruges
787 1665 852 1722 toto
877 1658 1039 1726 Terrarum
1066 1659 1137 1721 orbe
1167 1659 1368 1722 deiecerunt?
1410 1657 1475 1722 Hoc
1499 1677 1579 1720 anno
1604 1658 1633 1719 in

272 1747 410 1809 Lovonia
440 1748 550 1809 messis
583 1748 710 1824 interiit,
744 1765 890 1829 oppressa
923 1747 990 1809 nive
1026 1747 1189 1827 bellisque;
1222 1748 1251 1810 in
1284 1749 1432 1812 Bohemla
1458 1749 1533 1810 uber
1565 1747 1632 1810 luit.

275 1835 440 1897 Vindemia
461 1835 491 1897 in
515 1836 623 1898 Rheno
645 1836 765 1916 exigua,
790 1836 882 1898 Nicro
897 1837 989 1909 nulla,
1019 1836 1148 1899 Austris
1161 1837 1304 1917 maligna,
1328 1837 1513 1899 vicinissime
1527 1835 1634 1920 Styria

273 1925 396 2005 copiosa
423 1931 456 1985 et
480 1925 650 1988 laudabilis.
699 1924 838 1989 Concede
858 1926 941 2006 jam,
974 1944 1043 1986 esse
1067 1925 1180 1988 Terrae
1205 1946 1292 1988 suam
1320 1925 1460 2007 genesin,
1496 1926 1565 1987 loca
1588 1944 1631 1988 sc.

272 2013 462 2095 planetarum
485 2021 621 2094 tempore
636 2014 814 2089 creationis·
838 2014 918 2087 vide,
943 2013 1014 2094 quid
1028 2023 1181 2095 sequatur
1230 2013 1437 2077 Profectiones
1457 2022 1528 2076 tuae
1544 2023 1633 2076 erunt

273 2102 479 2165 instituendae
508 2103 547 2163 ad
572 2104 667 2165 locum
690 2104 881 2184 planetarum
906 2102 1032 2177 radicis;
1065 2111 1133 2179 aut,
1171 2106 1197 2166 si
1227 2104 1304 2166 bunc
1327 2104 1461 2166 laborem
1483 2105 1580 2166 etiam
1602 2105 1632 2165 in

273 2192 421 2253 humanae
444 2192 565 2272 genesis
589 2193 722 2254 themate
746 2192 855 2264 sumis,
880 2199 914 2253 ut
937 2197 968 2252 ιι
991 2192 1205 2267 revolutionis,
1229 2200 1373 2274 tauquam
1397 2192 1522 2266 radicis,
1557 2212 1632 2272 pro-

275 2280 420 2342 fectiones
443 2280 586 2342 instituas
605 2281 672 2360 jam
695 2281 751 2343 tibi
775 2287 823 2342 est
846 2273 973 2342 confusa
995 2280 1074 2343 ratio
1104 2281 1323 2360 experientiae,
1364 2282 1434 2360 quia
1456 2282 1533 2343 duae
1556 2300 1631 2361 pro-

275 2368 437 2430 fectionum
460 2369 564 2443 series,
589 2369 770 2451 insuperque
795 2376 937 2449 aspectus
960 2378 1150 2431 concurrunt
1197 2371 1323 2432 Nitetnr
1351 2370 1453 2451 itaque
1478 2370 1633 2450 negotium

274 2457 440 2520 nudissima
473 2457 620 2538 opinione.
667 2458 729 2520 Sed
761 2467 795 2520 tu
821 2464 927 2537 putas,
962 2457 1089 2537 singulis
1112 2459 1213 2534 annis,
1248 2458 1357 2521 Sole
1349 2478 1379 2520 m
1402 2456 1448 2522 0⁰
1469 2457 1506 2535 Υ
1529 2468 1631 2533 ιιιιιιι,

274 2565 383 2609 novam
412 2565 480 2607 esse
503 2547 626 2627 genesin
651 2547 732 2609 anni.
779 2543 859 2617 Quid
883 2563 956 2625 ergo
984 2546 1119 2609 nascitur
1141 2565 1177 2607 ιο
1201 2547 1374 2611 momento?
1420 2545 1497 2610 Cum
1522 2548 1631 2609 horno

179 2696 191 2709 ,
275 2636 421 2710 nascitur,
447 2635 517 2716 quid
540 2645 685 2697 nascatur
707 2636 806 2698 video.
853 2635 966 2696 Vivere
990 2653 1028 2696 ex
1051 2651 1084 2697 se
1112 2636 1178 2714 ipso
1203 2636 1321 2716 incipit,
1356 2631 1509 2698 antea‘ex
1531 2647 1630 2698 matre

275 2724 408 2786 vivebat.
454 2722 538 2786 nihil
565 2724 628 2786 tale
660 2726 689 2787 in
714 2744 814 2787 annua
838 2721 1052 2787 foecunditate.
1099 2725 1179 2786 Nam
1201 2726 1305 2787 multis
1333 2726 1408 2789 locis
1432 2733 1503 2787 ante
1528 2726 1632 2805 fruges

274 2821 354 2889 sunt,
379 2813 484 2874 humor
503 2814 568 2894 jam
592 2834 611 2874 a
633 2811 679 2876 0⁰
700 2818 735 2891 ᾖ
759 2832 875 2875 rursum
909 2813 1009 2892 colligi
1033 2812 1139 2893 incipit
1170 2812 1375 2895 paulatimque
1407 2834 1440 2877 se
1474 2814 1504 2875 iu
1537 2834 1632 2875 venas

274 2903 366 2965 infert
389 2909 421 2964 ιι
444 2921 477 2964 se
501 2922 568 2965 cum
583 2901 654 2965 Sole
678 2903 768 2965 tollit.
814 2901 928 2982 Aliqua
950 2900 1006 2963 tibi
1030 2902 1171 2976 concedo,
1198 2904 1252 2965 sed
1270 2904 1324 2965 illa
1342 2903 1380 2965 ad
1399 2911 1542 2983 aspectus
1557 2921 1630 2983 per-

275 2991 389 3066 tiueut;
413 2991 531 3054 scilicet
553 2987 638 3071 sili,
663 2991 758 3067 sili,
779 2991 806 3053 si
829 2998 855 3061 d
876 2989 973 3067 inii,
997 2991 1220 3070 praecipue6‚
1254 2992 1341 3054 tarde
1365 3012 1384 3053 a
1407 2990 1479 3054 Sole
1503 3010 1633 3073 separa-

274 3081 356 3144 bitur
379 3080 549 3162 ellicietque
574 3081 686 3144 siccum
710 3089 742 3142 et
765 3081 918 3142 aestivum
941 3098 1004 3141 ver.
1052 3072 1176 3141 'l'nam
1162 3090 1263 3142 autem
1287 3083 1351 3160 ipse
1370 3100 1406 3141 ιι
1409 3081 1482 3143 ertrs
1504 3100 1631 3184 parma·-

274 3179 394 3232 nentem
425 3170 487 3231 vim
515 3170 674 3247 thematis,
707 3168 956 3232 revolutionem
947 3187 1013 3247 rpse
1042 3168 1183 3245 damnas,
1217 3176 1249 3230 et
1271 3178 1372 3232 tamen
1400 3172 1445 3232 ita
1468 3170 1632 3250 scripsisti,

275 3258 361 3321 acsi
384 3268 592 3338 permaneret:
626 3259 671 3322 ita
694 3258 863 3321 ascendens
887 3257 1083 3320 revolutionis
1107 3257 1162 3320 tibi
1186 3259 1225 3319 ad
1249 3260 1316 3322 loca
1338 3259 1527 3340 planetarum
1550 3268 1632 3322 tem-

274 3365 348 3427 pore
371 3347 513 3409 introitus
538 3348 652 3420 (cernis
674 3346 883 3428 permanentia
910 3347 978 3408 loca
1001 3345 1158 3421 introitus)
1182 3348 1391 3427 proficiscitur.
1439 3346 1527 3420 Quod
1559 3366 1632 3410 vero

276 3444 308 3497 et
329 3435 526 3517 particularia
549 3436 651 3512 addis,
675 3436 820 3517 optimum
844 3454 918 3497 sane
941 3434 1027 3515 piper
1050 3435 1190 3511 adhibes,
1215 3438 1270 3499 sed
1294 3438 1367 3500 illud
1390 3437 1472 3517 prius
1496 3437 1631 3499 miscen-

219 3520 225 3531 ’
276 3527 346 3587 dum
369 3525 443 3600 erit;
477 3526 575 3606 qualis
599 3524 691 3605 igitur
713 3526 782 3599 liet,
813 3544 885 3598 oro,
911 3524 1063 3586 mixtura?
1108 3525 1208 3587 Multa
1231 3527 1431 3607 repugnantia
1452 3526 1483 3588 in
1507 3526 1633 3589 ferendo

272 3615 403 3694 jndicio,
435 3614 625 3694 experientia
647 3615 743 3677 omnis
767 3613 884 3676 abolita
916 3621 948 3675 et
978 3614 1047 3692 plns
1071 3632 1160 3693 qnam
1183 3615 1322 3689 conlnsa,
1358 3616 1437 3696 quod
1459 3636 1479 3676 a
1501 3615 1632 3677 medici

195 3715 199 3720 ’
277 3721 367 3782 aegre
391 3703 469 3765 alias
493 3704 565 3766 iere.
613 3703 741 3767 Perinde
765 3711 823 3777 est,
848 3721 884 3763 ιο
908 3702 935 3762 si
960 3702 1086 3778 diceres,
1110 3711 1229 3765 tavers
1251 3712 1284 3765 et
1302 3705 1474 3767 falsavelle
1493 3704 1631 3778 miscere,

276 3791 382 3873 quodsi
404 3811 478 3854 vera
500 3794 632 3863 vincant,
657 3812 730 3855 vera
753 3792 913 3865 dicturum,
938 3791 965 3852 si
989 3791 1069 3854 falsa
1093 3823 1134 3834 —
1159 3793 1247 3855 falsa.

346 3898 532 3952 Fabricius:
559 3900 597 3950 Tu
614 3906 701 3964 putas.
729 3897 967 3963 experientiam
985 3897 1011 3947 iu
1029 3898 1236 3965 astrologicis
1263 3913 1318 3948 esse
1337 3900 1505 3950 contusam
1534 3906 1560 3950 ιι
1578 3899 1629 3950 ior·

276 3970 366 4019 tnitam
384 3969 478 4034 potins,
503 3986 578 4036 quam
596 3985 688 4020 reram.
724 3969 789 4020 Puto
808 3976 906 4027 antem,
931 3969 965 4017 mi
988 3969 1083 4019 erudite
1101 3969 1223 4034 Keplere,
1250 3971 1427 4034 experientiam
1445 3971 1513 4021 illam
1530 3973 1633 4021 minime

276 4042 403 4091 fortuitam
422 4055 485 4102 ιιιο,
504 4042 549 4092 sed
568 4048 638 4093 certa
655 4042 752 4092 ratione
771 4040 970 4105 eomespcndere,
989 4046 1018 4089 ut
1035 4049 1140 4106 apparet
1156 4044 1183 4090 in
1201 4042 1347 4107 generibus,
1365 4044 1392 4092 ln
1410 4044 1497 4107 quibas
1515 4042 1631 4107 planeta·

275 4128 332 4164 rum
349 4114 407 4164 locs
424 4127 468 4178 per
486 4119 581 4164 sertam
600 4114 796 4168 observationem
814 4113 917 4177 cognita
934 4110 1058 4162 babentm
1058 4143 1174 4162 .....
1201 4112 1275 4163 Licet
1291 4128 1341 4163 non
1358 4128 1456 4178 semper
1474 4121 1541 4165 certe
1558 4128 1632 4179 prae·

248 4183 256 4204 '
276 4184 358 4236 dicere
375 4186 495 4249 possimus
514 4191 626 4242 eventus,
645 4199 724 4235 cansa
741 4191 788 4241 ert,
811 4184 876 4249 qnod
895 4181 1046 4248 astrologum
1063 4199 1113 4234 non
1131 4190 1230 4235 tantm
1247 4189 1317 4236 ιιιη
1334 4186 1491 4238 considerare
1510 4187 1635 4251 oporteat.

274 4256 320 4307 sed
338 4262 365 4307 et
382 4258 584 4308 combinationem
601 4257 707 4320 subiecti
724 4254 769 4307 dee.

363 4328 565 4408 Keplerus:
590 4329 633 4392 Ut
656 4346 759 4408 neges,
783 4324 998 4405 experientiam
1022 4324 1051 4388 in
1067 4326 1258 4407 astrologicis
1282 4346 1349 4389 esse
1366 4329 1530 4404 confusam,
1554 4346 1630 4389 con-

275 4425 325 4479 tra
348 4416 473 4497 opponis
497 4418 648 4498 exempla,
682 4415 732 4479 ubi
756 4422 882 4478 eventus
905 4422 991 4476 certa
1013 4415 1130 4477 ratione
1160 4417 1394 4497 correspondere
1418 4418 1463 4480 ais
1483 4417 1629 4482 dueetio-

276 4504 375 4581 nibus,
398 4505 636 4586 protectionibus
660 4515 692 4569 ιι
714 4503 905 4568 transitibus.
950 4501 1022 4566 Jam
1051 4505 1156 4567 statim
1184 4513 1215 4567 ιι
1238 4506 1400 4587 prodidisti
1423 4527 1526 4584 sorex,
1561 4507 1632 4568 dnm

275 4595 377 4657 omnia
399 4594 460 4657 tria
482 4602 648 4676 computas.
696 4593 806 4658 Certus
825 4610 900 4664 sum,
924 4591 997 4655 nibil
1020 4592 1051 4654 in
1075 4591 1215 4656 universa
1235 4596 1299 4658 vita
1322 4596 1451 4658 maxime
1476 4597 1632 4659 fortuitum

277 4683 397 4746 evenire
421 4702 522 4764 posse,
547 4685 626 4766 quod
645 4703 704 4746 nou
726 4685 774 4747 vel
797 4681 874 4757 hnic,
895 4683 948 4763 vol
962 4681 1016 4758 illi,
1041 4683 1091 4745 vel
1104 4683 1194 4745 tertio
1215 4704 1282 4747 sese
1303 4685 1445 4766 applicet,
1471 4685 1542 4767 quia
1555 4686 1632 4747 haec

276 4773 341 4836 tria‘
359 4772 580 4836 multitudinem
604 4774 754 4853 quandam
775 4789 935 4835 cansarum
959 4781 1112 4834 acervant.
1159 4771 1201 4834 Ει
1232 4780 1332 4836 tamen
1361 4774 1392 4836 in
1415 4780 1503 4837 tanta
1526 4774 1632 4836 multi·

275 4861 380 4927 tudine
403 4871 552 4946 superest,
576 4862 656 4944 quod
670 4861 820 4946 excipias:
844 4879 904 4923 uon
919 4878 1038 4942 semper
1050 4860 1184 4946 praedici
1197 4879 1300 4942 posse,
1322 4860 1529 4948 rationemque
1543 4864 1632 4945 bujm
