3609 5634
292 386 358 456 810
712 384 813 436 Literaa
830 383 934 449 Kaplsri
953 383 1105 448 altorumque
1123 389 1226 434 rnntuas

291 548 486 633 geometrica.
532 547 612 610 Nam
638 545 773 627 quintilis
801 553 833 609 et
862 545 1030 629 biquintilis
1062 547 1106 609 sic
1134 543 1254 627 quidem
1275 551 1358 606 ‚sunt
1388 541 1454 604 loco
1481 538 1655 621 posteriora

291 640 372 703 iuter
401 635 658 699 demonstrativas
689 635 819 715 figuras,
861 643 896 697 ut
926 635 1014 698 simul
1044 654 1100 715 per
1130 635 1208 696 huuc
1241 650 1392 696 recessum
1427 639 1459 691 et
1490 647 1544 709 per
1571 627 1656 690 hanc

293 729 394 807 lugam
419 725 609 806 aequationis
630 724 826 805 perveniatur
848 723 879 785 in
893 724 1210 805 proportionalitatem
1225 721 1357 783 divinam
1372 719 1502 782 omniurn
1526 735 1656 798 geome-

292 817 436 880 oicsrmn
457 833 566 877 rerum.
611 812 682 875 Etsi
713 812 815 893 itaque
847 813 894 875 his
927 814 1015 876 deest
1042 810 1285 885 numerabilitas,
1317 829 1371 871 seu
1394 816 1503 871 natura
1525 804 1652 879 numeri,

293 904 425 967 vicissim
447 911 550 964 tamen
577 902 653 982 ipsis
683 902 772 964 adest
798 902 952 983 proportio
975 901 1095 978 divina,
1134 919 1194 982 qna
1230 909 1337 961 carent
1365 906 1507 977 aspectus
1530 895 1650 957 usitati.

292 994 473 1074 Propterea,
511 999 544 1052 et
576 991 646 1072 qnia
683 991 937 1072 quinquangulum
973 991 1133 1054 adhibetur
1165 990 1205 1051 ad
1245 987 1451 1050 efficiendum·
1470 1002 1577 1064 corpus
1618 990 1679 1052 et,

293 1081 411 1164 quidem
443 1080 635 1160 primarium,
671 1089 703 1142 et
739 1080 914 1161 biqnintiles
950 1081 1062 1160 figurae
1104 1077 1145 1142 12
1177 1078 1216 1140 ad
1246 1076 1477 1157 pulcherrimum
1513 1074 1654 1153 regulare

294 1178 415 1234 anctum
438 1170 590 1243 (stellam)
615 1169 793 1243 faciendum,
819 1169 994 1249 aspectibus
1017 1176 1089 1230 sunt
1112 1167 1311 1229 accensenda.
1357 1166 1517 1227 Postrema
1538 1165 1654 1242 ligura·

292 1279 358 1324 rum
380 1266 506 1340 utroque
534 1258 653 1320 nomine
676 1265 726 1320 est
752 1257 1030 1339 sesquiquadratus.
1077 1255 1221 1320 Ceterum
1250 1256 1279 1318 in
1308 1255 1416 1316 effectu
1443 1271 1549 1334 parum
1576 1269 1653 1331 pos-

293 1356 382 1418 sunt,
415 1347 482 1427 plns
506 1354 621 1420 tamen,
656 1366 746 1428 qnam
774 1347 899 1426 quaevis
928 1347 990 1408 alia
1022 1365 1081 1408 non
1114 1344 1304 1418 harmonica,
1340 1341 1589 1424 quemadmodum
1619 1339 1653 1400 in

293 1435 407 1502 musice
438 1443 529 1497 sexta
560 1435 659 1497 mollis
691 1436 891 1497 consonantia
917 1443 1019 1497 tamon
1052 1443 1114 1506 est,
1147 1442 1195 1508 ot,
1229 1452 1296 1495 com
1328 1431 1370 1493 sit
1392 1430 1565 1503 imbecillis,
1596 1446 1654 1490 nec

293 1525 398 1588 laedat
416 1543 521 1600 aures,
550 1531 585 1584 nt
607 1543 684 1605 qnae
707 1524 874 1586 dissonant
922 1525 1001 1588 Nam
1035 1523 1188 1585 sensibilis
1215 1523 1290 1584 haec
1322 1520 1453 1582 musices
1482 1538 1550 1580 cum
1577 1517 1654 1580 meis

293 1614 462 1677 rationibus
497 1613 679 1674 harmonicis
705 1612 918 1675 convenientia
955 1611 1154 1674 certissimum
1183 1611 1271 1684 facit,
1308 1627 1393 1671 meas
1426 1608 1561 1669 rationes
1593 1625 1653 1668 non

294 1721 362 1765 asse
386 1701 590 1781 denegandas,
615 1719 708 1782 quare
731 1720 786 1762 neo
810 1701 838 1762 in
864 1697 1030 1780 astrologia
1053 1699 1298 1762 contemnendas
1312 1693 1337 1770 ¹)

381 1791 466 1852 Haeo
489 1789 645 1862 hactenus,
671 1797 705 1851 nt
725 1809 773 1851 me
797 1797 830 1850 et
850 1797 882 1850 te
901 1807 1081 1850 exercerem.

364 1928 551 1979 Fabricius:
569 1928 616 1977 Pro
635 1929 767 1993 ganesibns
784 1929 864 1979 missis
882 1931 976 1995 gratias
988 1930 1108 1978 maximas
1120 1927 1209 1977 habeo.
1248 1925 1351 1977 Utinam
1364 1924 1505 1975 cromatius
1518 1921 1656 1974 denotaste

294 2005 386 2052 ament.
424 1999 483 2050 Sola
501 2000 666 2051 accidentium
687 2005 807 2050 accurata
824 2001 962 2050 observatio
982 2000 1155 2064 asmologism,
1181 2012 1248 2048 nnnc
1266 1999 1338 2062 qnasi
1356 1996 1488 2052 infamem,
1513 2009 1557 2044 suo
1580 1996 1655 2044 nitori

294 2073 424 2124 restituere
441 2077 534 2135 potest.
569 2070 665 2120 Vallem
684 2085 792 2135 qnoque,
811 2079 837 2121 ts
855 2073 881 2120 in
900 2077 959 2121 tna
975 2072 1103 2136 genesi,
1126 2085 1176 2120 nnn
1194 2068 1288 2119 inlallei
1306 2076 1335 2118 nt
1353 2083 1399 2134 ego
1417 2074 1493 2132 puto.
1513 2065 1657 2116 accidentia

294 2144 379 2196 amnia
395 2144 421 2192 in
439 2144 512 2192 north
531 2142 617 2192 disbm
634 2142 694 2192 mihi
713 2143 917 2193 communicasse.
953 2141 1067 2193 Maxima
1084 2156 1142 2207 pars
1161 2143 1212 2191 lato
1230 2140 1304 2190 modo
1322 2140 1444 2190 denotata
1462 2146 1509 2192 eat,
1526 2152 1575 2188 nac
1592 2152 1657 2203 cog-

293 2227 395 2265 noscere
419 2226 561 2277 ιοιιιιιιιιιι,
590 2227 623 2262 an
648 2228 711 2261 novo
736 2213 774 2263 rsl
799 2215 877 2264 ratem
899 2214 964 2276 stylo
988 2215 1075 2263 utaris.
1113 2212 1197 2274 Quare
1215 2212 1241 2261 in
1259 2219 1363 2276 unoque
1392 2217 1418 2262 ta
1442 2209 1524 2275 magis
1542 2208 1656 2273 explica

292 2285 456 2349 praesertim,
483 2298 531 2348 qno
549 2283 590 2333 dia
608 2284 668 2333 anni
686 2281 728 2331 et.
749 2283 837 2334 Martis
855 2286 976 2336 camiso
993 2299 1037 2349 per
1054 2284 1233 2335 ucaudauteur
1260 2289 1287 2334 te
1305 2281 1376 2331 valde
1397 2281 1526 2337 afflixerit,
1551 2286 1577 2329 st
1595 2296 1656 2345 qno·

292 2355 376 2405 modo.
414 2353 470 2415 Quo
498 2355 538 2405 dis
565 2354 645 2404 (iratii
662 2353 791 2420 Ungarlca
816 2354 891 2405 lebna
918 2361 945 2406 te
972 2356 1097 2405 invaserit.
1135 2354 1190 2415 Quo
1215 2354 1254 2403 dis
1280 2354 1339 2403 anni
1367 2347 1408 2400 90.
1428 2349 1558 2417 Ungau'ca
1583 2351 1658 2401 tebth

294 2426 397 2483 lentior,
426 2440 456 2476 ax
474 2423 582 2475 Saturno
600 2440 673 2489 snper
691 2425 881 2483 ascendentem,
910 2433 936 2478 ts
955 2427 1077 2477 afflixerit
1114 2424 1209 2476 Ultima
1226 2429 1351 2490 quartana
1370 2421 1398 2471 8.
1416 2422 1474 2476 eet
1496 2436 1529 2472 au
1548 2429 1597 2473 vet
1616 2422 1657 2472 val

293 2512 355 2547 novo
374 2493 456 2560 stylo?
491 2495 582 2546 Lassio
600 2496 656 2545 nasi
673 2511 721 2561 quo
734 2496 784 2547 dia.
819 2496 947 2549 Masstliui
965 2496 1200 2564 gensm'nsihahes.
1219 2494 1550 2546 valinmihicomnnicaa
1582 2493 1657 2544 Unda

293 2567 436 2619 Paradissri
452 2568 557 2632 genesin
574 2564 672 2617 habea?

382 2671 588 2752 Keplerus:
626 2670 776 2752 Exempla
798 2690 950 2751 geneseon
974 2672 1080 2733 mutila
1102 2670 1181 2734 misi.
1219 2672 1356 2750 ignosce.
1399 2667 1486 2739 Cum,
1511 2677 1544 2731 nt
1559 2669 1656 2745 vides,

296 2760 470 2825 certitudini
494 2759 570 2823 artis
593 2760 623 2822 in
643 2760 845 2841 singularibus
868 2779 974 2839 parum
997 2761 1136 2836 tribuam,
1162 2759 1364 2841 negligentior
1387 2777 1456 2819 esse
1479 2757 1576 2832 soleo,
1602 2777 1658 2821 nec

298 2858 329 2911 te
352 2849 401 2911 hic
424 2851 550 2911 multum
569 2851 676 2929 juvare
700 2867 833 2929 possum.
880 2848 942 2911 Sed
966 2857 1000 2911 tu
1024 2849 1158 2929 deperire
1183 2849 1295 2910 videris
1319 2855 1434 2919 artem3
1462 2846 1542 2920 vide,
1565 2866 1602 2908 ne
1626 2857 1658 2909 te

298 2937 484 3012 ludificetur,
522 2938 640 3017 majora
677 2938 755 2999 enim
799 2938 937 3000 humanis
976 2938 1090 3001 viribus
1128 2938 1190 3000 ista
1223 2937 1296 2999 mihi
1332 2936 1489 3011 ridentur,
1529 2935 1656 2997 certitu·

298 3027 397 3089 dinem
422 3026 490 3088 inde
513 3033 633 3106 petere,
657 3027 707 3088 ubi
730 3024 814 3089 nulla
837 3046 906 3088 esse
928 3035 1045 3108 potest,
1078 3027 1199 3106 teipso
1223 3034 1320 3100 teste,
1344 3025 1394 3105 qui
1418 3025 1559 3086 concedis
1582 3043 1656 3087 cau-

298 3133 400 3177 sarum
423 3115 551 3176 omnium
575 3134 737 3176 concursus
756 3117 846 3194 juxta
869 3116 996 3178 coelum.
1043 3113 1123 3186 Quid
1148 3135 1186 3177 ex
1216 3116 1273 3179 hoc
1296 3121 1454 3196 sequatur,
1484 3114 1577 3192 probe
1601 3133 1658 3174 ex-

297 3203 429 3284 pendere
452 3211 483 3263 te
506 3203 616 3275 velim3
640 3222 709 3265 nam
731 3203 964 3266 inconsideratis
986 3205 1093 3285 prima*
1108 3206 1207 3267 fronte
1233 3224 1291 3267 non
1316 3211 1456 3283 apparet.

386 3291 421 3351 ln
444 3309 510 3351 mee
534 3291 638 3370 genesi
662 3292 870 3373 stylos-vetus
894 3291 991 3366 valet,
1022 3313 1116 3374 usqne
1145 3294 1184 3355 ad
1208 3313 1318 3355 annum
1341 3287 1395 3366 94,
1419 3310 1477 3371 qno
1501 3309 1580 3351 anno
1606 3288 1658 3352 11.

298 3378 374 3459 apr.
399 3386 439 3441 st.
463 3399 490 3441 n.
518 3377 658 3442 Gratinm
682 3380 749 3441 veni
771 3399 837 3442 curn
860 3391 1032 3444 versaretur
1054 3382 1084 3456 ‘b
1108 3382 1136 3443 iu
1161 3383 1259 3445 medio
1278 3381 1375 3454 coeli;
1404 3377 1443 3442 14
1458 3388 1528 3460 post
1550 3380 1657 3442 diebus

276 3467 426 3618 ip⁴lpsa
458 3469 555 3543 66)
588 3469 619 3530 in
650 3465 763 3550 23⁰ss
792 3470 883 3532 incidi
914 3469 944 3531 in
968 3471 1074 3533 febrim
1097 3471 1295 3551 Ungaricam,
1338 3489 1415 3551 quas
1439 3470 1560 3531 duravit
1582 3470 1658 3531 alios

368 3556 442 3620 dies.

388 3644 478 3706 Anno
492 3641 545 3718 90,
570 3664 636 3707 cum
660 3653 743 3710 esset
765 3641 786 3722 l}
809 3645 840 3708 in
854 3642 918 3710 24⁰
930 3643 1032 3720 40¹1]
1055 3649 1179 3728 (quaere
1203 3646 1282 3710 diem
1305 3648 1396 3729 ipse),
1421 3645 1555 3727 graviter
1573 3648 1657 3727 coepi

301 3741 461 3815 aegrotare
485 3733 587 3796 dolore
619 3735 729 3816 capitis
759 3743 791 3797 et
812 3736 1057 3799 consternatione
1085 3737 1294 3800 membrorum.
1343 3734 1420 3799 Cum
1442 3732 1463 3812 h
1488 3735 1596 3798 iterum
1618 3736 1659 3798 ibi

301 3831 394 3896 asset,
417 3823 538 3884 scabies
561 3841 608 3884 me
632 3823 740 3887 tenuit

389 3909 480 3973 Anno
502 3906 556 3985 et,
582 3910 630 3973 dic
649 3911 780 3975 Veneris
804 3921 874 3993 post
896 3911 1015 3976 cineres
1039 3914 1148 3996 capitis
1172 3915 1258 3977 dolor
1281 3913 1444 3976 febriculae
1468 3913 1658 3976 acutissimae

301 3997 417 4154 quitis&
427 3999 528 4165 <ipsit,
558 4018 634 4078 quae
666 3999 688 4066 8
718 4001 783 4063 dies
807 4001 928 4063 duravit
950 4010 983 4064 et
1005 4021 1052 4064 me
1083 4021 1161 4083 pene
1184 4003 1332 4066 enecavit.
1380 4001 1415 4065 Si
1439 4001 1516 4064 bene
1539 4003 1658 4065 memini

227 4151 231 4164 ,
315 4087 359 4152 uit
479 4094 515 4158 d.

390 4176 467 4238 Post
491 4175 582 4238 ferias
605 4176 763 4239 natalitias
785 4177 1004 4259 praecedentes
1035 4197 1052 4239 e
1081 4180 1193 4259 templo
1221 4199 1238 4242 e
1262 4178 1389 4241 lectione
1414 4178 1537 4242 veniens
1559 4180 1660 4242 inten-

303 4265 424 4330 sissimo
448 4265 560 4343 frigore
584 4265 690 4327 sudavi
715 4266 988 4331 vehementissime.
1035 4269 1169 4331 ructum
1191 4288 1263 4349 ergo
1286 4268 1432 4349 reliquiae
1454 4269 1558 4345 morbi,
1584 4287 1660 4351 qnae

303 4363 465 4433 eruperunt
487 4354 517 4418 in
540 4354 799 4429 Bacchanalibus,
832 4374 898 4417 cnm
922 4357 1011 4434 paulo
1036 4365 1126 4420 antea
1149 4358 1310 4420 sisteretur
1332 4357 1468 4432 scabies,
1497 4367 1529 4419 et
1552 4378 1659 4421 acces·

303 4443 398 4506 sisset
419 4443 579 4505 commotio
603 4442 737 4523 corporis
761 4451 793 4505 et
816 4443 907 4505 animi
935 4463 990 4524 per
1013 4446 1209 4525 agitationem
1239 4441 1433 4521 comoediae,
1462 4447 1491 4508 in
1515 4466 1573 4528 qua
1587 4449 1659 4510 hla-

303 4530 418 4594 riaoem
440 4531 578 4609 agebam.
626 4532 658 4592 ln
687 4541 836 4613 quartana
862 4533 975 4614 stylum
1005 4553 1116 4597 novum
1145 4535 1291 4616 intellige.
1338 4535 1434 4598 Simul
1462 4535 1535 4599 illud
1562 4536 1656 4600 medi·

304 4637 423 4682 cornm:
462 4620 595 4682 tertiana
627 4640 684 4682 non
712 4629 881 4702 expurgate
914 4622 948 4686 fir
982 4631 1141 4702 quartana.
1187 4623 1288 4687 Semel
1318 4633 1409 4706 atque
1437 4624 1561 4702 iterum,
1594 4644 1659 4689 com

306 4706 402 4770 adhrm
425 4726 523 4770 essem
549 4706 665 4780 Gratii,
694 4710 775 4773 sensi
804 4728 1015 4791 paroxysmum
1040 4720 1110 4775 ante
1133 4713 1305 4776 Michaelis.
1350 4713 1503 4794 Agitabat
1525 4716 1605 4777 coris
1629 4721 1660 4776 et

305 4795 472 4869 laboribus,
502 4796 541 4858 ad
569 4796 626 4860 iter
652 4816 699 4859 rne
726 4817 858 4879 parans;
878 4799 925 4861 *in
953 4801 1061 4864 itinere
1091 4802 1246 4864 iracundia
1269 4803 1365 4865 effusa
1387 4821 1425 4863 ex
1449 4802 1658 4879 incidentibus,

195 4937 202 4948 .
306 4901 376 4946 asos
399 4884 589 4964 gerberorum
608 4886 775 4962 crudorum,
799 4888 898 4952 victus
922 4888 980 4954 imo
1002 4889 1191 4953 inordinatus
1214 4898 1247 4952 et
1268 4891 1467 4953 antecedente
1490 4902 1578 4955 nocte
1602 4893 1660 4956 iter
