3609 5634
704 352 1173 418 amaseam

620 570 666 634 ΙΝ
690 565 1016 633 DEDIGATIONEM
1038 563 1268 638 ANTIQUAM

787 690 904 742 sosas
922 687 1102 742 suenonis.

342 801 372 870 a)
393 808 474 858 Anno
497 801 586 865 loss,
617 801 660 855 die
687 802 715 857 9.
742 797 820 870 (19.)
846 799 915 855 Julii
944 798 1078 870 postridie
1098 797 1202 852 natalis
1230 796 1326 850 decimi
1346 795 1437 849 octavi
1458 793 1629 849 serenissimi

261 884 425 943 Perdinaudi
438 881 612 943 Archiduois,
634 881 750 938 Roman.
766 898 840 936 nuno
853 879 1030 949 Imperatoris
1046 878 1177 950 Augusti,
1199 876 1417 948 Hungariaeque
1431 883 1462 928 et
1475 875 1629 929 Bohemise

261 967 352 1040 regis:
373 963 451 1033 cujus
472 963 500 1016 in
521 962 624 1016 ditione
644 961 816 1016 hereditarie
827 960 923 1031 Styria
943 965 1010 1014 tunc
1024 959 1164 1013 merebam
1184 956 1336 1028 stipendia,
1359 954 1450 1009 inveni
1469 955 1521 1009 hoc
1535 972 1629 1009 secre-

261 1056 333 1103 tum:
364 1044 514 1113 smtimque
541 1043 577 1095 ad
597 1041 667 1095 illud
687 1043 869 1096 excolendum
896 1055 1062 1100 conversus,
1091 1037 1203 1092 Octobri
1225 1042 1373 1107 sequente,
1404 1036 1432 1088 in
1453 1035 1628 1090 dedicatione

261 1124 431 1200 prognostici
452 1121 646 1185 anniversarii,
678 1124 749 1192 quod
770 1127 834 1175 erat
853 1137 891 1174 ex
912 1119 1001 1173 officio
1022 1118 1203 1180 scribendum,
1224 1117 1371 1171 editionem
1391 1114 1479 1170 libelli
1500 1115 1624 1186 promisi,

262 1216 295 1262 ut
315 1205 500 1278 signmearem
523 1201 649 1272 publice,
680 1217 762 1272 quam
790 1199 887 1272 gravis
915 1199 982 1253 mihi
1002 1198 1207 1269 philosophiam
1233 1196 1338 1251 amanti
1359 1203 1436 1248 esset
1456 1195 1513 1249 ista
1533 1195 1628 1263 conje-

262 1283 355 1341 ctandi
375 1282 537 1338 necessitas.
578 1281 625 1336 Ex
645 1298 679 1334 eo
699 1281 840 1351 proiectus
861 1279 889 1332 in
904 1277 1158 1349 Whtembergiam,
1183 1278 1256 1332 inter
1276 1275 1426 1330 domestica
1447 1275 1563 1346 negotis
1584 1275 1626 1327 ni·

263 1367 305 1421 hil
327 1380 415 1435 aeque
436 1361 515 1432 pensi
535 1359 635 1424 habui,
658 1376 692 1414 ac
713 1361 861 1415 editionem
881 1358 986 1423 libelli,
1009 1375 1081 1429 quae
1101 1358 1168 1412 mihi
1184 1357 1344 1426 juvenculo,
1367 1355 1447 1408 nulla
1466 1354 1627 1409 eruditionis

214 1461 218 1464 ’
265 1447 340 1500 mma
359 1442 480 1514 publica,
502 1439 689 1513 typographis
711 1441 763 1495 sibi
784 1442 817 1494 de
839 1442 937 1493 damno
957 1429 1152 1501 metuentibus,
1174 1436 1320 1508 plurimum
1337 1434 1466 1489 exhibuit
1485 1435 1630 1489 molestia·

264 1539 336 1580 rum:
367 1530 397 1576 et
418 1527 500 1575 erant
520 1520 566 1591 qui
593 1521 767 1575 absurditate
797 1519 863 1573 moti
895 1519 1032 1590 dogmatis
1059 1518 1241 1588 Cepernicani
1269 1515 1416 1570 conatibus
1446 1515 1512 1569 meis
1542 1516 1629 1588 inter·

265 1606 404 1659 cederent.
446 1602 544 1670 ltaque
565 1600 673 1670 scripta
692 1599 865 1655 dedicatione
886 1598 943 1652 ista
964 1598 1055 1652 idibus
1069 1598 1140 1667 hiaji
1161 1595 1354 1658 Stuocardiae‚
1379 1602 1443 1666 post
1464 1597 1533 1650 duos
1553 1612 1629 1648 men·

265 1702 310 1740 ses
330 1697 458 1739 resersus
479 1697 538 1734 sum
559 1680 586 1734 in
607 1679 738 1750 styriam,
759 1679 859 1735 relicta
880 1679 1029 1733 hiaestlino
1049 1678 1225 1748 praeceptori
1245 1694 1305 1732 meo
1326 1674 1455 1729 ediubnis
1476 1692 1543 1730 cura
1556 1692 1630 1745 pene

265 1767 425 1834 desperata
466 1759 518 1815 llle
538 1776 604 1813 vero
626 1762 661 1813 ad
682 1762 885 1822 exornandum,
910 1760 1150 1814 commendandum
1171 1765 1201 1812 et
1222 1758 1294 1811 inter
1314 1755 1438 1810 homines
1458 1756 1630 1828 vulgandum

267 1842 441 1914 opusculum,
472 1841 543 1910 quod
565 1839 673 1911 ingenti
693 1857 754 1895 cum
778 1839 971 1913 gratulatione
1001 1837 1118 1909 primum
1138 1844 1307 1909 aspexerat,
1339 1835 1408 1889 nihil
1429 1836 1495 1890 iecit
1516 1835 1628 1905 reliqui:

268 1921 439 1995 perfecitque
460 1920 609 1989 prudentis
629 1926 659 1973 et
679 1920 815 1976 industria
835 1935 896 1982 sua,
919 1927 951 1974 ut
970 1918 1083 1973 libellus
1105 1920 1216 1972 tandem
1237 1919 1365 1971 ederetur
1385 1916 1439 1969 dne
1462 1915 1526 1970 anui
1544 1915 1627 1977 1596,

189 2049 194 2056 .
268 2011 298 2058 et
318 1998 497 2072 sequentibus
519 2000 645 2053 nundinis
667 2001 825 2055 vernalibus
847 1999 914 2053 anui
938 1999 1012 2053 1597
1034 1999 1165 2070 catalogo
1187 1995 1410 2052 Francofurtensi
1443 1996 1626 2049 insereretur:

266 2085 334 2138 duro
356 2079 471 2134 nominis
492 2079 545 2132 mei
567 2079 640 2140 lata:
670 2096 734 2134 nam
763 2098 814 2151 pro
834 2079 959 2149 Keplero
988 2087 1189 2148 expresserunt
1208 2076 1353 2148 Repleum.
1397 2075 1456 2137 Quo
1481 2076 1541 2145 ipso
1562 2083 1631 2128 tem·

267 2179 348 2234 pore,
379 2161 517 2230 flagrante
547 2159 622 2213 bello
642 2160 804 2231 Hungarico
834 2175 895 2213 cum
916 2159 1026 2222 Turcis,
1055 2161 1088 2212 de
1118 2157 1265 2228 provinciis
1287 2155 1435 2209 limitaneis
1458 2155 1631 2210 Ferdiuandc

264 2241 360 2297 heredi
389 2238 529 2293 tradendis
560 2230 662 2294 arduis'
688 2238 934 2296 deliberationibus
973 2245 1080 2303 sctum,
1122 2238 1223 2309 quippe
1261 2236 1370 2291 exactis
1408 2235 1487 2289 annis
1519 2235 1627 2289 heredis

268 2320 451 2377 tutelaribus.

349 2401 416 2454 Cum
438 2398 525 2469 igitur
545 2414 626 2452 casus
647 2398 770 2469 quidam,
793 2399 893 2470 oppido
915 2413 997 2470 quam
1018 2397 1148 2467 pulcher,
1176 2396 1256 2450 initia
1277 2395 1495 2466 speculationum
1516 2393 1633 2448 istorum

268 2497 329 2536 cum
349 2478 560 2551 gubernationis
576 2478 797 2536 ferdinandinae
819 2477 974 2550 primordiis
995 2476 1193 2540 conuenerit:
1215 2476 1275 2546 quis
1289 2481 1367 2529 vetet
1384 2475 1468 2528 mam
1489 2490 1633 2528 successus

267 2561 388 2632 reliquos
409 2560 643 2613 commemorando
664 2559 793 2630 exsequi:
824 2561 897 2613 unde
917 2560 985 2613 tides
1010 2558 1133 2613 brrnetnr
1158 2556 1218 2627 spei
1240 2555 1361 2626 optimae
1381 2555 1481 2624 plena,
1511 2571 1564 2608 uon
1585 2570 1632 2607 ca·

269 2657 329 2696 sum
349 2655 469 2702 mmm,
492 2639 540 2691 sed
560 2637 672 2710 genium
692 2639 961 2709 perspicacissimum
980 2645 1011 2692 et
1023 2636 1267 2709 uigilantissimum
1280 2635 1375 2696 misse,
1397 2635 1442 2705 qui
1463 2634 1535 2689 hanc
1549 2634 1633 2688 ritem

149 2785 152 2790 v
268 2720 408 2776 imbellem
429 2717 558 2789 humique
579 2725 738 2787 serpentem
758 2720 838 2774 ulmis
859 2718 916 2772 illis
938 2717 1101 2772 sublimibus
1122 2716 1308 2787 coaptaverit.

348 2798 461 2852 Etenim
481 2798 585 2852 factum
606 2806 650 2851 est
669 2799 718 2852 illo
740 2798 800 2868 ipso
822 2815 895 2853 anno
921 2797 1006 2860 1597,
1029 2805 1061 2851 ut·
1082 2796 1177 2867 Tycha
1198 2796 1340 2859 Braheus,
1363 2796 1404 2848 sir
1424 2794 1527 2848 illustri
1548 2803 1633 2848 stem-

270 2887 346 2935 mate
366 2877 473 2940 Danico
493 2884 664 2948 prognatus,
691 2878 866 2950 consiliisque
885 2879 1087 2933 restaurandae
1108 2876 1294 2932 astronomiae
1315 2875 1451 2945 susceptis
1472 2875 1634 2928 celebratis·

271 2961 364 3023 simus,
386 2974 523 3020 successu,
546 2960 636 3028 quoad
656 2958 740 3021 vixit,
763 2958 951 3022 felicissimus,
975 2964 1007 3010 ut
1026 2957 1072 3010 hic
1092 2957 1205 3027 inquam
1223 2955 1318 3010 Dacia
1338 2956 1433 3026 patria
1452 2955 1553 3008 relicta
1573 2971 1635 3009 oum

262 3031 342 3096 'omni
365 3044 504 3109 apparatu
526 3038 709 3091 astronomica
730 3038 865 3092 transiret
890 3038 918 3091 in
940 3037 1125 3091 Germaniam
1167 3038 1235 3091 Cum
1264 3043 1358 3090 autem
1378 3034 1461 3104 hrujus
1483 3035 1534 3089 riri
1555 3034 1634 3088 insti·

269 3127 335 3175 tuta
348 3118 414 3172 mihi
435 3134 472 3170 ex
492 3117 586 3171 relatu
606 3123 636 3171 et
655 3118 890 3186 praelectionibus
903 3117 1047 3172 Koestlini
1068 3119 1168 3171 dudum
1186 3123 1282 3170 essent
1296 3122 1371 3178 uota,
1394 3131 1453 3168 cum
1470 3113 1636 3170 mentionem

270 3200 346 3254 illius
366 3204 400 3251 ut
421 3195 516 3250 summi
537 3196 649 3250 artificis
669 3196 774 3266 passim
794 3197 821 3251 in
843 3197 903 3267 ipso
924 3197 1021 3250 libello
1042 3196 1186 3251 iecissem:
1211 3193 1357 3266 pulchrum
1377 3211 1548 3265 aequumque
1568 3196 1635 3248 mihi

272 3279 361 3332 risum
382 3282 439 3340 est,
470 3275 586 3345 primum
614 3283 699 3346 atque
723 3275 849 3330 libellum
870 3292 960 3329 meum
991 3277 1124 3347 catalogo
1146 3275 1369 3330 lhancolhrtensi
1399 3275 1532 3329 insertum
1558 3276 1635 3338 scivi,

273 3359 347 3412 inter
374 3362 481 3410 ceteros
505 3355 661 3409 matheseos
683 3355 853 3425 professores
882 3355 967 3409 etiam
988 3356 1153 3425 Tychenem,
1185 3363 1217 3410 ut
1238 3355 1466 3428 antesignanum,
1493 3357 1637 3409 consulere

273 3454 357 3508 super
378 3435 496 3490 materia
516 3434 618 3496 libelli,
649 3451 730 3504 quam
752 3453 812 3489 cum
842 3435 954 3505 proprio
990 3442 1047 3489 tum
1068 3435 1211 3490 Maestlini
1237 3435 1342 3504 judicio
1375 3436 1487 3488 maximi
1507 3434 1637 3489 momenti

237 3562 246 3575 ,
272 3534 330 3571 rem
350 3533 413 3570 esse
434 3516 525 3568 rebar.
566 3516 604 3569 Et
624 3516 710 3568 ceteri
730 3515 839 3585 quidem
859 3522 967 3585 promte
989 3517 1203 3584 responderunt,
1230 3515 1375 3569 Galileeus
1396 3515 1529 3581 Pataris,
1553 3516 1637 3570 Ursus

272 3595 376 3667 Frage,
397 3595 546 3648 Limnaeus
565 3596 650 3648 lena:
670 3589 708 3662 ²⁸)
729 3597 764 3649 ad
778 3595 937 3665 'Pythonem
957 3611 1022 3648 vero
1043 3595 1166 3665 epistola
1185 3611 1247 3650 mea
1267 3595 1373 3649 tardius
1394 3596 1499 3658 delata,
1522 3598 1592 3666 quod
1614 3597 1638 3648 is

271 3677 361 3729 locum
380 3671 541 3740 inscriptum
567 3674 676 3727 interea
694 3682 845 3738 mutasset,
876 3675 1050 3745 voluptatem
1078 3693 1115 3729 ex
1146 3692 1278 3745 responso
1304 3674 1376 3728 tanti
1401 3674 1452 3728 viri
1480 3683 1649 3729 secuturam·

271 3770 323 3825 per
343 3752 483 3822 integrum
504 3768 605 3808 aunum
619 3753 750 3830 detinuit:
772 3755 853 3809 hausi
867 3756 980 3809 tandem
994 3755 1072 3808 illam
1086 3755 1193 3808 affatim
1214 3754 1384 3824 adjunxique
1405 3754 1532 3808 laetitiae
1545 3756 1637 3825 publi-

273 3849 338 3896 cae,
361 3847 432 3902 quae
455 3839 520 3885 tuno
540 3832 662 3902 Stysiam
683 3835 800 3888 tenebat
820 3836 855 3888 ob
877 3834 994 3889 exordia
1013 3835 1224 3906 gubernationis
1245 3835 1425 3898 Perdinandi,
1451 3835 1638 3889 florentissimi

272 3911 412 3983 principis.
456 3911 618 3982 Quanquam
639 3907 750 3982 eclipsis
772 3929 876 3986 magna
889 3914 962 3968 Solis
984 3914 1011 3967 in
1032 3914 1251 3968 dodecatemorio
1272 3914 1396 3985 piscium,
1418 3914 1464 3985 qui
1482 3915 1557 3969 locus
1572 3917 1638 3969 Fer·

273 3992 391 4046 dinando
413 3991 557 4054 culmiast,
584 3993 725 4062 multoque
746 3995 835 4064 magis
857 3993 1034 4064 intemperies
1055 3994 1194 4047 hominum
1215 4000 1365 4058 certarum,
1393 3994 1453 4062 jam
1475 3996 1558 4066 signa
1577 4013 1638 4050 meo

267 4071 372 4141 judicio
393 4071 595 4140 praetulissent
616 4072 753 4126 aerumnis
773 4074 859 4142 paulo
880 4082 946 4143 post
965 4090 1017 4144 per
1037 4075 1194 4142 provincias
1215 4074 1280 4127 illas
1302 4075 1465 4129 consecutis.
1542 4121 1545 4126 ⁴

353 4156 554 4222 Argumentum
576 4152 719 4207 literarum
741 4154 842 4207 Brahei
865 4154 918 4206 hoc
938 4161 1010 4216 erat,
1031 4153 1073 4207 uti
1094 4154 1236 4222 suspensis
1256 4154 1492 4223 speculationibus
1515 4171 1533 4208 a
1553 4154 1639 4225 priori

274 4231 504 4285 descendentibus
524 4231 643 4285 animum
663 4231 756 4301 potius
777 4235 812 4286 ad
834 4233 1043 4287 observationes
1065 4250 1133 4303 quas
1155 4233 1235 4287 simul
1256 4234 1400 4298 offerebat,
1426 4235 1639 4289 considerandas

275 4310 441 4386 adjicerem:
472 4310 554 4380 inque
580 4311 613 4365 iis
635 4311 722 4380 primo
742 4314 832 4382 gradu
855 4313 942 4374 facto,
974 4321 1074 4381 postea
1095 4315 1201 4366 demum
1230 4314 1265 4367 ad
1291 4331 1391 4368 causas
1412 4318 1589 4369 ascenderem
1610 4323 1640 4369 et

274 4391 332 4443 tale
354 4391 417 4460 quid
439 4390 467 4442 in
488 4407 539 4444 sua
560 4391 652 4459 potius
674 4391 832 4460 hypothesi,
855 4409 936 4462 quam
958 4393 1018 4460 ipse
1038 4393 1191 4462 Cepernica
1212 4393 1345 4447 veriorem
1367 4395 1508 4458 censebat,
1531 4395 1639 4449 commi·

275 4469 408 4522 niscerer:
440 4469 572 4540 denique,
601 4477 635 4523 ut
656 4470 689 4521 ad
716 4469 804 4539 ipsum
824 4488 867 4524 me
898 4472 1062 4534 conferrem,
1094 4473 1196 4542 quippe
1218 4474 1264 4543 qui
1289 4473 1349 4541 jam
1376 4490 1451 4527 mare
1482 4475 1639 4529 transisset.

275 4547 396 4617 Cumque
417 4565 471 4601 non
493 4548 588 4602 statim
610 4566 664 4620 ego
685 4552 886 4619 responderem,
910 4552 1035 4604 Braheus
1058 4553 1154 4605 eodem
1175 4561 1339 4623 argumento
1361 4554 1455 4622 plures
1476 4557 1511 4608 ad
1525 4566 1568 4608 me
1589 4570 1640 4624 per

276 4642 377 4679 annum
398 4636 557 4696 sequentem
579 4628 690 4699 scripsit
710 4630 857 4698 epistolas,
888 4646 1003 4701 quarum
1026 4647 1081 4685 una
1105 4633 1288 4701 postellam,
1320 4634 1536 4703 unaquaelibet
1562 4651 1640 4688 mora

276 4705 449 4774 interposita,
471 4706 536 4760 mihi
558 4716 622 4762 sunt
642 4708 776 4765 redditae.
820 4712 932 4765 Interim
953 4711 1060 4766 Grastii
1088 4711 1222 4780 dissipato
1248 4719 1343 4766 nostro
1365 4719 1446 4766 coetu
1467 4713 1638 4777 discentium,

276 4784 337 4853 ipse
358 4785 504 4848 salarium:
526 4791 597 4856 quod
618 4787 763 4857 capiebam
784 4806 802 4844 a
821 4790 981 4860 proceribus
1002 4791 1162 4860 provinciae
1183 4792 1243 4845 sine
1264 4808 1366 4862 opere,
1394 4793 1465 4846 bene
1486 4794 1639 4848 collocatu-

276 4878 323 4919 rus
344 4864 487 4919 consilium
506 4868 618 4921 tandem
644 4867 722 4935 cepi,
752 4870 910 4941 Tychonem
930 4871 1024 4925 Brahe
1044 4871 1175 4926 visitandi
1195 4871 1279 4926 toties
1301 4873 1474 4928 inritantem.
1518 4874 1642 4928 Venerat
