3609 5634
795 361 915 427 contr·
1234 317 1238 326 ’
1304 435 1309 445 ,
1472 361 1534 428 ιιι

142 515 249 579 unes
267 521 447 602 contagiet,
472 519 581 601 quibos
598 521 795 596 demonstret,
819 521 895 586 haec
914 522 958 584 ita
977 521 1039 584 lieri
1057 539 1158 602 posse,
1184 539 1251 584 cum
1268 528 1369 582 tamen
1393 539 1431 581 ex
1455 531 1536 586 moto

143 604 308 671 Telluris
331 611 419 672 unico
442 617 583 672 secutura
606 610 675 672 sint.
719 613 822 691 Atque
845 609 902 671 hoc
926 610 1046 691 quidem
1068 611 1165 673 multa
1186 617 1258 689 post
1281 609 1384 670 secula
1405 609 1457 670 vix
1481 612 1535 672 de·

142 711 239 756 mum
256 697 332 760 fiet.
362 698 423 762 Sed
441 697 535 760 tertio
558 700 685 761 mutatio
700 699 937 761 eccentricitatis
952 699 1113 771 Terreuae,
1137 718 1197 778 qna
1220 705 1354 760 centrum
1377 699 1536 760 eccentrici

143 782 191 845 ad
214 782 340 849 Solem
358 787 476 850 accedit
499 794 532 849 et
553 787 592 848 ab
612 806 647 850 ec
668 787 791 859 recedit,
816 787 884 849 inde
904 808 923 847 a
943 787 1118 876 Ptolemaeo
1143 789 1182 848 ad
1201 806 1255 848 nos
1279 804 1372 867 usque
1396 805 1537 866 magnum

142 871 230 950 qnid
259 875 300 936 in
324 877 424 939 Marte
447 883 479 937 et
497 877 619 938 Venere
643 876 752 951 intulit,
768 872 798 955 ⁰)
823 894 947 954 quorum
970 876 1213 938 eccentricitates
1237 893 1303 936 cum
1327 881 1463 936 mutatae
1486 876 1535 936 vi'-

143 960 319 1038 deantur,
347 965 418 1045 quid
440 966 647 1028 Ptolemaeum
676 965 822 1028 dictumm
845 965 960 1044 putas?
1005 963 1156 1044 Numquid
1181 981 1297 1025 rursum
1319 980 1413 1024 novos
1437 963 1536 1026 circn-

144 1050 201 1112 los
229 1052 271 1115 in
300 1061 467 1116 ceterorum
491 1053 638 1116 infinitam
662 1054 780 1116 turbam
804 1045 977 1128 ascisceret,
1002 1053 1029 1116 si
1051 1053 1192 1116 vireret?
1216 1050 1323 1132 quibus
1346 1050 1483 1113 omnibus
1505 1052 1536 1113 in

146 1136 345 1219 Cepernico
368 1160 442 1223 opus
465 1142 587 1204 minime
611 1149 667 1205 est.
701 1143 786 1204 Haec
809 1150 857 1205 tot
880 1150 912 1203 et
934 1149 1023 1205 tauta
1037 1139 1221 1221 Gopcrnicus
1245 1157 1299 1218 per
1322 1138 1409 1201 unius
1432 1139 1534 1202 circuli

145 1227 214 1289 AB
246 1230 321 1309 (fig.
340 1228 402 1304 10)-
418 1231 598 1309 positionem
622 1239 655 1292 et
672 1239 785 1293 motum
807 1230 979 1310 praestitit:
1005 1231 1081 1293 unde
1106 1229 1223 1303 merito,
1249 1228 1385 1308 quamvis
1409 1227 1535 1308 exiguus

147 1325 264 1392 esset,
292 1319 425 1398 Magno
448 1338 613 1398 cognomen
630 1319 721 1380 dedit.
758 1318 816 1380 Hic
838 1319 952 1397 primus
976 1327 1075 1381 motus
1099 1319 1182 1380 coelo
1197 1317 1301 1380 Lunae
1325 1335 1393 1378 cum
1415 1316 1535 1378 Tellure

148 1407 342 1468 communis
367 1407 434 1468 luit.

260 1493 335 1557 Jam
357 1512 446 1574 porro
471 1495 636 1564 videamus,
659 1494 730 1572 qnid
753 1493 860 1575 reliqui
883 1503 982 1556 motus
997 1493 1128 1556 Telluris
1151 1492 1298 1566 efficiant,
1323 1491 1372 1575 qui
1395 1490 1536 1554 accidunt

151 1580 251 1646 iutra
276 1583 361 1646 illurn
384 1584 488 1646 Lunae
512 1583 673 1646 orbiculum
698 1583 735 1644 ad
760 1584 802 1644 A.
1519 1619 1524 1630 ·

264 1670 422 1735 Secundus
446 1672 538 1752 igitur
561 1678 659 1733 motus
683 1690 741 1733 uon
765 1670 874 1750 integri
899 1670 990 1744 orbis,
1015 1669 1069 1731 sed
1093 1667 1217 1731 orbiculi
1242 1667 1401 1739 coelestis,
1424 1666 1533 1729 Terrae

154 1759 298 1839 globum
320 1761 453 1841 proxime
476 1780 532 1821 cen
555 1754 692 1822 nucleum
715 1760 893 1823 includentis
908 1762 953 1833 ¹³),
980 1758 1080 1820 tendit
1102 1758 1131 1819 iu
1156 1757 1327 1837 oppositum
1350 1756 1390 1818 ab
1412 1762 1481 1817 ortu
1503 1756 1532 1817 in

155 1863 325 1924 ocenum,
349 1846 472 1930 perinde
496 1857 530 1911 ιιι
552 1848 699 1929 epicyclia
722 1849 918 1928 superiomm,
942 1847 1050 1926 quibus
1074 1865 1176 1908 eorum
1195 1845 1406 1907 eccentricitas
1430 1844 1535 1905 salva·

157 1944 217 2000 tur
246 1959 268 1999 a
288 1936 465 2018 Copemico.
502 1937 602 2017 Hujus
626 1956 725 1999 annua
747 1936 962 1999 constitutione
986 1936 1029 2007 fit,
1053 1943 1087 1996 nt
1110 1934 1340 2015 aequinoctialis
1364 1950 1483 2010 semper
1505 1932 1535 1992 in

158 2027 303 2089 eandem
325 2027 425 2089 mundi
449 2035 567 2106 partem
591 2026 732 2088 declinet.
777 2024 844 2087 Poli
871 2025 950 2087 enim
978 2023 1208 2104 aequinoctialis
1236 2023 1300 2084 sive
1332 2020 1465 2100 corporis
1496 2017 1535 2081 ab

158 2113 262 2194 hujus
285 2116 364 2196 polis
388 2134 440 2196 per
463 2112 506 2177 23
515 2109 546 2197 Ἰ,
567 2111 580 2145 ⁰
603 2115 728 2197 distant.
775 2112 835 2186 Qui
859 2122 958 2175 motus
982 2129 1049 2175 cum
1077 2111 1211 2193 pauxillo
1234 2109 1365 2172 velocior
1388 2108 1430 2169 sit
1452 2115 1536 2169 motu

160 2222 273 2268 annno
297 2204 379 2267 orbis
398 2205 506 2283 magni,
532 2204 607 2265 facit
625 2203 778 2264 sectiones
800 2202 976 2264 circulorum
999 2202 1063 2263 sive
1088 2199 1344 2280 aequinoctiorum
1367 2198 1435 2258 loca
1456 2216 1536 2275 pau·

163 2292 262 2355 latim
286 2294 314 2356 iu
338 2293 553 2373 praecedentia
575 2291 698 2354 moveri.
714 2295 742 2364 ι)
789 2290 890 2361 Quare
922 2310 975 2370 per
1002 2290 1080 2352 hunc
1110 2289 1250 2368 exiguom
1277 2286 1431 2367 globulum
1453 2284 1538 2345 cadit

162 2382 227 2444 illa
252 2391 432 2455 monstrose,
457 2382 573 2460 ingens,
598 2379 727 2459 ἀναςρος
750 2400 829 2442 nona
851 2379 982 2460 sphaera
1003 2377 1276 2457 Alphonsioorum‚
1300 2382 1335 2436 ut
1357 2374 1442 2451 cujus
1467 2372 1537 2433 cffi-

165 2470 255 2532 cium
276 2471 307 2532 in
330 2470 414 2533 illum
438 2470 603 2532 orbiculum
627 2477 719 2531 antea
738 2468 942 2530 necessarium
966 2468 1144 2529 translatum
1170 2474 1227 2526 est.
1245 2460 1288 2536 ⁸¹)
1327 2461 1420 2525 Cadit
1443 2461 1537 2521 etiam

166 2566 276 2620 motus
299 2559 497 2621 deferentium
520 2577 687 2638 apogaeum
711 2557 858 2631 Veneris,
889 2563 923 2617 ιιι
950 2555 1029 2636 quod
1053 2573 1111 2615 non
1136 2554 1225 2615 aliter
1248 2557 1398 2622 movetur,
1428 2547 1486 2609 nisi
1510 2548 1535 2608 si

169 2648 254 2709 fixae
277 2646 389 2709 moveri
413 2654 596 2709 statuantur.
1386 2668 1433 2719 rig.
1448 2667 1483 2711 ra.

265 2734 384 2798 Tertius
408 2744 507 2797 motus
531 2744 579 2797 est
601 2736 736 2815 polemm
754 2733 834 2812 globi
849 2729 981 2805 Terreni,
995 2732 1021 2803 ¹)
1045 2736 1189 2791 constans
1205 2727 1319 2789 duabus

171 2823 397 2900 librationibns,
422 2843 545 2906 quarum
563 2844 623 2885 nna
645 2831 695 2884 est
718 2824 817 2884 altera
835 2821 924 2901 duplo
946 2818 1081 2886 celerior,
1106 2825 1137 2879 et
1160 2817 1198 2878 ad
1221 2824 1320 2878 rectos

172 2915 315 2993 angulos.
355 2913 386 2974 Is
411 2913 639 2975 administratur
661 2930 715 2993 per
739 2919 866 2992 quatuor
889 2907 1027 2982 circulos,
1052 2905 1095 2969 sic
1120 2913 1152 2968 ut
1175 2905 1237 2966 bini
1260 2905 1321 2965 cir-

174 3002 236 3065 culi
261 3001 396 3082 singulas
420 3001 598 3064 librationes
622 3001 749 3074 t'aciant,
770 3005 813 3059 ‘et
839 2997 1017 3059 librationes
1040 2994 1124 3075 ipsae
1155 2992 1336 3073 permixtae

174 3091 309 3152 corollae
334 3090 464 3166 intortae
488 3089 620 3169 speciem
642 3088 823 3168 praebeant,
853 3086 883 3148 in
911 3086 988 3147 hunc
1011 3083 1131 3145 modum
1163 3082 1227 3161 (lig.
1254 3078 1320 3153 12).

266 3179 335 3241 Una
358 3179 479 3240 libratio
503 3179 533 3240 in
557 3180 658 3241 coloro
677 3175 875 3238 solstitiorum
894 3174 937 3248 fit,
963 3180 995 3233 et
1008 3173 1109 3234 salvat
1123 3169 1321 3232 variationem

175 3266 387 3330 declinationis
407 3267 525 3329 zodiaci
548 3286 615 3327 sero
634 3274 704 3345 post
721 3262 888 3326 Ptolemaei
913 3270 1050 3341 tempora
1063 3258 1320 3322 animadversam:

176 3356 240 3418 tale
264 3355 334 3435 quid
357 3364 390 3417 et
404 3356 579 3418 Ptolemaeo
604 3373 678 3433 opus
709 3353 817 3415 fuisset
839 3351 1018 3430 confingere,
1044 3356 1075 3411 et
1097 3345 1230 3409 nonnulli
1253 3362 1319 3406 nro-

178 3445 272 3517 derni,
297 3443 453 3506 undecimo
476 3443 577 3505 mundi
601 3442 671 3504 orbe
691 3443 755 3522 jam
779 3442 916 3514 conficto,
941 3445 1096 3518 praestare
1117 3433 1217 3497 conati
1240 3438 1319 3493 sunt.

265 3532 375 3596 Altera
389 3533 520 3608 libratio,
536 3551 611 3612 qnae
627 3532 660 3593 fit
674 3531 703 3592 in
718 3531 819 3591 coloro
835 3527 1099 3608 aequinoctiomm,
1124 3523 1224 3586 solvat
1238 3520 1428 3602 inaequalem
1441 3540 1533 3602 prae·

165 3621 343 3684 'cessionem
367 3621 629 3703 aequinoctiorum,
656 3627 688 3681 et
711 3618 846 3681 eliminat
863 3624 992 3702 octavae
1006 3614 1130 3675 lixarum
1150 3610 1308 3689 sphaerae,
1332 3628 1407 3689 qnae
1427 3610 1535 3673 ultima

177 3719 227 3772 est
248 3711 327 3789 apud
351 3709 566 3790 Copemicnm,
595 3718 707 3770 motum
735 3703 966 3786 trepidationis,
996 3701 1096 3779 illique
1126 3697 1255 3780 quietem
1279 3714 1363 3758 suam
1388 3698 1532 3762 restituit.

177 3800 278 3879 Atque
302 3818 338 3860 ne
362 3808 394 3862 et
421 3798 468 3860 hic
499 3805 597 3860 motus
626 3796 737 3876 aliquid
764 3796 794 3856 in
823 3792 933 3854 ceteris
962 3788 1091 3874 motibus
1120 3787 1308 3858 foeneretur,
1341 3783 1424 3846 tollit
1456 3787 1532 3849 irre-

175 3887 368 3967 gularitatem
400 3897 517 3956 motus,
551 3905 641 3969 qnam
669 3883 799 3946 omnium
830 3891 947 3960 septem
977 3877 1167 3957 planetarum
1199 3879 1233 3932 ut
1265 3879 1297 3932 et
1328 3891 1531 3952 apogaeorum

175 3983 274 4038 motus
298 3975 409 4039 habere
432 3976 607 4038 debuissent
640 3975 714 4046 (non
741 3971 806 4032 sine
830 3965 994 4031 ministerio
1018 3963 1134 4042 aliquot
1162 3977 1306 4021 novorum
1329 3960 1531 4037 circulorum),

177 4064 248 4144 qnia
270 4073 452 4144 compertum
476 4071 538 4138 est,
563 4082 666 4125 omnes
690 4068 789 4122 motos
813 4054 980 4135 aequaliter
1002 4069 1058 4129 per
1079 4051 1155 4112 fixas
1179 4048 1326 4110 incedere.

265 4151 400 4223 Quartus
424 4152 549 4233 deniqne
572 4159 671 4213 motus
694 4156 744 4209 est
766 4146 859 4226 ipsios
878 4139 959 4221 globi
975 4138 1097 4199 Terreni
1116 4145 1148 4198 et
1166 4135 1336 4196 circumfusi
1356 4134 1434 4196 aeris
1457 4153 1530 4212 pro·

176 4243 269 4320 prins,
294 4242 377 4320 cujus
399 4241 540 4320 periodus
560 4247 607 4301 est
627 4233 671 4300 24
686 4239 824 4298 horamm
847 4231 876 4290 in
902 4226 1028 4288 eaodem
1052 4224 1153 4287 muudi
1176 4223 1298 4304 plagam
1320 4241 1388 4284 cnm
1411 4223 1529 4295 ceteris,

178 4348 282 4409 nempe
307 4330 345 4391 ab
369 4347 478 4391 occasu
501 4330 530 4390 in
561 4336 677 4390 ortum:
709 4328 831 4401 propter
859 4334 946 4396 quem
974 4320 1057 4374 totus
1086 4311 1212 4374 mundus
1241 4310 1372 4390 reliquus
1402 4310 1439 4371 ab
1463 4317 1531 4371 ortu

176 4417 207 4480 in
239 4436 377 4480 occasum
409 4414 633 4497 imperturbatis
649 4426 771 4488 ‘magno
796 4404 939 4466 miraculo
968 4401 1098 4462 motibus
1126 4398 1266 4461 secundis
1295 4398 1365 4460 lerri
1395 4404 1528 4480 putatur.

178 4504 270 4569 Cadit
292 4506 383 4586 igitur
406 4506 459 4567 illa
482 4500 695 4564 incredibiliter
719 4495 782 4556 alta
805 4502 836 4556 et
858 4491 963 4571 pernix
987 4490 1104 4550 decima
1127 4488 1257 4568 sphaera
1278 4487 1423 4565 ἀναςρος,
1447 4487 1530 4564 cujus
1619 4561 1627 4576 ·

177 4603 210 4658 et
232 4596 324 4658 totius
348 4591 447 4656 mundi
471 4597 559 4653 tanta
581 4594 665 4648 esset
688 4586 716 4645 in
732 4583 906 4643 Ptolemaeo
929 4577 1101 4658 pernicitas,
1126 4585 1160 4638 ut
1184 4594 1240 4636 uno
1264 4575 1346 4637 nictu
1370 4574 1447 4635 oculi
1471 4573 1530 4634 ali·

178 4680 368 4761 quotmillia
379 4661 550 4741 milliarium
565 4674 739 4737 transirent.
774 4663 821 4730 'Ac
844 4685 957 4746 quaeso
982 4675 1021 4739 te,
1046 4665 1085 4725 ad
1108 4663 1253 4726 tabellam
1277 4659 1350 4737 (10)
1374 4661 1528 4743 respicias,

178 4780 213 4832 et
233 4768 361 4847 cogites,
386 4768 464 4846 quod
488 4764 589 4825 Tellus
614 4764 688 4824 baec
712 4763 828 4828 nostra,
858 4755 895 4814 de
919 4753 1003 4832 cnjus
1027 4761 1109 4814 motu
1133 4753 1315 4831 disputatur,
1345 4751 1443 4830 exigui
1467 4751 1528 4813 cir·

79 4874 82 4880 '
180 4857 248 4920 uelli
271 4855 396 4920 bonaria
425 4855 464 4916 ad
488 4853 516 4914 Α
540 4847 791 4933 septuagesimam
814 4843 865 4906 vix
888 4841 1006 4906 demum
1028 4850 1146 4923 partem
1170 4840 1306 4903 diametri
1330 4847 1459 4921 aequet:
1491 4837 1529 4900 ab
