3609 5634
689 342 693 350 ’
750 362 913 412 assam
1464 362 1506 430 os

110 514 213 577 tione.
251 518 408 603 Tempus
431 520 556 584 editioni
578 521 691 583 nullum
714 520 828 595 statui3
851 519 987 601 intelligo
1001 520 1089 598 enim,
1111 540 1185 602 opus
1198 522 1272 586 mihi
1289 541 1357 586 esse
1377 523 1506 588 lectione

111 611 277 669 accurata
304 610 511 686 Aristotelis,
535 610 671 673 Platonis
695 611 749 672 bc.
784 617 829 684 et,
857 610 1019 690 praecipue
1041 610 1070 672 in
1095 610 1170 673 libro
1193 612 1299 687 tertio,
1331 631 1506 695 cosmogra-

109 693 255 773 phorum
281 698 389 780 hujus
412 700 535 775 aetatis,
558 708 592 761 ut
614 710 646 761 et
667 699 870 766 historiarum.
908 698 951 760 Et
973 707 1073 761 tamen
1096 719 1142 762 me
1165 702 1314 782 peculiare
1338 701 1408 782 quid
1430 704 1506 765 hac-

110 791 210 846 teuus
245 786 407 866 detinet,
440 808 497 871 quo
524 789 620 851 minus
650 809 687 851 ne
719 807 837 851 manum
860 786 979 868 quidem
1001 787 1187 851 admoveam.
1232 790 1268 852 Id
1291 792 1353 853 talo
1382 801 1450 853 est:
1475 793 1506 854 iu

109 874 264 955 antiquis
292 877 525 960 hypothesibus
549 896 602 958 per
625 877 789 940 doctrinam
819 875 975 956 eclipsium
999 876 1137 941 docemur
1151 878 1248 942 metiri
1263 876 1344 942 Solis
1359 888 1390 943 et
1403 880 1507 944 Lunae

110 962 283 1044 sphaeras
312 987 482 1049 eorumque
505 985 648 1047 corpora;
676 967 713 1029 de
737 966 846 1029 ceteris
869 966 1043 1047 corporibus
1066 967 1140 1031 nihil
1154 968 1391 1031 demonstrative
1413 968 1507 1032 statui

110 1061 241 1131 potest.
277 1056 323 1119 In
353 1057 568 1141 hypothesibus
588 1054 747 1137 Oopemici
764 1056 851 1118 novis
866 1054 1005 1118 docemur
1021 1056 1119 1118 metiri
1141 1057 1240 1119 omnia
1252 1057 1382 1133 mobilia,
1404 1076 1507 1121 omnes

111 1141 342 1221 planetarum
371 1148 536 1228 sphaeras;
567 1146 621 1222 sed
649 1146 809 1226 sphaeram
841 1145 968 1207 marum
994 1165 1033 1207 ex
1059 1145 1097 1208 iis
1124 1147 1224 1209 metiri
1251 1166 1309 1209 non
1335 1166 1505 1228 possumus.

113 1231 230 1296 Docet
263 1236 360 1299 enim
384 1256 450 1298 cnm
472 1235 681 1317 antiquissimo
704 1234 900 1309 Aristarcho,
926 1234 1026 1297 orbem
1050 1253 1103 1297 seu
1127 1237 1241 1298 coelum
1262 1237 1372 1299 Terrae
1396 1236 1507 1302 habere

114 1340 151 1382 se
178 1321 300 1387 instar
327 1327 435 1407 puncti
458 1325 496 1387 ad
516 1324 742 1405 amplitudinem
764 1324 899 1394 fixarum,
924 1332 957 1384 nt
972 1323 1107 1385 estfolio
1129 1321 1191 1389 tls
1204 1325 1262 1388 mei
1285 1327 1427 1407 opusculi,
1443 1327 1507 1391 sive

115 1410 233 1491 potius
259 1413 487 1490 „Narrationis
509 1413 681 1477 Rhaetici.“
729 1412 813 1487 (vide
836 1412 916 1474 inira
937 1429 966 1491 p.
990 1407 1059 1487 65.)

219 1501 304 1584 Ego
343 1506 384 1567 ad
410 1503 655 1585 cosmographiae
690 1501 934 1583 descriptionem
950 1502 1075 1564 multum
1101 1501 1249 1566 interesse
1270 1521 1396 1578 censeo,
1419 1506 1506 1580 scire,

120 1610 164 1652 an
189 1610 277 1654 vere
306 1594 387 1656 haec
409 1593 455 1654 ita
477 1611 510 1653 se
533 1592 674 1655 habeant.
722 1590 855 1671 Cumque
884 1590 916 1651 in
944 1587 1111 1670 Copemico
1140 1591 1359 1656 nihil-videam
1385 1603 1508 1674 praeter

122 1675 311 1758 ὑποθεσιν,
335 1683 394 1746 hoc
413 1690 469 1756 ost,
495 1701 560 1744 cnm
582 1681 633 1743 ille
656 1682 712 1743 hoc
735 1699 794 1743 non
817 1680 877 1742 alio
905 1687 1079 1760 argomento
1103 1680 1286 1746 demonstret
1317 1701 1405 1763 quum
1435 1703 1508 1746 sen·

126 1771 218 1838 snali
261 1772 339 1845 (ubi
357 1771 503 1853 probatur
524 1771 660 1851 quidem,
689 1770 811 1832 Terram
840 1769 879 1831 ad
902 1787 1037 1830 crassum
1059 1788 1177 1832 sensnm
1200 1790 1259 1833 non
1281 1772 1395 1834 distare
1418 1782 1508 1837 nota-

128 1859 247 1923 biliter
275 1882 299 1923 a
324 1860 415 1936 Sole;
439 1860 510 1932 sed,
539 1879 576 1920 an
601 1860 752 1940 exquisito
780 1877 870 1920 sensu
897 1867 930 1919 et
958 1858 1163 1920 instrumentis
1185 1861 1261 1922 haec
1283 1860 1428 1926 distantis
1449 1882 1509 1926 non

129 1949 429 2024 animadvertatur,
458 1948 490 2010 id
521 1967 579 2010 non
601 1949 775 2028 probatur),
806 1947 887 2008 viam
910 1945 1002 2008 talem
1025 1946 1138 2024 inveni,
1167 1967 1225 2030 qua
1248 1958 1301 2012 ant
1322 1953 1510 2031 suppositum

131 2039 317 2117 probetur,
352 2048 405 2102 aut
427 2039 538 2099 Terrae
568 2057 587 2098 a
609 2044 711 2099 centro
741 2035 886 2099 distantia
913 2035 1115 2098 constituatur
1148 2046 1181 2101 et
1207 2039 1396 2121 exploretur,
1417 2051 1509 2123 atque

131 2127 180 2192 sic
206 2128 317 2191 etiam
341 2137 506 2191 extremum
524 2126 639 2189 coelum
661 2125 759 2188 metiri
782 2125 942 2205 possimus.

231 2219 314 2281 Non
338 2229 386 2281 est
408 2227 516 2291 autem,
541 2215 620 2296 quod
642 2216 762 2279 credere
786 2215 853 2294 quis
874 2214 981 2294 possit,
1007 2213 1096 2275 obvia
1116 2215 1219 2278 horum
1240 2218 1509 2298 experimentorum

137 2308 300 2371 occasio:
328 2308 383 2370 sed
404 2306 454 2369 ubi
478 2306 576 2368 omnia
599 2305 758 2385 diligenter
780 2302 1009 2385 perquisivsris,
1040 2303 1091 2364 vix
1114 2300 1135 2365 2
1157 2313 1210 2368 aut
1233 2302 1253 2368 3
1276 2307 1380 2370 modos
1403 2308 1509 2371 ohser-

140 2396 238 2459 vandi
267 2397 445 2477 excogitare
467 2395 577 2475 possis.
623 2394 737 2456 Horum
761 2401 861 2456 autem
883 2393 984 2455 nullus
1008 2399 1074 2466 est,
1104 2393 1154 2474 qui
1184 2413 1244 2456 non
1271 2396 1384 2477 aliquot
1415 2416 1510 2460 annos

138 2484 261 2548 adsui
290 2485 533 2550 certificationem
563 2482 712 2563 requirat:
747 2480 882 2563 quamvis
912 2500 972 2543 una
1003 2478 1178 2544 observatio
1207 2482 1335 2548 breviori
1367 2479 1510 2569 temporis

141 2575 267 2654 spatio,
291 2584 366 2656 puta
392 2575 405 2638 1
433 2582 485 2636 aut
507 2569 528 2634 2
551 2573 621 2634 anni
644 2570 861 2652 quadrantibus
884 2568 1064 2650 perficiatur.

139 2667 142 2672 '
240 2666 364 2728 Primus
397 2682 434 2726 ex
465 2663 527 2737 his,
558 2680 644 2743 quem
675 2680 731 2741 ego
761 2660 832 2722 mihi
855 2660 953 2739 elegi,
984 2667 1016 2720 et
1038 2657 1087 2740 qni
1111 2657 1353 2724 evidentissimas
1376 2671 1442 2740 cst,
1466 2664 1511 2728 sic

144 2752 267 2818 habet:
291 2752 414 2817 Certum
436 2761 493 2825 est,
518 2750 544 2814 si
567 2752 661 2814 Terra
684 2750 725 2812 sit
748 2758 835 2813 extra
857 2748 956 2811 mundi
980 2748 1118 2821 medium,
1132 2747 1284 2813 horizonte
1299 2751 1415 2816 coelum
1432 2773 1512 2817 nun·

150 2860 248 2922 quam
271 2842 409 2906 hilariam
432 2841 544 2915 secari,
575 2839 634 2903 nisi
665 2839 696 2901 in
724 2848 792 2901 ortu
814 2845 868 2900 ant
894 2855 1003 2900 occasu
1026 2835 1108 2899 Solis
1132 2837 1375 2922 (praesupposito
1397 2850 1510 2918 temen,

151 2933 238 3011 quod
267 2939 367 2994 motus
395 2930 516 2992 diurnus
540 2929 651 2992 Terrae
674 2928 827 2991 volutione
851 2926 996 3001 accidat).
1041 2926 1101 2988 Est
1126 2927 1156 2989 iu
1185 2939 1344 3010 praesente
1371 2931 1510 2995 schema·

151 3019 251 3084 tismo
273 3021 364 3083 KAH
377 3018 557 3082 meridianus
575 3018 608 3082 in
628 3019 695 3098 ipsa
717 3018 841 3079 fixarum
864 3016 1003 3096 sphaera,
1017 3013 1091 3077 EID
1112 3015 1192 3080 linea
1206 3028 1289 3081 recta
1302 3029 1512 3100 repraesentet

153 3111 324 3183 zodiacum,
347 3128 435 3191 quem
449 3109 567 3189 quidem
581 3108 751 3170 debuissem
764 3106 927 3168 secundnm
940 3104 983 3169 rei
1006 3102 1165 3168 veritatem
1185 3108 1353 3173 describere
1367 3110 1397 3172 in
1411 3112 1511 3192 amplo

157 3199 212 3261 illo
237 3200 363 3276 circulo,
387 3197 441 3262 sed
464 3205 673 3278 repraesentet
695 3197 774 3258 viam
798 3205 829 3258 et
852 3193 954 3258 orbem
977 3192 1119 3268 Telluris,
1149 3195 1247 3278 sitque
1270 3198 1381 3262 Terrae
1404 3219 1511 3282 corpus
1539 3213 1545 3220 “

155 3288 187 3349 in
226 3289 272 3365 E,
314 3289 356 3364 D,
390 3297 422 3351 et
457 3286 504 3350 bis
536 3286 566 3348 in
602 3285 638 3360 J;
674 3285 795 3348 ELDM
830 3292 880 3347 est
1156 3299 1236 3351 flea

157 3379 325 3459 amplitudo
348 3377 424 3440 coeli
447 3378 610 3439 terrestris.
656 3376 750 3438 Terra
772 3375 874 3455 itaque
1235 3391 1311 3441 rx„

157 3477 243 3530 motu
265 3486 363 3530 annuo
387 3466 550 3530 circumeat
572 3465 610 3527 ab
632 3463 659 3525 Ε
682 3483 735 3544 per
758 3464 821 3528 lin
836 3464 874 3539 D,
1016 3384 1234 3532 f

159 3565 192 3619 et
214 3557 284 3620 hinc
301 3576 418 3619 rursum
439 3555 472 3616 in
495 3555 591 3617 altero
614 3553 799 3615 semicirculo
822 3570 876 3632 per

160 3645 175 3708 1
197 3646 229 3709 in
250 3646 288 3709 E.
318 3644 393 3709 Cum
415 3662 487 3724 ergo
510 3644 617 3724 globus
640 3643 751 3704 Terrae
774 3650 822 3704 cat
844 3641 873 3702 in

160 3733 197 3811 Ε,
214 3743 247 3797 et
269 3745 401 3797 nostrum
424 3735 453 3795 in
478 3752 513 3795 eo
527 3731 706 3795 domicilium
724 3731 768 3792 ita
786 3729 874 3792 incli·
947 3733 951 3750 ‘

162 3834 274 3902 natum,
298 3833 332 3887 ut
354 3822 526 3904 longissime
548 3823 642 3884 distet
664 3821 702 3882 ab
725 3820 740 3881 1
759 3818 830 3882 Sole
845 3817 875 3880 in
906 3831 933 3877 s

162 3924 279 3989 centro,
303 3914 402 3976 media
424 3932 484 3975 nox
507 3922 573 3985 est;
612 3921 643 3972 et
669 3917 731 3971 tum
754 3908 875 3971 horizon
905 3894 928 3938 ¹

163 4004 230 4066 KH.
257 4004 302 4066 st
315 4004 342 4066 si
356 4005 451 4066 Terra
464 4001 504 4064 sit
522 4002 553 4063 in
571 4002 596 4076 Ι,
611 4008 644 4062 et
660 4007 794 4061 nostrum
818 3995 875 4058 do-

163 4093 304 4157 micilium
318 4112 435 4156 sursum
448 4100 565 4172 vergat,
583 4108 691 4170 vesper
709 4096 766 4160 est,
781 4084 874 4158 ctSol

164 4184 290 4257 occidit;
314 4193 419 4264 estque
442 4182 564 4244 horizon
583 4179 721 4253 FLIMB,
741 4176 874 4241 incidens

164 4274 193 4335 in
216 4272 316 4336 Solem
339 4274 364 4336 I.
411 4270 464 4335 Sic
487 4271 513 4333 si
537 4270 630 4332 Terra
659 4268 688 4330 in
710 4268 739 4330 D
761 4266 873 4343 veniat,

165 4371 196 4423 et
216 4364 247 4425 in
268 4379 303 4425 eo
322 4369 457 4424 nostrum
471 4358 651 4422 domicilium
669 4377 785 4420 sursum
802 4376 872 4419 ver-

164 4458 226 4530 gat,
250 4452 372 4514 horizon
395 4451 458 4532 ejus
481 4458 531 4511 est
553 4445 620 4524 GC,
644 4455 676 4510 et
698 4445 846 4510 meridies.

250 4558 326 4622 Esto
346 4560 412 4640 jann
434 4552 568 4632 Ε4Ὕ,
590 4550 742 4622 Dalm,
765 4547 878 4628 14⁰5,
901 4546 998 4624 ‹1⁰es;
1023 4556 1054 4610 st
1076 4546 1117 4608 sit
1139 4545 1275 4608 stellaA
1297 4544 1419 4625 polaris,
1438 4562 1514 4625 quac
1625 4562 1632 4574 ·

165 4647 283 4724 ponitur
305 4649 420 4711 coelum
442 4645 574 4708 mediare
597 4663 664 4705 curn
686 4638 775 4719 4Ὓ.
821 4641 918 4721 Igitur
941 4634 1085 4719 superiori
1105 4654 1210 4696 mense
1233 4633 1423 4715 Septembri,
1447 4651 1514 4696 cunr

166 4732 220 4798 Sol
243 4745 327 4800 esset
349 4737 431 4799 circa
452 4731 565 4806 ΜΩ,
598 4741 630 4795 et
657 4732 780 4812 proinde
803 4731 897 4793 Terra
915 4729 995 4790 circa
1017 4718 1108 4799 4Ὓ,
1139 4723 1297 4785 observavi
1326 4722 1515 4785 altitudinem

165 4826 196 4887 A
217 4828 327 4889 stellae
350 4826 380 4889 in
402 4825 502 4887 media
525 4830 623 4885 nocte.
650 4822 786 4884 Necesse
809 4818 901 4898 igitur
924 4824 980 4889 est,
1005 4813 1160 4895 provenire
1183 4811 1368 4878 arcnmAK
1391 4811 1515 4894 Expec-

166 4916 230 4978 tavi
253 4918 355 4999 itaque
377 4933 470 4996 usque
495 4913 534 4976 ad
556 4911 768 4985 Decembrem,
799 4915 832 4969 et
861 4915 932 4968 tunc
963 4922 1049 4966 ruane
1082 4910 1171 4983 atque
1201 4921 1326 4986 vespere
1358 4900 1516 4966 observavi
