3609 5634
722 330 727 334 ’
793 363 906 427 rrymn
924 362 1125 429 commotu

750 559 794 624 ΙΝ
818 557 959 623 CAPUT
981 555 1177 630 QUINTUM

818 681 913 734 nora
931 680 1109 734 sunnonis.

363 791 393 860 a)
420 794 466 848 Ex
489 791 587 865 anguli
610 807 647 845 sc.
671 790 741 844 recti
770 789 944 860 aptitudine,
976 796 1006 844 et
1028 790 1100 860 qnod
1123 788 1215 843 omnis*
1237 786 1268 841 in
1294 784 1463 840 semicirculo
1486 790 1579 838 raetos
1606 787 1665 835 est

284 876 415 947 angulus

874 991 1061 1006 ————·

860 1133 983 1232 Caput
1008 1132 1072 1206 VI.

602 1292 698 1371 Quod
719 1293 803 1356 arcer
825 1291 936 1356 Ionem
958 1298 989 1353 et
1009 1290 1150 1354 Mortem
1166 1288 1325 1373 pyrornie.

372 1431 443 1493 Jam
466 1451 520 1494 cur
542 1434 648 1496 cubum
669 1433 802 1513 excipiat
823 1432 967 1515 pyramis,
992 1450 1080 1493 nemo
1094 1431 1255 1493 admodum
1269 1427 1435 1501 mirabitur,
1461 1446 1527 1490 cum
1545 1425 1579 1501 l)
1594 1428 1657 1489 illa

285 1524 347 1584 lere
371 1522 409 1583 de
432 1522 603 1603 principatu
626 1522 707 1584 ausit
729 1542 796 1584 cum
820 1521 896 1584 cubo
918 1521 1114 1590 contendere,
1139 1517 1175 1593 2)
1200 1519 1321 1597 insuper
1343 1517 1392 1579 vel
1415 1516 1484 1597 ipsa
1505 1517 1553 1578 vel
1578 1512 1656 1592 ὁμο-

284 1614 355 1691 loya
378 1611 555 1690 irregularia
578 1611 692 1673 faciunt
715 1612 752 1673 ad
778 1619 946 1673 ceterorum
965 1609 1220 1690 compositionem.
1257 1608 1337 1670 Nam
1359 1606 1537 1668 icosaedron
1561 1624 1654 1668 com-

283 1707 400 1781 ponunt
423 1696 467 1762 20
489 1700 679 1781 pyramides,
705 1700 799 1779 paulo
822 1700 978 1762 breviores
1007 1698 1217 1761 tetrabdricis:
1251 1696 1424 1758 octatdmm
1456 1702 1525 1757 octo
1549 1694 1653 1756 adbuc

285 1788 451 1850 breviores.
497 1788 715 1850 Dodecaedron
740 1788 798 1851 etsi
822 1789 972 1870 quadrato
995 1786 1113 1849 occulto
1137 1792 1272 1857 constat,
1296 1793 1396 1846 tamen
1420 1785 1450 1846 iu
1473 1783 1653 1866 pyramidas
1700 1867 1704 1871 Α

285 1877 396 1939 resolvi
420 1895 546 1937 necesse
571 1885 628 1938 est.
672 1874 708 1951 3)
729 1878 835 1956 Neque
851 1876 1100 1939 contemnendum
1114 1876 1179 1948 ltoc,
1205 1875 1283 1954 quod
1306 1873 1493 1935 tetraedrum
1515 1873 1546 1934 in
1570 1890 1649 1953 qua-

285 1973 353 2027 tuor
376 1967 530 2044 perlectas
558 1965 732 2047 pyramidas
762 1976 793 2027 et
815 1985 905 2028 uuum
935 1965 1100 2027 octaedrou
1131 1965 1259 2026 laterum
1283 1962 1407 2024 dimidio
1427 1961 1572 2024 minomm
1595 1982 1649 2023 re-

285 2054 363 2115 solvi
385 2061 496 2134 potest.
536 2051 572 2126 4)
596 2053 683 2117 Sicut
707 2057 735 2116 in
759 2055 860 2135 planis
884 2053 985 2117 omnia
1008 2054 1197 2133 multangula
1220 2052 1249 2113 iu
1273 2050 1425 2130 triangula
1447 2051 1649 2126 resolvuntur,

284 2143 329 2205 ita
353 2143 469 2223 reliqua
493 2143 593 2205 solida
615 2144 807 2205 mensurandi
830 2163 925 2205 causa
951 2143 981 2205 iu
1011 2142 1203 2224 pyramidas,
1238 2159 1312 2221 quas
1342 2140 1450 2201 deinde
1479 2139 1583 2211 cubis,
1614 2149 1652 2201 ut

284 2231 437 2311 triangula
468 2231 643 2312 quadratis,
678 2233 826 2294 metimur.
873 2232 931 2294 Est
959 2231 1052 2311 igitur
1080 2232 1259 2311 reliquomm
1288 2247 1439 2290 mensura*
1459 2236 1491 2290 et
1518 2229 1650 2291 omnium

284 2320 426 2383 facillime
446 2341 465 2381 a
483 2320 558 2381 cubo
577 2320 722 2383 meusilis.
761 2320 797 2394 5)
820 2321 899 2382 Hinc
921 2320 1081 2401 pleraeque
1106 2320 1171 2398 ejus
1195 2318 1302 2393 lineae,
1327 2325 1360 2379 ut
1384 2326 1418 2379 et
1439 2316 1562 2380 cubicae
1586 2325 1651 2379 tam

285 2408 374 2471 facile
398 2409 598 2489 quantitatem
628 2428 666 2471 ex
694 2411 813 2471 ratione
841 2409 975 2488 diagonii
1009 2408 1177 2488 accipiunt,
1212 2426 1269 2468 non
1303 2413 1404 2468 tamen
1438 2408 1527 2469 aliter
1560 2425 1650 2487 quam

285 2497 440 2579 quadratis
456 2497 597 2559 numeris.
633 2495 669 2572 6)
692 2497 862 2583 Pyramidis
881 2499 973 2560 etiam
993 2497 1174 2577 regularitas
1197 2515 1235 2558 ex
1259 2495 1332 2558 solis
1356 2496 1501 2558 lateribus
1524 2497 1648 2576 pendet,

284 2586 352 2649 cubi
375 2586 467 2648 etiam
491 2606 529 2647 ex
552 2586 681 2667 angulis.
715 2591 818 2668 Atque
841 2588 886 2649 sic
909 2587 1095 2670 pyramidum
1116 2586 1196 2647 inter
1215 2585 1402 2666 aequilatera
1421 2604 1478 2647 non
1497 2586 1566 2664 plus
1589 2605 1650 2646 una

284 2683 342 2751 est,
367 2682 400 2737 at
422 2675 451 2736 in
475 2671 617 2755 ἑξαεᾶρῳ,
641 2677 778 2756 quamvis
802 2677 979 2756 aequalibus
999 2675 1153 2748 lateribus,
1177 2682 1279 2736 temen
1302 2674 1419 2736 infinita
1441 2674 1575 2736 varietas
1599 2683 1651 2734 est

283 2764 470 2844 angulorum.
517 2759 585 2834 Quo
609 2766 746 2841 nomine,
777 2765 804 2826 si
827 2765 927 2827 nullae
952 2765 1030 2826 aliae
1055 2774 1159 2825 essent
1179 2763 1321 2834 rationes.
1347 2763 1425 2825 sitne
1448 2763 1650 2842 praeferenda

284 2853 375 2927 cubo,
401 2871 440 2914 au
463 2855 689 2932 postponenda,
719 2853 748 2916 in
773 2853 863 2916 dubio
885 2853 1031 2933 relinquo.
1079 2851 1114 2926 7)
1138 2852 1225 2913 Hanc
1243 2861 1375 2913 naturae
1399 2851 1554 2914 solertiam
1577 2851 1648 2913 imi-

287 2942 345 3004 tati
367 2942 503 3003 homines
531 2942 657 3021 primum
686 2943 843 3004 materiam
867 2943 906 3003 ad
929 2941 1172 3023 perpendicnlum
1202 2941 1321 3021 erigunt
1351 2942 1501 3022 rectisque
1529 2940 1649 3021 angulis

284 3031 480 3110 contignant,
518 3031 626 3093 deinde
661 3031 819 3111 triangulis
855 3031 976 3091 firmant
1002 3038 1033 3091 et
1062 3030 1229 3092 stabiliunt.
1290 3027 1326 3104 8)
1363 3030 1489 3109 Insuper
1526 3037 1648 3091 acutum

284 3120 426 3198 angulum
459 3137 524 3180 cum
557 3120 672 3181 habeat
703 3120 858 3204 pyramis,
890 3119 972 3198 prior
1003 3126 1052 3181 est
1083 3119 1301 3198 obtusaugulis.
1353 3119 1433 3182 Nam
1466 3118 1495 3181 id
1529 3133 1649 3199 semper

241 3278 243 3281 y
283 3208 411 3287 primum
434 3207 534 3268 estin
565 3208 685 3283 ordine,
716 3209 795 3288 quod
821 3207 939 3286 justam
967 3208 1060 3269 habet
1088 3208 1308 3287 quantitatem:
1342 3207 1398 3269 hoc
1422 3208 1506 3288 sequi
1528 3207 1648 3270 videtur

284 3297 383 3357 minus
402 3294 504 3374 justo,
536 3297 606 3376 qnia
629 3305 660 3358 et
684 3297 802 3376 longius
826 3295 934 3357 abesse
958 3296 1078 3358 videtur
1100 3297 1139 3358 ab
1168 3296 1330 3369 infinitate,
1363 3316 1451 3377 quam
1474 3297 1542 3377 plus
1562 3298 1647 3377 justo

285 3395 316 3445 et
340 3383 503 3463 simplicius
528 3384 619 3446 etiam
644 3394 700 3446 est.
744 3386 825 3447 Nam
848 3385 1080 3464 obtusangnlum
1103 3384 1223 3447 videtur
1246 3386 1465 3465 quodammodo
1489 3385 1649 3466 multiplex

286 3493 322 3535 ex
346 3483 429 3533 recto
454 3481 485 3533 et
509 3482 607 3534 acuto.
654 3472 722 3544 Quo
746 3473 842 3536 minus
867 3474 1049 3542 mirandum,
1080 3493 1133 3536 cur
1155 3473 1294 3553 paucitas
1319 3474 1493 3555 angulorum
1517 3474 1546 3535 in
1570 3473 1646 3548 basi,

285 3571 316 3623 et
340 3562 472 3641 ipsarum
501 3562 593 3624 etiam
623 3562 738 3624 basium
770 3562 917 3625 tetraddri
947 3582 1006 3624 non
1030 3563 1157 3642 deroget
1180 3561 1265 3624 cubo.
1311 3557 1392 3625 Nam
1417 3563 1594 3644 angulorum
1617 3571 1650 3625 et

285 3650 402 3711 basium
425 3668 565 3711 uumerus
589 3651 627 3712 ad
652 3660 823 3731 susceptam
849 3652 951 3732 anguli
975 3651 1104 3732 speciem
1128 3651 1300 3714 necessario
1324 3651 1469 3732 sequitur.
1510 3651 1597 3715 Unde
1622 3652 1648 3714 si

285 3746 385 3799 rectus
399 3738 482 3817 prior
497 3746 545 3799 est
560 3748 659 3808 acuto,
683 3740 765 3820 prius
781 3741 872 3803 etiam
896 3736 1047 3820 ἱξαεδροτ,
1071 3759 1159 3821 quam
1174 3741 1359 3814 tetraedron,
1375 3742 1647 3821 >tetragonoddrum
1668 3773 1671 3777 ⁴

284 3846 372 3905 quam
397 3827 629 3906 trigouo‘e'drum.
670 3826 705 3903 9)
731 3830 834 3911 Atque
858 3830 888 3891 id
913 3829 1004 3890 etiam
1028 3830 1096 3890 iude
1120 3829 1220 3909 colligi
1243 3837 1357 3909 potest,
1381 3831 1459 3910 qnod
1482 3830 1647 3910 perfectum

284 3916 393 3996 ubique
417 3916 558 3995 primum,
588 3927 659 3998 post
687 3918 734 3992 id,
766 3918 843 3998 qnod
868 3918 982 3992 delicit,
1008 3918 1143 3991 demum,
1175 3919 1254 3999 quod
1278 3918 1407 3981 excedit.
1456 3916 1533 3982 Cum
1555 3918 1649 3999 igitur

283 4003 420 4065 senarius
445 4004 587 4066 facierum
611 4026 750 4069 numerus
774 4008 927 4086 perlectus
954 4007 1009 4082 sit,
1041 4007 1175 4087 seqnitur
1201 4008 1399 4090 pyramidem,
1430 4028 1507 4089 qnae
1536 4008 1647 4084 deficit,

283 4111 340 4154 nou
365 4094 483 4174 quidem
507 4097 689 4175 praecedere
714 4096 823 4158 debere
849 4096 969 4171 cubum,
996 4104 1029 4158 at
1052 4095 1225 4158 immediate
1248 4098 1343 4177 sequi.

370 4181 526 4245 Habemus
551 4203 603 4245 cur
627 4184 829 4246 interiorem
853 4193 883 4245 et
903 4185 1037 4247 Martem
1061 4185 1191 4246 secundo
1216 4186 1281 4262 loeo
1305 4184 1347 4247 sit
1369 4186 1513 4267 pyramis.
1547 4183 1647 4264 Supra

284 4270 312 4331 in
338 4290 483 4349 suspenso
508 4273 574 4343 fnit,
599 4275 676 4352 quod
702 4293 809 4352 corpus
833 4274 925 4334 tertio
950 4275 1016 4336 loco
1041 4275 1082 4336 sit
1105 4273 1184 4335 inter
1197 4275 1329 4336 Martem
1353 4283 1385 4337 et
1399 4276 1534 4337 Terram.
1569 4274 1646 4336 Illud

283 4377 354 4419 vero
379 4360 426 4422 hic
450 4361 539 4422 facile
565 4361 722 4424 deciditur.
762 4360 838 4424 Cum
861 4363 941 4424 euim
964 4383 981 4423 e
1004 4363 1153 4443 primariis
1178 4363 1329 4426 residuum
1353 4363 1393 4425 sit
1415 4363 1645 4434 dodecatdrum,

284 4447 342 4509 erit
367 4449 438 4510 illud
462 4449 565 4511 ordine
589 4451 728 4522 tertium,
752 4450 831 4513 inter
853 4450 986 4513 Martem
1010 4459 1042 4512 et
1064 4453 1211 4514 Terram:
1243 4453 1279 4514 de
1304 4452 1389 4532 cujus
1412 4450 1647 4532 proprietatibus

283 4536 354 4616 qnid
377 4539 566 4600 sentiendum
591 4539 644 4615 sit,
671 4539 833 4602 collatione
858 4540 1097 4622 comptioribus
1121 4541 1204 4603 faeta
1228 4542 1317 4604 facile
1340 4539 1468 4621 patebit.

882 4730 1055 4742 m
