3609 5634
164 345 326 450 ‚oe
836 350 1036 454 ,m

281 475 956 572 mammaeam-unm·
982 510 1062 562 mur
1083 506 1499 573 Tmseqaaaabarlmae.
1534 507 1636 562 hm

282 580 361 628 centn
379 577 470 628 Terrae
488 585 583 639 motus,
610 580 743 643 quocirca
760 578 842 629 Solem
866 580 956 630 chaale
980 594 1071 646 magno
1096 578 1197 629 Terram
1228 579 1388 630 circmreblt
1412 578 1577 644 Coponium.
1606 584 1640 632 nt

282 663 365 699 rernm
382 649 472 705 muer,
489 650 585 700 ridetur
601 649 661 699 mihi
679 664 776 700 onmem
793 650 1028 712 verisimilitudinem
1045 649 1172 706 “trdus-
1208 649 1262 708 Sed
1288 649 1352 706 haee
1376 651 1469 716 malae,
1488 664 1545 710 cunr
1568 649 1638 701 alind

282 720 347 785 qued
364 722 472 771 scribam
488 735 539 772 uoa
556 727 677 772 oeeunat
852 737 856 744 ’

353 826 393 877 sd
410 826 473 877 haec
490 825 648 890 Keplerua
667 821 703 888 (d.
723 824 781 877 vn.
800 826 853 879 Cal.
872 826 948 892 Apri1.
970 823 1069 888 lbdd):

415 967 551 1031 Salutem
574 977 606 1031 et
629 988 696 1030 mea
720 969 852 1042 servitia,
875 968 1036 1049 Magnifice
1061 977 1092 1032 et
1113 968 1296 1032 Doctissime
1319 969 1387 1031 Vir.

372 1056 451 1128 Quid
475 1058 571 1121 literis
594 1059 668 1121 meis
692 1058 837 1121 accidisse
862 1059 977 1133 dicam,
1003 1069 1036 1120 nt
1057 1065 1122 1121 taur
1144 1053 1193 1119 diu
1216 1057 1405 1133 delituerint,
1434 1057 1554 1122 nescio:
1579 1055 1657 1122 uisi·

285 1146 380 1229 quod,
404 1147 481 1210 dnm,
496 1148 535 1209 ad
558 1147 650 1210 libros
672 1157 815 1227 perpetuo
838 1148 985 1222 deaedeo,
1020 1166 1146 1210 neeesse
1168 1147 1242 1210 mihi
1268 1157 1317 1210 est
1338 1147 1368 1210 in
1391 1146 1544 1212 homiuum
1564 1145 1635 1210 idc-

284 1255 405 1298 ueorum
428 1237 614 1316 ignoratione
638 1236 762 1309 versari,
788 1255 909 1317 quorum
933 1236 1082 1299 industria
1101 1236 1246 1317 ejusmodi
1261 1236 1385 1317 negotia
1398 1241 1638 1315 promoreantur.

284 1326 335 1387 Ad
358 1333 426 1387 tuas
450 1326 555 1388 literas
578 1326 675 1390 tribus
697 1326 886 1407 potissimum
910 1326 1076 1388 nominibus
1100 1325 1172 1387 mibi
1195 1325 1433 1410 respondendum
1457 1333 1517 1401 est,
1541 1324 1637 1406 primo

285 1415 404 1495 quidem
427 1415 611 1491 difficillimo,
636 1415 746 1478 ceteris
769 1413 986 1494 quodammodo
1009 1414 1204 1477 facilioribus.

205 1509 209 1518 '
372 1504 493 1566 Etenim
529 1505 636 1584 quibus
669 1522 724 1584 ego
756 1503 855 1565 verbis
883 1504 1012 1584 gratiam
1043 1521 1097 1583 pro
1124 1503 1302 1566 transmisso
1333 1521 1453 1565 munere
1484 1501 1638 1565 reseram?

285 1594 390 1673 Neque
414 1593 491 1655 eniur
514 1594 592 1654 tanti
617 1594 778 1654 aestimare
803 1593 893 1654 vilem
917 1612 1039 1673 operam
1061 1601 1212 1672 poteram,
1240 1610 1336 1672 neque
1359 1591 1527 1658 mehercule
1555 1589 1641 1671 quic-

286 1701 373 1764 quam
397 1689 518 1762 praeter
541 1682 756 1743 senteutiamm
779 1700 871 1743 causa
894 1681 1033 1743 veritatis
1056 1682 1247 1743 collationem
1271 1680 1470 1761 quaerebam,
1500 1688 1533 1741 st
1562 1698 1639 1759 quo-

180 1851 182 1854 ·
285 1771 332 1833 uis
355 1789 476 1832 munere
500 1771 614 1851 gratius
637 1770 709 1832 mihi
733 1779 809 1845 erat,
834 1771 955 1832 literato
979 1770 1053 1843 viro,
1076 1770 1106 1832 in
1121 1789 1179 1852 quo
1200 1770 1331 1850 cognitio
1345 1770 1519 1832 matheseos
1538 1767 1639 1848 digui-

209 1929 212 1940 ,
271 1869 351 1940 ,tate
373 1859 514 1939 politicae
530 1860 690 1921 functionis
706 1860 962 1936 cohonestaretur,
987 1859 1231 1940 qualitercunque
1255 1859 1451 1921 innotescere.
1487 1857 1643 1920 Sedenim

287 1949 358 2031 quid
379 1949 556 2029 prohibeat,
581 1949 639 2010 imo
663 1948 734 2030 quid
762 1949 920 2027 expediat,
953 1948 1149 2028 indigentiam
1177 1967 1296 2022 meam,
1331 1966 1390 2028 qua
1417 1966 1522 2009 munus
1546 1945 1641 2008 Tuum

288 2045 423 2119 augetur,
448 2057 548 2100 eoram
571 2047 602 2099 te
627 2037 715 2098 lateri
738 2038 830 2109 nolle,
854 2038 917 2099 viro
941 2038 1016 2106 tali,
1040 2039 1088 2101 cni
1109 2038 1212 2118 utique
1235 2055 1322 2098 uerno
1350 2035 1550 2117 persuadeat,
1572 2054 1640 2097 rua·

286 2127 466 2190 thematioos
490 2146 528 2188 ex
552 2146 624 2187 aura
646 2126 747 2187 vivere
772 2133 803 2187 et
826 2127 892 2187 sola
915 2126 1026 2206 ingenii
1049 2126 1146 2208 gloria
1168 2134 1327 2189 contentos
1350 2145 1417 2188 esse
1441 2143 1541 2205 posse.
1571 2124 1641 2186 Ita·

288 2236 343 2297 que
366 2217 474 2290 velim,
506 2215 563 2277 hoo
597 2215 651 2277 tibi
683 2215 883 2295 persuadeas,
913 2216 972 2277 etsi
1005 2216 1076 2278 mihi
1098 2217 1214 2296 gratius
1242 2214 1379 2276 accidere
1401 2214 1474 2276 nihil
1497 2213 1639 2294 potuerit,

287 2324 376 2386 quarn
399 2304 576 2385 intelligere,
599 2307 668 2366 mea
691 2305 746 2365 abs
770 2313 800 2365 te
823 2305 954 2383 probari,
972 2313 1071 2365 tamen
1086 2325 1123 2366 ue
1138 2325 1242 2368 munus
1258 2304 1378 2385 quidem
1392 2304 1489 2366 isthoc
1503 2302 1640 2383 potuisse

230 2465 234 2468 ,
289 2412 346 2455 non
370 2413 437 2456 esse
461 2393 674 2474 gratissimum.
722 2392 839 2464 Quodsi
870 2413 930 2475 qua
960 2412 1028 2455 mea
1049 2394 1198 2456 industria
1220 2394 1312 2456 tibia
1338 2412 1385 2456 me
1407 2393 1529 2473 pensari
1550 2410 1641 2472 posse

290 2482 450 2563 intelligis,
474 2481 608 2559 obsecro,
633 2482 665 2545 id
687 2501 734 2545 me
758 2482 883 2559 doceas,
908 2482 1122 2564 materiamque
1146 2481 1345 2545 declarandae
1368 2480 1560 2563 gratitudinis
1583 2479 1641 2543 im·

290 2573 387 2654 perito
411 2572 563 2634 exhibeas.
579 2608 622 2618 -

380 2707 487 2723 .....
512 2661 572 2723 Sed
596 2660 635 2722 ad
658 2659 781 2736 te'rtium
803 2666 945 2740 puuctum
975 2661 1117 2722 accedam
1141 2659 1344 2734 („secuudum
1372 2659 1534 2739 puuctnm“
1564 2658 1640 2720 atti·

291 2760 342 2812 net
365 2751 568 2829 quaestionem
591 2749 739 2810 Herwarti
764 2748 800 2809 de
823 2748 928 2810 libella
950 2749 1081 2825 nautica,
1115 2748 1301 2811 reserandum
1325 2748 1362 2810 ad
1390 2747 1494 2810 librum
1517 2747 1641 2828 Kepleri

291 2840 328 2901 de
359 2839 449 2900 stella
482 2841 574 2913 nova)
611 2847 643 2900 et
674 2838 712 2898 ad
745 2856 796 2913 ea,
833 2856 911 2918 qnae
943 2837 1049 2900 scribis
1082 2837 1118 2899 de
1150 2855 1216 2898 meo
1249 2835 1420 2899 Prodromo.
1466 2836 1641 2899 Mathema-

290 2927 342 2990 tici
373 2927 472 3003 illius,
504 2927 637 3008 quisquis
669 2926 720 2989 ille
753 2927 807 2999 sit,
837 2926 982 3005 judicium
1005 2946 1097 3008 prope
1119 2926 1288 3005 intelligere
1311 2925 1422 2989 videor.
1469 2926 1540 2988 Jarn
1563 2927 1642 2987 enim

291 3016 450 3098 aliquoties
473 3018 544 3078 mibi
569 3036 623 3078 usu
647 3016 739 3089 veuit,
765 3024 797 3077 ut
811 3016 841 3076 iu
856 3034 918 3090 eos,
939 3016 989 3095 qui
1004 3035 1065 3078 rem
1080 3015 1199 3096 quidem
1217 3014 1395 3094 intelligunt,
1412 3023 1525 3078 motum
1539 3026 1641 3077 autem

218 3150 221 3162 .
290 3106 401 3168 Terrae
424 3106 545 3168 credere
569 3124 627 3167 uon
651 3111 794 3184 possunt,
823 3103 955 3166 incidens
984 3105 1039 3166 hoc
1068 3104 1206 3166 audiam:
1240 3104 1391 3183 egregiam
1414 3123 1482 3168 esse
1505 3104 1638 3185 phanta-

290 3196 386 3270 siam3
409 3195 465 3257 boc
488 3203 555 3269 est,
589 3193 734 3275 siquidem
764 3213 825 3254 uua
847 3193 921 3254 haec
946 3193 1120 3276 hypothesis
1148 3194 1184 3255 de
1208 3193 1319 3255 Terrae
1343 3202 1424 3257 motu
1451 3214 1525 3257 vera
1548 3201 1639 3271 esset,

290 3294 393 3345 cetera
415 3285 514 3360 omnia
536 3282 736 3364 pulcherrima
758 3282 816 3343 sibi
838 3282 944 3344 videri.
975 3283 1146 3357 Materiam,
1170 3301 1258 3363 quarn
1281 3282 1402 3363 diguam
1424 3283 1549 3364 alicujus
1568 3283 1639 3352 dili·

290 3372 410 3454 geutiae
433 3391 558 3443 censes,
591 3390 647 3452 ego
678 3371 744 3451 ipso
769 3371 857 3433 titulo
884 3390 950 3432 sum
971 3372 1142 3452 pollicitus:
1179 3371 1400 3434 Prodromus
1436 3372 1531 3448 euim
1559 3388 1641 3436 esse

291 3461 416 3525 debuit
437 3462 513 3525 iste
535 3480 632 3524 meus
655 3460 811 3523 libellus
843 3468 1135 3540 sequuturarum
1164 3461 1466 3524 dissertationum
1498 3478 1639 3524 cosmo-

290 3552 557 3634 graphicorum.
604 3548 770 3613 Consilium
801 3548 871 3611 mihi
898 3548 978 3611 tale:
1009 3550 1039 3612 in
1072 3568 1151 3612 nova
1179 3550 1407 3632 cosmographia
1438 3557 1642 3613 tractarentur

290 3649 466 3722 argumenta
488 3639 614 3723 physica
635 3658 690 3720 pro
713 3647 796 3700 motu
816 3638 942 3710 Terrae,
971 3646 1003 3701 et
1034 3647 1213 3720 cogerentur
1241 3641 1350 3716 multa,
1379 3640 1484 3723 quibus
1512 3636 1641 3720 singulis

291 3730 402 3792 diversi
424 3729 562 3809 exiguam
585 3728 673 3790 lidem
696 3726 857 3790 adhibituri
880 3734 993 3789 esseut.
1038 3728 1085 3791 Ne
1108 3729 1211 3809 itaque
1233 3727 1385 3791 inventum
1407 3730 1463 3792 hoo
1486 3747 1582 3792 meum
1603 3728 1639 3790 de

291 3820 419 3901 quinque
442 3818 615 3898 corporibus
638 3818 716 3879 iuter
738 3817 816 3879 istae
844 3816 930 3896 quasi
962 3818 1068 3898 paleas
1095 3818 1306 3892 delitesceret,
1335 3825 1366 3880 et
1392 3838 1460 3881 ures
1486 3817 1641 3880 sententia

290 3927 356 3970 cum
379 3907 488 3970 ceteris
511 3907 590 3982 inter
617 3906 734 3968 incerta
762 3906 950 3986 rejiceretur,
987 3907 1068 3970 volui
1096 3907 1170 3970 illud
1195 3907 1359 3988 separatim
1384 3908 1488 3982 edere,
1526 3908 1552 3969 si
1581 3924 1639 3986 quo

289 4006 379 4079 pacto
401 3997 489 4058 fidem
512 4003 671 4059 mereatur.
719 3995 798 4056 Nam
824 3995 880 4055 hoc
903 4003 964 4069 est,
995 3996 1073 4075 quod
1104 3997 1309 4077 probahilibus
1342 3997 1511 4078 sequuturis
1544 4013 1638 4077 argu·
1734 4020 1738 4026 ·

289 4087 398 4154 mentis
426 4106 464 4150 ex
489 4086 615 4168 physica
645 4085 699 4146 luc.
731 4083 893 4164 depromtis
922 4084 1093 4146 nonnullam
1123 4086 1317 4148 autoritatem
1349 4086 1505 4149 conciliare
1537 4083 1638 4148 debet.

289 4177 424 4239 Libellos
446 4175 574 4238 meditor
597 4173 856 4254 cosmographicna
879 4180 1019 4252 quatuor:
1047 4172 1080 4247 l)
1104 4173 1155 4235 De
1178 4174 1450 4250 Univeraitate,
1481 4181 1512 4238 et
1537 4174 1637 4255 potis·

290 4266 396 4330 simum
419 4264 456 4326 de
478 4265 615 4345 partibus
639 4261 739 4324 runndi
763 4261 994 4341 quiescentibus,
1019 4260 1100 4325 Solis
1124 4263 1188 4324 loco
1211 4273 1245 4324 et
1266 4264 1374 4345 quiete,
1394 4265 1519 4327 fixarum
1533 4264 1637 4345 dispo-

290 4355 398 4418 sitione
421 4364 453 4416 et
475 4354 585 4434 quiete,
609 4353 726 4414 unitate
750 4351 802 4413 duc.
826 4350 936 4413 muudi.
983 4348 1018 4426 2)
1042 4351 1095 4415 De
1118 4351 1331 4427 Mobilihns3
1355 4353 1385 4414 iu
1405 4371 1463 4433 quo
1481 4353 1640 4433 repetitum

290 4444 441 4525 negotium
464 4443 501 4506 de
524 4443 652 4523 quinque
676 4440 858 4521 corporibus,
881 4439 1046 4519 disputatio
1069 4442 1107 4504 de
1129 4450 1212 4504 motu
1227 4440 1347 4518 Terrae,
1366 4442 1557 4522 proportione
1571 4461 1637 4504 mo-

290 4542 372 4596 tuum
394 4532 606 4616 Pythagorica,
630 4530 745 4592 musica
768 4529 821 4591 dac.
855 4526 891 4604 3)
915 4528 966 4594 De
990 4531 1108 4608 globis
1132 4530 1223 4612 ipsis
1245 4530 1456 4611 peculiaribus,
1479 4532 1637 4613 sedprae-

291 4622 375 4703 oipue
406 4623 443 4684 de
471 4621 560 4702 globo
588 4622 713 4695 Terrae,
750 4618 847 4680 causis
875 4618 1032 4695 montium,
1062 4621 1213 4683 fluminum
1237 4620 1290 4682 irc.
1334 4621 1371 4683 In
1398 4638 1507 4701 genere
1536 4629 1637 4683 tanuen

208 4734 212 4743 ·
291 4709 328 4788 4)
352 4710 402 4778 De
426 4710 607 4773 relatione
630 4709 727 4772 coeli
750 4715 787 4769 et
807 4709 941 4771 Terrae
970 4726 1062 4771 causa
1089 4709 1215 4772 actionis
1242 4717 1275 4770 et
1303 4709 1490 4789 passionum,
1523 4710 1560 4772 de
1588 4710 1637 4771 lu-

255 4844 264 4858 ·
292 4802 380 4876 mine,
405 4800 587 4880 aspectibus,
609 4798 841 4879 meteorologiae
866 4807 898 4862 et
921 4798 1102 4878 astrologiae
1128 4797 1280 4879 principiis
1307 4799 1449 4884 physicis.
1496 4797 1547 4862 Sic
1574 4807 1637 4860 tres

291 4890 406 4973 priores
429 4890 646 4969 responderent
668 4889 753 4952 libris
775 4887 952 4952 Aristotelis
973 4887 1012 4949 de
1038 4887 1136 4963 coelo,
1168 4895 1290 4967 quartus
1329 4888 1413 4952 lihris
1445 4889 1482 4952 de
1508 4907 1636 4969 genera-
