3609 5634
290 395 355 464 356
715 394 817 443 Literna
834 392 936 457 Keplsri
958 392 1110 457 chorumque
1127 397 1229 443 mutuas

290 554 476 619 vicinissime
498 561 600 616 tamen
625 548 784 614 Cerinthia
806 551 848 614 nil
870 550 1007 640 pluviae,
1039 551 1175 632 squalor,
1201 551 1343 626 ariditas,
1371 558 1407 612 ut
1429 548 1652 630 impedirentur

289 646 402 726 pabula
425 651 456 704 et
480 642 592 721 fruges.
638 639 707 701 Non
727 640 861 718 negarim
884 630 1123 722 cbnjnnctionem
1145 635 1210 714 ιιι
1236 599 1348 720 aliquid
1376 640 1476 701 iacere
1500 637 1540 699 ad
1564 635 1647 698 leni-

289 735 432 807 tudinem,
456 738 490 792 ut
513 740 545 792 et
568 729 689 791 stellam
713 747 822 790 novam
846 736 877 789 et
901 747 1080 807 congressus
1104 728 1235 790 omnium
1261 731 1452 807 planetumm
1476 726 1559 799 ius.
1598 725 1649 786 at

287 843 347 885 uon
371 840 424 902 per
447 839 491 893 se,
517 820 571 880 sed
593 838 647 898 per
671 817 848 878 facultatem
872 817 1034 878 animalem
1048 817 1171 889 Terrae,
1196 835 1272 896 quae
1298 817 1356 878 init
1373 817 1538 878 sthuulata.
1577 813 1649 876 Ne-

289 931 347 992 que
372 929 410 971 ex
433 905 542 986 (thil
565 907 622 968 dici
646 913 764 986 potest.
794 925 846 967 cur
869 905 1031 968 Germanis
1055 905 1131 968 leuis
1155 904 1246 967 inerit
1269 905 1378 979 hiems,
1404 905 1492 967 Italis
1517 902 1649 983 frigidm

288 1000 344 1061 sed
368 997 540 1080 quaerenda
563 997 637 1058 haec
660 996 741 1057 intus
766 995 795 1056 in
820 994 934 1056 Terra:
960 995 1068 1079 qnippe
1092 997 1123 1071 ό
1136 991 1203 1072 lili
1225 993 1360 1057 omnibus
1385 995 1500 1055 cadem.

377 1087 444 1160 (Ad
467 1081 514 1159 6.)
560 1084 610 1146 An
638 1085 727 1146 Luna
755 1102 822 1145 cnm
850 1083 1002 1164 parallaxi
1034 1083 1212 1163 dirigenda?
1258 1079 1407 1154 Quaestio
1436 1080 1646 1161 impertinens,

287 1196 353 1239 cnm
369 1177 414 1237 ⁴de
438 1174 526 1253 louge
550 1173 715 1252 majoribus
739 1173 936 1252 disputemus.
984 1171 1092 1235 Dicam
1106 1180 1206 1234 tamen
1224 1172 1425 1234 senteutiam:
1448 1169 1567 1232 omniuo
1587 1168 1648 1229 hoc

286 1274 335 1327 est
357 1263 532 1344 principium
556 1262 781 1340 astrologicum,
807 1270 901 1336 astra,
927 1261 971 1323 uti
996 1261 1146 1336 videntur,
1172 1260 1347 1324 siccenseri
1370 1281 1389 1321 a
1412 1266 1520 1332 natura
1544 1256 1645 1318 iacul-

287 1361 353 1416 tate
377 1351 518 1414 naturali
567 1351 648 1431 Ergo
663 1351 752 1412 Luna
774 1369 840 1412 cum
862 1350 1014 1430 parallaxi
1037 1358 1086 1412 est
1109 1350 1237 1411 locanda
1260 1350 1289 1410 in
1305 1350 1408 1451 genesi
1428 1356 1461 1410 et
1474 1345 1645 1426 dirigenda.

286 1442 402 1503 Videor
425 1441 552 1502 eandem
576 1459 643 1502 cuns
656 1439 797 1518 Tychone
821 1458 945 1501 cansam
969 1440 1084 1502 afferre.
1130 1439 1164 1500 In
1184 1457 1253 1499 mea
1276 1438 1381 1517 genesi
1404 1456 1494 1500 casus
1517 1434 1645 1497 evidens

285 1533 334 1604 fit,
358 1549 427 1591 nam
450 1547 505 1608 per
523 1528 692 1607 parallaxin
716 1528 804 1589 Luna
826 1527 1024 1607 corporaliter
1042 1528 1221 1636 jungeretur
1243 1527 1392 1606 palilitio‚
1427 1526 1453 1587 si
1477 1524 1565 1586 modo
1589 1541 1646 1603 per

285 1618 501 1699 longitudinem
520 1617 707 1696 jungeretur.

376 1707 443 1780 (Ad
466 1705 514 1780 8.)
560 1705 657 1767 Βιιιι
680 1722 797 1777 mones,
833 1711 866 1765 nt
889 1686 1041 1766 Chronica
1068 1703 1190 1777 adeam,
1225 1722 1300 1785 qnae
1323 1711 1458 1765 meteora
1481 1699 1648 1778 consigna-

286 1805 366 1866 runt,
389 1795 517 1874 indeque
541 1793 759 1875 experientiam
782 1793 929 1854 hauriam
976 1792 1100 1854 Faciam
1122 1791 1163 1867 id,
1187 1792 1238 1853 ubi
1261 1794 1328 1874 plus
1344 1792 1398 1854 otii
1418 1791 1562 1852 habuero
1601 1787 1650 1848 At

289 1904 348 1947 non
373 1902 438 1946 cum
462 1882 546 1944 coelo
571 1890 689 1944 tautum
712 1881 905 1961 comparabo,
930 1880 985 1941 sed
1008 1880 1134 1943 Terram
1158 1900 1258 1942 secum
1282 1881 1390 1958 ipsam

378 1972 444 2045 (Ad
468 1967 516 2044 9.)
562 1971 630 2033 Νοι
654 1970 693 2031 ιι
709 1969 909 2031 describenda
923 1977 1060 2032 meteora
1082 1970 1152 2030 anui
1172 1963 1249 2032 ¹601
1279 1970 1372 2031 otium
1391 1959 1539 2049 superest.
1582 1966 1647 2027 Fa-

287 2062 350 2126 eiat
380 2079 434 2142 pro
467 2078 514 2120 me
546 2059 681 2121 Joannes
714 2058 886 2132 (Eriksen),
912 2057 963 2121 ubi
995 2058 1137 2132 redierit,
1170 2066 1223 2119 aut
1254 2058 1403 2120 Matthias
1436 2054 1646 2132 (Seiiiardus).

286 2150 345 2212 Die
372 2147 422 2211 10.
448 2144 533 2221 (20.)
557 2148 630 2210 Feb
655 2147 701 2208 ais
733 2166 835 2209 eurum
855 2154 953 2209 ortum
975 2154 1048 2226 post
1071 2147 1245 2220 lenitatem;
1270 2147 1348 2209 idem
1372 2147 1420 2208 hic
1444 2145 1482 2207 ad
1504 2161 1645 2247 unguem.

279 2238 383 2312 ,Vides
406 2235 606 2298 universalem
629 2244 760 2311 ventum,
786 2225 836 2317 qiri
859 2243 997 2309 serenat,
1032 2236 1081 2316 qui
1105 2235 1213 2316 pluvii,
1246 2236 1464 2316 particulares,
1493 2255 1513 2295 a
1536 2230 1646 2295 vicinis

286 2346 330 2389 so.
355 2325 516 2388 montibus

375 2414 441 2488 (Ad
470 2411 534 2487 10.)
581 2411 698 2483 Quae
685 2432 751 2492 Jam
775 2432 866 2492 snpra
889 2411 1177 2489 affirmaveram(p
1204 2407 1298 2486 352),
1328 2420 1363 2474 tu
1386 2430 1455 2475 ecce
1480 2411 1593 2473 evertis
1616 2409 1647 2470 iu

289 2504 446 2584 dirigendo
472 2503 662 2565 latitudinem
686 2501 899 2563 adhibendam.
945 2501 996 2563 Ad
1012 2500 1228 2581 experientiam
1251 2519 1409 2580 provocas.
1451 2501 1539 2580 Nego
1562 2499 1647 2561 illam

288 2594 364 2655 adeo
389 2591 531 2652 subtilem
555 2610 622 2652 esse
645 2608 747 2669 posse,
773 2600 807 2651 ut
829 2590 1013 2652 sufficienter
1032 2597 1171 2661 testetur,
1195 2590 1243 2650 vel
1262 2585 1541 2665 hoc'solouomiue,
1566 2587 1645 2668 qnod

289 2679 473 2744 directiones
493 2680 578 2759 ajunt
597 2678 743 2759 applicari
759 2679 797 2740 ad
816 2669 1019 2741 revolutiones
1042 2695 1120 2739 anno
1144 2678 1192 2739 vel
1207 2680 1408 2758 praecedente
1424 2680 1473 2741 vel
1488 2685 1644 2758 sequente.

288 2770 369 2832 Dum
392 2787 464 2830 vero
486 2786 634 2847 provocas
658 2768 697 2828 ad
721 2769 890 2847 exemplum
914 2768 1146 2870 profectionum,
1180 2768 1269 2846 plane
1300 2777 1331 2830 te
1354 2769 1447 2843 rideo,
1481 2785 1550 2828 cnm
1571 2782 1646 2846 pro-

288 2859 381 2921 fectio
405 2876 519 2918 memm
542 2858 585 2918 sit
607 2855 764 2917 somnium

358 2946 537 2995 Fabricius
556 2946 591 2996 sic
610 2943 750 2994 concludit:
778 2943 856 3008 Ego'
849 2958 877 2992 ιιι
895 2956 954 2992 mea
971 2943 1058 3007 genesi
1081 2942 1242 2992 directionem
1262 2939 1294 3003 Θ
1315 2944 1348 2994 ιι
1367 2942 1393 3004 d
1412 2944 1543 3009 plurimum
1561 2944 1645 2992 timeo

266 3016 345 3084 =Scio
363 3030 452 3080 nempe
471 3015 610 3071 horribilem
629 3029 700 3072 esse,
726 3029 774 3063 nec
791 3022 838 3063 tna
855 3014 920 3063 ratio
939 3012 1060 3079 dirigendi
1078 3028 1157 3078 nuper
1175 3015 1268 3078 scripta
1291 3016 1402 3064 animum
1424 3030 1506 3065 meum
1524 3013 1644 3079 tranquil·

286 3088 339 3140 lare
357 3094 453 3152 potest,
479 3093 505 3137 et
523 3101 619 3150 semper
638 3085 758 3148 ejusmodi
776 3085 878 3134 directio
904 3099 998 3135 summe
1017 3084 1156 3148 periculosa
1173 3085 1228 3135 init.
1264 3087 1301 3135 At
1317 3085 1388 3136 Deus
1407 3085 1511 3143 efficiet.
1538 3099 1571 3135 ne
1589 3086 1645 3135 sni·

286 3174 353 3219 mae,
372 3160 394 3208 si
411 3157 518 3206 maxime
537 3157 640 3220 corpori,
659 3161 758 3206 noceat
796 3156 873 3206 Hisce
891 3162 918 3206 te
936 3161 1054 3220 tuamque
1072 3155 1154 3205 valore
1170 3158 1259 3219 jubeo,
1285 3163 1312 3206 et
1328 3172 1389 3222 rogo
1408 3165 1535 3214 amanter,
1555 3163 1585 3206 nt
1601 3171 1645 3220 pro

287 3228 398 3280 Dranica
414 3235 501 3276 nostra
519 3229 631 3276 amicitia
649 3228 709 3276 mihi
727 3227 885 3290 respondeas.
922 3226 1001 3282 Vale.
1019 3227 1088 3285 vale,
1114 3227 1184 3285 vale,
1212 3229 1350 3293 iterumque
1369 3235 1396 3278 et
1411 3228 1500 3279 millies
1518 3228 1589 3286 rulo,
1618 3234 1645 3278 et

286 3298 549 3350 rsm'astronomicam
565 3312 640 3362 urge,
665 3298 822 3362 Martemque
841 3297 953 3354 debella,
979 3303 1008 3347 ut
1035 3312 1120 3347 omnes
1147 3306 1300 3364 cognoscant
1327 3305 1406 3349 artem
1431 3305 1503 3350 tuam
1520 3311 1639 3364 superare

286 3369 396 3422 Martem
412 3369 535 3419 hactenns
553 3369 679 3418 invictum.
717 3367 821 3432 Raptim
838 3367 951 3424 Ostelae‚
970 3369 1064 3418 Frisios
1082 3371 1144 3429 rico,
1164 3369 1189 3419 ι.
1208 3367 1250 3419 10.
1270 3367 1340 3433 (to.)
1358 3371 1418 3421 Feb.
1439 3368 1519 3420 root.

376 3440 584 3519 Keplerns:
610 3438 637 3502 O
662 3448 693 3501 te
716 3440 859 3501 miserum
883 3448 916 3501 et
938 3438 1102 3501 infelicem!
1150 3437 1211 3512 Qui
1225 3450 1272 3503 tot
1290 3442 1362 3522 jam·
1377 3443 1451 3504 meis
1466 3442 1644 3504 instructio·

287 3531 375 3594 nibus
397 3530 528 3592 nondum
551 3528 672 3591 liberari
694 3536 783 3607 potes
807 3548 826 3589 a
848 3536 931 3590 metu
955 3525 1138 3604 directionis,
1163 3531 1232 3611 quin
1257 3538 1290 3592 et
1312 3531 1457 3594 orandum
1473 3531 1529 3593 tihi
1543 3539 1643 3611 putas,

286 3639 323 3682 ue
347 3618 465 3680 animae
489 3625 606 3681 noceat
652 3617 832 3680 Beneiaciat
853 3617 938 3678 Deus
962 3626 1032 3679 tuae
1056 3617 1188 3694 animae,
1213 3627 1346 3682 ceterum
1369 3628 1404 3682 ut
1425 3620 1572 3701 impediat
1593 3620 1643 3681 di-

287 3708 463 3782 rectionem,
487 3725 524 3766 ne
547 3707 592 3768 illi
615 3715 734 3780 noceat,
759 3706 834 3767 nihil
857 3715 907 3768 est
928 3724 1063 3768 necesse.

375 3797 579 3868 Albanus,
602 3794 746 3856 Austriae
765 3795 931 3870 Archidux,
958 3802 1113 3856 natusest
1137 3794 1252 3856 oriente
1276 3792 1415 3869 wa,
1440 3793 1509 3874 Θ”
1500 3817 1531 3860 ιι
1555 3753 1644 3869 0οἰ

288 3881 416 3962 inab,
441 3877 653 3946 Lunainll⁰
666 3884 704 3958 ὅ.
742 3883 937 3962 Philippus
958 3884 1012 3945 111
1037 3882 1204 3963 Hispaniae
1229 3903 1299 3959 rex,
1322 3904 1400 3946 anno
1417 3882 1467 3949 78
1500 3884 1546 3948 ll.
1562 3886 1640 3965 Apr.

288 3992 375 4035 mane
399 3972 430 4033 h.
446 3969 477 4032 2.
498 3968 551 4033 20‘
567 3970 699 4033 meridiei
723 3972 912 4052 ntMaginus
935 3972 1113 4052 perscripsit
1132 3973 1171 4033 ad
1186 3972 1414 4052 Tenguaglium.
1461 3974 1645 4037 Accidentia

288 4061 409 4143 privata
431 4061 545 4139 ignoro,
571 4061 692 4139 publica
715 4080 753 4121 ex
776 4061 977 4122 monumentis
999 4060 1160 4139 puhlicis
1153 4080 1218 4140 lpse
1241 4063 1367 4141 corrige.

360 4148 532 4200 Fabricius
553 4145 589 4210 (d.
610 4148 634 4197 2.
654 4144 721 4211 [ιι]
740 4145 825 4212 ιρι).
846 4148 950 4212 Scripsit
968 4149 1001 4197 ad
1018 4162 1058 4198 me
1076 4149 1115 4199 Jo.
1135 4149 1247 4206 Eriksen.
1266 4163 1294 4212 se
1311 4152 1435 4201 rationem
1452 4156 1479 4201 et
1497 4165 1588 4203 causas
1606 4152 1644 4202 di·

289 4223 427 4272 rectionum
444 4226 470 4269 et
487 4219 691 4284 profectionum
684 4222 815 4269 invenisse.
853 4219 969 4269 Promisit
985 4233 1044 4270 snas
1056 4207 1220 4285 cogitationes
1238 4222 1271 4271 ad
1283 4236 1324 4272 me
1340 4224 1447 4282 mittere,
1466 4224 1510 4273 sed
1521 4224 1645 4274 hactenus

288 4308 339 4343 non
357 4293 425 4342 iecit
463 4289 572 4351 Quaeso,
591 4298 620 4341 tn
638 4290 751 4346 adoleas.
771 4305 828 4340 cnm
845 4292 933 4348 sciam,
952 4291 998 4340 tibi
1016 4296 1077 4340 nota
1095 4306 1149 4341 esse
1167 4291 1232 4342 illius
1250 4295 1343 4344 omnia

379 4363 586 4442 Keplerus.
627 4361 795 4424 Occasione
828 4380 961 4423 mearum
994 4363 1212 4440 cogitationum
1243 4364 1281 4425 de
1314 4366 1414 4427 causis
1446 4366 1646 4428 directionum
1680 4399 1690 4408 ·

289 4452 425 4514 Joannes
449 4451 515 4530 ipse
539 4470 655 4533 quoque
680 4450 891 4512 exstimulatus
916 4450 983 4526 fuit,
1008 4451 1189 4532 tandemque
1212 4447 1322 4532 ιῦρηιια
1341 4455 1533 4518 exclamavit.
1579 4454 1646 4535 Ego

287 4559 362 4604 vero
385 4539 444 4619 ipsi
467 4541 642 4616 monstravi,
666 4539 773 4600 eadem
796 4538 893 4619 ipsum
915 4539 1049 4618 cogitare
1064 4559 1188 4603 mecum.
1235 4542 1332 4621 Igitur
1352 4562 1417 4604 rem
1437 4551 1534 4606 totam
1557 4544 1597 4606 ad
1612 4562 1647 4606 se

292 4629 456 4702 revocavit,
481 4628 654 4703 affirmans,
668 4647 702 4689 se
727 4628 856 4689 noudum
879 4636 961 4689 recte
986 4628 1154 4708 explicasse
1179 4650 1236 4692 sna
1259 4631 1352 4693 animi
1366 4651 1467 4704 sensa,
1492 4633 1647 4695 delibera-

293 4725 391 4778 turum
414 4716 549 4793 ulterins,
575 4717 722 4798 quomodo
747 4716 957 4797 explicandum
970 4717 1012 4778 snt
1027 4719 1082 4779 hoc
1106 4738 1192 4780 sunm
1205 4718 1370 4784 inventum
1416 4722 1467 4784 lta
1490 4721 1646 4803 negotium

292 4804 349 4866 hoc
372 4806 451 4867 iuter
474 4824 530 4867 nos
553 4807 676 4890 quievit.
685 4799 710 4879 7)
759 4804 891 4868 Chartae
907 4824 990 4868 meas
1006 4826 1024 4866 a
1038 4805 1077 4866 D.
1095 4805 1216 4870 Schelio
1240 4817 1383 4890 acceptas
1406 4811 1442 4872 de
1467 4811 1644 4875 directioni-

293 4893 349 4956 bus
371 4892 444 4955 mihi
465 4894 596 4969 remitte,
621 4903 656 4956 nt
676 4894 743 4974 ipse
764 4913 819 4974 per
841 4894 946 4956 literas
969 4894 1041 4956 mihi
1065 4914 1098 4957 es
1119 4896 1273 4976 pollicitus
1298 4907 1329 4960 te
1351 4899 1512 4966 iacturum.
1559 4898 1646 4972 Quas
