<?xml version="1.0" encoding="UTF-8"?>
<!DOCTYPE html PUBLIC "-//W3C//DTD XHTML 1.0 Transitional//EN"
    "http://www.w3.org/TR/xhtml1/DTD/xhtml1-transitional.dtd">
<html xmlns="http://www.w3.org/1999/xhtml" xml:lang="en" lang="en">
 <head>
  <title>
</title>
<meta http-equiv="Content-Type" content="text/html;charset=utf-8" />
  <meta name='ocr-system' content='tesseract 3.04.00' />
  <meta name='ocr-capabilities' content='ocr_page ocr_carea ocr_par ocr_line ocrx_word'/>
</head>
<body>
  <div class='ocr_page' id='page_1' title='image "./joanniskepleria01unkngoog_0245.png"; bbox 0 0 3609 5634; ppageno 0'>
   <div class='ocr_carea' id='block_1_1' title="bbox 754 306 1550 376">
    <p class='ocr_par' dir='ltr' id='par_1_1' title="bbox 754 306 1550 376">
     <span class='ocr_line' id='line_1_1' title="bbox 754 306 1550 376; baseline -0.001 0"><span class='ocrx_word' id='word_1_1' title='bbox 754 306 972 360; x_wconf 66' lang='lat' dir='ltr'>neuwen</span> <span class='ocrx_word' id='word_1_2' title='bbox 1483 308 1550 376; x_wconf 84' lang='lat' dir='ltr'>are</span> 
     </span>
    </p>
   </div>
   <div class='ocr_carea' id='block_1_2' title="bbox 179 444 1650 538">
    <p class='ocr_par' dir='ltr' id='par_1_2' title="bbox 179 444 1650 538">
     <span class='ocr_line' id='line_1_2' title="bbox 179 444 1650 538; baseline 0.007 -21"><span class='ocrx_word' id='word_1_3' title='bbox 179 464 298 517; x_wconf 71' lang='lat' dir='ltr'>medem</span> <span class='ocrx_word' id='word_1_4' title='bbox 328 464 400 530; x_wconf 80' lang='lat' dir='ltr'>(lieet</span> <span class='ocrx_word' id='word_1_5' title='bbox 426 482 477 519; x_wconf 90' lang='lat' dir='ltr'>nou</span> <span class='ocrx_word' id='word_1_6' title='bbox 503 468 626 532; x_wconf 83' lang='lat' dir='ltr'>exprimat</span> <span class='ocrx_word' id='word_1_7' title='bbox 651 464 717 533; x_wconf 86' lang='lat' dir='ltr'>ipse)</span> <span class='ocrx_word' id='word_1_8' title='bbox 748 481 823 532; x_wconf 82' lang='lat' dir='ltr'>quam</span> <span class='ocrx_word' id='word_1_9' title='bbox 852 467 919 533; x_wconf 89' lang='lat' dir='ltr'>apud</span> <span class='ocrx_word' id='word_1_10' title='bbox 944 444 1285 538; x_wconf 77' lang='lat' dir='ltr'>Ptolensenm‘eeqmnds</span> <span class='ocrx_word' id='word_1_11' title='bbox 1309 474 1421 525; x_wconf 73' lang='lat' dir='ltr'>teum</span> <span class='ocrx_word' id='word_1_12' title='bbox 1450 475 1491 522; x_wconf 82' lang='lat' dir='ltr'>eet</span> <span class='ocrx_word' id='word_1_13' title='bbox 1518 469 1552 521; x_wconf 86' lang='lat' dir='ltr'>D.</span> <span class='ocrx_word' id='word_1_14' title='bbox 1646 504 1650 527; x_wconf 80' lang='lat' dir='ltr'>t</span> 
     </span>
    </p>
   </div>
   <div class='ocr_carea' id='block_1_3' title="bbox 180 535 1605 1463">
    <p class='ocr_par' dir='ltr' id='par_1_3' title="bbox 180 535 1605 1463">
     <span class='ocr_line' id='line_1_3' title="bbox 180 535 1553 606; baseline 0.003 -19"><span class='ocrx_word' id='word_1_15' title='bbox 180 535 253 587; x_wconf 84' lang='lat' dir='ltr'>Nam</span> <span class='ocrx_word' id='word_1_16' title='bbox 271 538 377 589; x_wconf 75' lang='lat' dir='ltr'>menius</span> <span class='ocrx_word' id='word_1_17' title='bbox 396 539 488 591; x_wconf 73' lang='lat' dir='ltr'>Eion</span> <span class='ocrx_word' id='word_1_18' title='bbox 506 540 573 590; x_wconf 86' lang='lat' dir='ltr'>eirea</span> <span class='ocrx_word' id='word_1_19' title='bbox 590 539 612 589; x_wconf 88' lang='lat' dir='ltr'>B</span> <span class='ocrx_word' id='word_1_20' title='bbox 632 546 671 590; x_wconf 88' lang='lat' dir='ltr'>est</span> <span class='ocrx_word' id='word_1_21' title='bbox 689 538 795 589; x_wconf 87' lang='lat' dir='ltr'>eireulns</span> <span class='ocrx_word' id='word_1_22' title='bbox 820 535 870 601; x_wconf 84' lang='lat' dir='ltr'>(rel</span> <span class='ocrx_word' id='word_1_23' title='bbox 894 543 966 606; x_wconf 83' lang='lat' dir='ltr'>quasi</span> <span class='ocrx_word' id='word_1_24' title='bbox 992 542 1097 593; x_wconf 85' lang='lat' dir='ltr'>eirsulus</span> <span class='ocrx_word' id='word_1_25' title='bbox 1120 539 1184 604; x_wconf 89' lang='lat' dir='ltr'>iere)</span> <span class='ocrx_word' id='word_1_26' title='bbox 1211 544 1267 594; x_wconf 82' lang='lat' dir='ltr'>viae</span> <span class='ocrx_word' id='word_1_27' title='bbox 1291 542 1462 606; x_wconf 86' lang='lat' dir='ltr'>planetarise,</span> <span class='ocrx_word' id='word_1_28' title='bbox 1486 541 1553 592; x_wconf 92' lang='lat' dir='ltr'>unde</span> 
     </span>
     <span class='ocr_line' id='line_1_4' title="bbox 183 606 1553 678; baseline 0.002 -19"><span class='ocrx_word' id='word_1_29' title='bbox 183 606 348 660; x_wconf 72' lang='lat' dir='ltr'><strong>Ptolemaeus</strong></span> <span class='ocrx_word' id='word_1_30' title='bbox 367 625 425 662; x_wconf 91' lang='lat' dir='ltr'>eum</span> <span class='ocrx_word' id='word_1_31' title='bbox 443 626 486 676; x_wconf 91' lang='lat' dir='ltr'>pro</span> <span class='ocrx_word' id='word_1_32' title='bbox 504 614 546 661; x_wconf 87' lang='lat' dir='ltr'>sia</span> <span class='ocrx_word' id='word_1_33' title='bbox 564 617 591 662; x_wconf 91' lang='lat' dir='ltr'>et</span> <span class='ocrx_word' id='word_1_34' title='bbox 607 626 651 675; x_wconf 91' lang='lat' dir='ltr'>pro</span> <span class='ocrx_word' id='word_1_35' title='bbox 670 612 809 661; x_wconf 82' lang='lat' dir='ltr'>eecentrieo</span> <span class='ocrx_word' id='word_1_36' title='bbox 827 611 947 675; x_wconf 87' lang='lat' dir='ltr'>planetae</span> <span class='ocrx_word' id='word_1_37' title='bbox 965 614 1115 678; x_wconf 81' lang='lat' dir='ltr'>aeeeptarit</span> <span class='ocrx_word' id='word_1_38' title='bbox 1146 612 1199 665; x_wconf 81' lang='lat' dir='ltr'>Sed</span> <span class='ocrx_word' id='word_1_39' title='bbox 1216 614 1322 665; x_wconf 86' lang='lat' dir='ltr'>oireulna</span> <span class='ocrx_word' id='word_1_40' title='bbox 1339 612 1435 662; x_wconf 84' lang='lat' dir='ltr'>medius</span> <span class='ocrx_word' id='word_1_41' title='bbox 1453 611 1553 663; x_wconf 80' lang='lat' dir='ltr'>eiroac</span> 
     </span>
     <span class='ocr_line' id='line_1_5' title="bbox 183 681 1554 749; baseline 0.003 -19"><span class='ocrx_word' id='word_1_42' title='bbox 183 696 238 730; x_wconf 93' lang='lat' dir='ltr'>non</span> <span class='ocrx_word' id='word_1_43' title='bbox 257 686 297 732; x_wconf 90' lang='lat' dir='ltr'>est</span> <span class='ocrx_word' id='word_1_44' title='bbox 317 695 428 747; x_wconf 87' lang='lat' dir='ltr'>aequans</span> <span class='ocrx_word' id='word_1_45' title='bbox 446 682 577 747; x_wconf 86' lang='lat' dir='ltr'>planetae,</span> <span class='ocrx_word' id='word_1_46' title='bbox 602 683 647 732; x_wconf 90' lang='lat' dir='ltr'>sed</span> <span class='ocrx_word' id='word_1_47' title='bbox 665 689 704 731; x_wconf 90' lang='lat' dir='ltr'>est</span> <span class='ocrx_word' id='word_1_48' title='bbox 722 681 857 747; x_wconf 82' lang='lat' dir='ltr'>Copemieo</span> <span class='ocrx_word' id='word_1_49' title='bbox 875 686 917 734; x_wconf 80' lang='lat' dir='ltr'>sie</span> <span class='ocrx_word' id='word_1_50' title='bbox 935 686 1014 734; x_wconf 86' lang='lat' dir='ltr'>uentri</span> <span class='ocrx_word' id='word_1_51' title='bbox 1032 685 1145 749; x_wconf 76' lang='lat' dir='ltr'>epioyell.</span> <span class='ocrx_word' id='word_1_52' title='bbox 1182 684 1293 747; x_wconf 84' lang='lat' dir='ltr'>Quodsi</span> <span class='ocrx_word' id='word_1_53' title='bbox 1311 690 1396 735; x_wconf 87' lang='lat' dir='ltr'>autem</span> <span class='ocrx_word' id='word_1_54' title='bbox 1413 689 1554 735; x_wconf 79' lang='lat' dir='ltr'>assumatm</span> 
     </span>
     <span class='ocr_line' id='line_1_6' title="bbox 182 750 1553 822; baseline 0.001 -20"><span class='ocrx_word' id='word_1_55' title='bbox 182 750 209 803; x_wconf 87' lang='lat' dir='ltr'>D</span> <span class='ocrx_word' id='word_1_56' title='bbox 231 755 334 818; x_wconf 74' lang='lat' dir='ltr'>ejusque</span> <span class='ocrx_word' id='word_1_57' title='bbox 353 754 458 804; x_wconf 85' lang='lat' dir='ltr'>eirenlns</span> <span class='ocrx_word' id='word_1_58' title='bbox 476 754 566 806; x_wconf 83' lang='lat' dir='ltr'>IKLM</span> <span class='ocrx_word' id='word_1_59' title='bbox 584 751 670 819; x_wconf 86' lang='lat' dir='ltr'>(quem</span> <span class='ocrx_word' id='word_1_60' title='bbox 689 752 839 818; x_wconf 83' lang='lat' dir='ltr'>Copernieus</span> <span class='ocrx_word' id='word_1_61' title='bbox 858 755 913 806; x_wconf 87' lang='lat' dir='ltr'>loeo</span> <span class='ocrx_word' id='word_1_62' title='bbox 931 756 1040 822; x_wconf 76' lang='lat' dir='ltr'>allegato</span> <span class='ocrx_word' id='word_1_63' title='bbox 1060 754 1164 818; x_wconf 86' lang='lat' dir='ltr'>omittit)</span> <span class='ocrx_word' id='word_1_64' title='bbox 1182 757 1342 808; x_wconf 77' lang='lat' dir='ltr'>manifestum</span> <span class='ocrx_word' id='word_1_65' title='bbox 1359 755 1403 813; x_wconf 87' lang='lat' dir='ltr'>fit,</span> <span class='ocrx_word' id='word_1_66' title='bbox 1423 770 1480 805; x_wconf 89' lang='lat' dir='ltr'>eum</span> <span class='ocrx_word' id='word_1_67' title='bbox 1498 769 1553 804; x_wconf 86' lang='lat' dir='ltr'>esse</span> 
     </span>
     <span class='ocr_line' id='line_1_7' title="bbox 182 824 1553 892; baseline 0.001 -18"><span class='ocrx_word' id='word_1_68' title='bbox 182 839 273 875; x_wconf 78' lang='lat' dir='ltr'>rerum</span> <span class='ocrx_word' id='word_1_69' title='bbox 298 832 461 890; x_wconf 86' lang='lat' dir='ltr'>aequantem,</span> <span class='ocrx_word' id='word_1_70' title='bbox 489 828 606 890; x_wconf 83' lang='lat' dir='ltr'>aequanti</span> <span class='ocrx_word' id='word_1_71' title='bbox 628 824 765 875; x_wconf 84' lang='lat' dir='ltr'>Ptolemaei</span> <span class='ocrx_word' id='word_1_72' title='bbox 790 826 972 877; x_wconf 85' lang='lat' dir='ltr'>absolutissime</span> <span class='ocrx_word' id='word_1_73' title='bbox 996 830 1235 892; x_wconf 39' lang='lat' dir='ltr'>eouespondentem,</span> <span class='ocrx_word' id='word_1_74' title='bbox 1275 827 1314 879; x_wconf 87' lang='lat' dir='ltr'>Sit</span> <span class='ocrx_word' id='word_1_75' title='bbox 1336 827 1401 877; x_wconf 88' lang='lat' dir='ltr'>enim</span> <span class='ocrx_word' id='word_1_76' title='bbox 1428 825 1553 890; x_wconf 84' lang='lat' dir='ltr'>epieyelus</span> 
     </span>
     <span class='ocr_line' id='line_1_8' title="bbox 183 895 1553 965; baseline 0.001 -19"><span class='ocrx_word' id='word_1_77' title='bbox 183 895 317 960; x_wconf 80' lang='lat' dir='ltr'>Goperniei</span> <span class='ocrx_word' id='word_1_78' title='bbox 334 898 361 947; x_wconf 90' lang='lat' dir='ltr'>ln</span> <span class='ocrx_word' id='word_1_79' title='bbox 381 910 493 963; x_wconf 66' lang='lat' dir='ltr'>apogaeo</span> <span class='ocrx_word' id='word_1_80' title='bbox 511 897 559 953; x_wconf 79' lang='lat' dir='ltr'><strong>‘l&#39;‚·</strong></span> <span class='ocrx_word' id='word_1_81' title='bbox 573 897 613 948; x_wconf 85' lang='lat' dir='ltr'>rel</span> <span class='ocrx_word' id='word_1_82' title='bbox 630 899 746 963; x_wconf 76' lang='lat' dir='ltr'>perigeeo</span> <span class='ocrx_word' id='word_1_83' title='bbox 764 896 800 958; x_wconf 85' lang='lat' dir='ltr'>X,</span> <span class='ocrx_word' id='word_1_84' title='bbox 825 904 922 962; x_wconf 87' lang='lat' dir='ltr'>oportet</span> <span class='ocrx_word' id='word_1_85' title='bbox 947 914 1005 965; x_wconf 74' lang='lat' dir='ltr'>ergo</span> <span class='ocrx_word' id='word_1_86' title='bbox 1030 901 1167 952; x_wconf 87' lang='lat' dir='ltr'>seeundum</span> <span class='ocrx_word' id='word_1_87' title='bbox 1185 904 1238 964; x_wconf 80' lang='lat' dir='ltr'>ejus</span> <span class='ocrx_word' id='word_1_88' title='bbox 1255 897 1406 964; x_wconf 83' lang='lat' dir='ltr'>hypodreses</span> <span class='ocrx_word' id='word_1_89' title='bbox 1424 897 1553 962; x_wconf 82' lang='lat' dir='ltr'>planetam</span> 
     </span>
     <span class='ocr_line' id='line_1_9' title="bbox 183 967 1559 1037; baseline 0.001 -19"><span class='ocrx_word' id='word_1_90' title='bbox 183 969 213 1018; x_wconf 89' lang='lat' dir='ltr'>in</span> <span class='ocrx_word' id='word_1_91' title='bbox 232 967 258 1016; x_wconf 81' lang='lat' dir='ltr'>V</span> <span class='ocrx_word' id='word_1_92' title='bbox 277 974 303 1018; x_wconf 91' lang='lat' dir='ltr'>et</span> <span class='ocrx_word' id='word_1_93' title='bbox 320 967 344 1018; x_wconf 85' lang='lat' dir='ltr'><strong>Y</strong></span> <span class='ocrx_word' id='word_1_94' title='bbox 361 971 469 1027; x_wconf 83' lang='lat' dir='ltr'>versari,</span> <span class='ocrx_word' id='word_1_95' title='bbox 488 969 574 1034; x_wconf 85' lang='lat' dir='ltr'>quibus</span> <span class='ocrx_word' id='word_1_96' title='bbox 592 983 664 1019; x_wconf 83' lang='lat' dir='ltr'>verus</span> <span class='ocrx_word' id='word_1_97' title='bbox 684 975 710 1018; x_wconf 88' lang='lat' dir='ltr'>et</span> <span class='ocrx_word' id='word_1_98' title='bbox 727 968 823 1019; x_wconf 87' lang='lat' dir='ltr'>medius</span> <span class='ocrx_word' id='word_1_99' title='bbox 841 975 993 1021; x_wconf 86' lang='lat' dir='ltr'>mutuatam</span> <span class='ocrx_word' id='word_1_100' title='bbox 1012 971 1045 1022; x_wconf 94' lang='lat' dir='ltr'>ad</span> <span class='ocrx_word' id='word_1_101' title='bbox 1064 972 1087 1021; x_wconf 87' lang='grc' dir='ltr'><strong>Δ</strong></span> <span class='ocrx_word' id='word_1_102' title='bbox 1106 972 1203 1029; x_wconf 89' lang='lat' dir='ltr'>mundi,</span> <span class='ocrx_word' id='word_1_103' title='bbox 1222 986 1296 1037; x_wconf 83' lang='lat' dir='ltr'>quem</span> <span class='ocrx_word' id='word_1_104' title='bbox 1316 968 1349 1020; x_wconf 89' lang='lat' dir='ltr'>ad</span> <span class='ocrx_word' id='word_1_105' title='bbox 1366 967 1389 1017; x_wconf 90' lang='lat' dir='ltr'><strong>B</strong></span> <span class='ocrx_word' id='word_1_106' title='bbox 1408 983 1470 1019; x_wconf 81' lang='lat' dir='ltr'>enee</span> <span class='ocrx_word' id='word_1_107' title='bbox 1487 969 1559 1028; x_wconf 84' lang='lat' dir='ltr'>riae,</span> 
     </span>
     <span class='ocr_line' id='line_1_10' title="bbox 183 1039 1551 1107; baseline -0.001 -16"><span class='ocrx_word' id='word_1_108' title='bbox 183 1052 264 1104; x_wconf 82' lang='lat' dir='ltr'>quam</span> <span class='ocrx_word' id='word_1_109' title='bbox 282 1041 359 1090; x_wconf 81' lang='lat' dir='ltr'>etiam</span> <span class='ocrx_word' id='word_1_110' title='bbox 377 1039 411 1091; x_wconf 89' lang='lat' dir='ltr'>ad</span> <span class='ocrx_word' id='word_1_111' title='bbox 429 1039 452 1090; x_wconf 91' lang='lat' dir='ltr'><em>D</em></span> <span class='ocrx_word' id='word_1_112' title='bbox 473 1041 604 1105; x_wconf 61' lang='lat' dir='ltr'>meantis</span> <span class='ocrx_word' id='word_1_113' title='bbox 623 1047 710 1089; x_wconf 80' lang='lat' dir='ltr'>eontra</span> <span class='ocrx_word' id='word_1_114' title='bbox 727 1042 884 1091; x_wconf 79' lang='lat' dir='ltr'>conveniunt</span> <span class='ocrx_word' id='word_1_115' title='bbox 915 1041 1010 1092; x_wconf 82' lang='lat' dir='ltr'>Eodem</span> <span class='ocrx_word' id='word_1_116' title='bbox 1029 1048 1114 1092; x_wconf 88' lang='lat' dir='ltr'>autem</span> <span class='ocrx_word' id='word_1_117' title='bbox 1133 1043 1243 1107; x_wconf 80' lang='lat' dir='ltr'>epieyelo</span> <span class='ocrx_word' id='word_1_118' title='bbox 1261 1040 1321 1092; x_wconf 86' lang='lat' dir='ltr'>inZ</span> <span class='ocrx_word' id='word_1_119' title='bbox 1340 1054 1478 1105; x_wconf 76' lang='lat' dir='ltr'>progresso,</span> <span class='ocrx_word' id='word_1_120' title='bbox 1496 1040 1551 1103; x_wconf 83' lang='lat' dir='ltr'>pla·</span> 
     </span>
     <span class='ocr_line' id='line_1_11' title="bbox 186 1110 1605 1179; baseline 0.002 -19"><span class='ocrx_word' id='word_1_121' title='bbox 186 1118 253 1161; x_wconf 87' lang='lat' dir='ltr'>neta</span> <span class='ocrx_word' id='word_1_122' title='bbox 271 1125 301 1161; x_wconf 89' lang='lat' dir='ltr'>ex</span> <span class='ocrx_word' id='word_1_123' title='bbox 319 1110 358 1168; x_wconf 85' lang='lat' dir='ltr'>V,</span> <span class='ocrx_word' id='word_1_124' title='bbox 378 1111 494 1177; x_wconf 83' lang='lat' dir='ltr'>quodibi</span> <span class='ocrx_word' id='word_1_125' title='bbox 513 1117 552 1162; x_wconf 91' lang='lat' dir='ltr'>est</span> <span class='ocrx_word' id='word_1_126' title='bbox 569 1111 598 1168; x_wconf 88' lang='lat' dir='ltr'>b,</span> <span class='ocrx_word' id='word_1_127' title='bbox 622 1111 647 1160; x_wconf 92' lang='lat' dir='ltr'>in</span> <span class='ocrx_word' id='word_1_128' title='bbox 666 1125 683 1161; x_wconf 94' lang='lat' dir='ltr'>a</span> <span class='ocrx_word' id='word_1_129' title='bbox 706 1111 816 1173; x_wconf 82' lang='lat' dir='ltr'>devenit,</span> <span class='ocrx_word' id='word_1_130' title='bbox 843 1112 942 1179; x_wconf 78' lang='lat' dir='ltr'>angulis</span> <span class='ocrx_word' id='word_1_131' title='bbox 960 1127 995 1162; x_wconf 86' lang='lat' dir='ltr'>se.</span> <span class='ocrx_word' id='word_1_132' title='bbox 1014 1112 1079 1163; x_wconf 74' lang='lat' dir='ltr'>Tcz</span> <span class='ocrx_word' id='word_1_133' title='bbox 1098 1119 1125 1164; x_wconf 88' lang='lat' dir='ltr'>et</span> <span class='ocrx_word' id='word_1_134' title='bbox 1146 1114 1202 1164; x_wconf 88' lang='lat' dir='ltr'>bZa</span> <span class='ocrx_word' id='word_1_135' title='bbox 1219 1113 1364 1179; x_wconf 84' lang='lat' dir='ltr'>aequalibus</span> <span class='ocrx_word' id='word_1_136' title='bbox 1382 1111 1551 1167; x_wconf 64' lang='lat' dir='ltr'>existentibus,</span> <span class='ocrx_word' id='word_1_137' title='bbox 1602 1156 1605 1163; x_wconf 32' lang='lat'><strong>⁴</strong></span> 
     </span>
     <span class='ocr_line' id='line_1_12' title="bbox 188 1181 1552 1251; baseline 0.001 -19"><span class='ocrx_word' id='word_1_138' title='bbox 188 1182 257 1232; x_wconf 81' lang='lat' dir='ltr'>sieut</span> <span class='ocrx_word' id='word_1_139' title='bbox 274 1188 301 1233; x_wconf 86' lang='lat' dir='ltr'>et</span> <span class='ocrx_word' id='word_1_140' title='bbox 318 1182 360 1233; x_wconf 73' lang='lat' dir='ltr'>iz</span> <span class='ocrx_word' id='word_1_141' title='bbox 379 1188 406 1233; x_wconf 90' lang='lat' dir='ltr'>et</span> <span class='ocrx_word' id='word_1_142' title='bbox 422 1182 462 1234; x_wconf 86' lang='lat' dir='ltr'>ba</span> <span class='ocrx_word' id='word_1_143' title='bbox 485 1183 612 1233; x_wconf 79' lang='lat' dir='ltr'>similibus</span> <span class='ocrx_word' id='word_1_144' title='bbox 649 1181 678 1232; x_wconf 90' lang='lat' dir='ltr'>ln</span> <span class='ocrx_word' id='word_1_145' title='bbox 706 1181 871 1247; x_wconf 79' lang='lat' dir='ltr'>quadrilatero</span> <span class='ocrx_word' id='word_1_146' title='bbox 895 1198 955 1249; x_wconf 81' lang='lat' dir='ltr'>ergo</span> <span class='ocrx_word' id='word_1_147' title='bbox 980 1183 1081 1242; x_wconf 80' lang='lat' dir='ltr'>aZGD,</span> <span class='ocrx_word' id='word_1_148' title='bbox 1109 1185 1206 1251; x_wconf 70' lang='lat' dir='ltr'>angulis</span> <span class='ocrx_word' id='word_1_149' title='bbox 1230 1186 1263 1235; x_wconf 85' lang='lat' dir='ltr'>ed</span> <span class='ocrx_word' id='word_1_150' title='bbox 1281 1185 1302 1235; x_wconf 85' lang='lat' dir='ltr'>Z</span> <span class='ocrx_word' id='word_1_151' title='bbox 1320 1182 1385 1234; x_wconf 74' lang='lat' dir='ltr'>etc</span> <span class='ocrx_word' id='word_1_152' title='bbox 1408 1182 1552 1248; x_wconf 80' lang='lat' dir='ltr'>aequalibus</span> 
     </span>
     <span class='ocr_line' id='line_1_13' title="bbox 188 1251 1551 1322; baseline 0.001 -19"><span class='ocrx_word' id='word_1_153' title='bbox 188 1253 307 1311; x_wconf 84' lang='lat' dir='ltr'>inventis,</span> <span class='ocrx_word' id='word_1_154' title='bbox 325 1268 429 1306; x_wconf 85' lang='lat' dir='ltr'>neeesse</span> <span class='ocrx_word' id='word_1_155' title='bbox 442 1261 490 1312; x_wconf 82' lang='lat' dir='ltr'>est,</span> <span class='ocrx_word' id='word_1_156' title='bbox 508 1261 606 1319; x_wconf 91' lang='lat' dir='ltr'>propter</span> <span class='ocrx_word' id='word_1_157' title='bbox 618 1253 656 1303; x_wconf 90' lang='lat' dir='ltr'>Za</span> <span class='ocrx_word' id='word_1_158' title='bbox 669 1259 695 1304; x_wconf 88' lang='lat' dir='ltr'>et</span> <span class='ocrx_word' id='word_1_159' title='bbox 708 1251 753 1303; x_wconf 85' lang='lat' dir='ltr'>GD</span> <span class='ocrx_word' id='word_1_160' title='bbox 766 1254 883 1318; x_wconf 84' lang='lat' dir='ltr'>aequales</span> <span class='ocrx_word' id='word_1_161' title='bbox 894 1261 986 1313; x_wconf 84' lang='lat' dir='ltr'>restas,</span> <span class='ocrx_word' id='word_1_162' title='bbox 1006 1256 1111 1322; x_wconf 76' lang='lat' dir='ltr'>angulos</span> <span class='ocrx_word' id='word_1_163' title='bbox 1124 1257 1157 1307; x_wconf 90' lang='lat' dir='ltr'>ad</span> <span class='ocrx_word' id='word_1_164' title='bbox 1175 1271 1192 1307; x_wconf 91' lang='lat' dir='ltr'>a</span> <span class='ocrx_word' id='word_1_165' title='bbox 1210 1256 1270 1308; x_wconf 85' lang='lat' dir='ltr'>etD</span> <span class='ocrx_word' id='word_1_166' title='bbox 1290 1256 1366 1307; x_wconf 83' lang='lat' dir='ltr'>etiam</span> <span class='ocrx_word' id='word_1_167' title='bbox 1384 1268 1440 1305; x_wconf 86' lang='lat' dir='ltr'>esse</span> <span class='ocrx_word' id='word_1_168' title='bbox 1458 1267 1551 1318; x_wconf 81' lang='lat' dir='ltr'>aequa·</span> 
     </span>
     <span class='ocr_line' id='line_1_14' title="bbox 190 1324 1553 1393; baseline 0 -18"><span class='ocrx_word' id='word_1_169' title='bbox 190 1324 236 1376; x_wconf 82' lang='lat' dir='ltr'>lea</span> <span class='ocrx_word' id='word_1_170' title='bbox 266 1325 339 1377; x_wconf 87' lang='lat' dir='ltr'>Unde</span> <span class='ocrx_word' id='word_1_171' title='bbox 359 1325 401 1376; x_wconf 73' lang='grc' dir='ltr'>ΟΖ</span> <span class='ocrx_word' id='word_1_172' title='bbox 421 1333 447 1376; x_wconf 90' lang='lat' dir='ltr'>et</span> <span class='ocrx_word' id='word_1_173' title='bbox 465 1327 508 1376; x_wconf 89' lang='lat' dir='ltr'>Da</span> <span class='ocrx_word' id='word_1_174' title='bbox 524 1325 660 1390; x_wconf 88' lang='lat' dir='ltr'>parallelae</span> <span class='ocrx_word' id='word_1_175' title='bbox 678 1330 744 1383; x_wconf 82' lang='lat' dir='ltr'>sunt,</span> <span class='ocrx_word' id='word_1_176' title='bbox 764 1331 838 1390; x_wconf 82' lang='lat' dir='ltr'>atque</span> <span class='ocrx_word' id='word_1_177' title='bbox 857 1326 943 1392; x_wconf 73' lang='lat' dir='ltr'>auguli</span> <span class='ocrx_word' id='word_1_178' title='bbox 960 1326 1024 1377; x_wconf 78' lang='lat' dir='ltr'>&#39;l&#39;CZ</span> <span class='ocrx_word' id='word_1_179' title='bbox 1044 1332 1119 1393; x_wconf 79' lang='lat' dir='ltr'>atque</span> <span class='ocrx_word' id='word_1_180' title='bbox 1134 1326 1202 1378; x_wconf 78' lang='lat' dir='ltr'>Vlia</span> <span class='ocrx_word' id='word_1_181' title='bbox 1220 1328 1345 1393; x_wconf 81' lang='lat' dir='ltr'>aequales.</span> <span class='ocrx_word' id='word_1_182' title='bbox 1374 1325 1468 1387; x_wconf 74' lang='lat' dir='ltr'>Quere,</span> <span class='ocrx_word' id='word_1_183' title='bbox 1487 1326 1553 1375; x_wconf 86' lang='lat' dir='ltr'>sieut</span> 
     </span>
     <span class='ocr_line' id='line_1_15' title="bbox 191 1395 1552 1463; baseline 0.001 -18"><span class='ocrx_word' id='word_1_184' title='bbox 191 1396 298 1462; x_wconf 79' lang='lat' dir='ltr'>epieyali</span> <span class='ocrx_word' id='word_1_185' title='bbox 316 1403 428 1447; x_wconf 76' lang='lat' dir='ltr'>centrum</span> <span class='ocrx_word' id='word_1_186' title='bbox 447 1412 477 1447; x_wconf 90' lang='lat' dir='ltr'>ex</span> <span class='ocrx_word' id='word_1_187' title='bbox 495 1396 517 1446; x_wconf 88' lang='grc' dir='ltr'>Τ</span> <span class='ocrx_word' id='word_1_188' title='bbox 535 1398 562 1446; x_wconf 92' lang='lat' dir='ltr'>in</span> <span class='ocrx_word' id='word_1_189' title='bbox 578 1396 598 1446; x_wconf 90' lang='lat' dir='ltr'>Z</span> <span class='ocrx_word' id='word_1_190' title='bbox 617 1395 717 1447; x_wconf 82' lang='lat' dir='ltr'>eireac</span> <span class='ocrx_word' id='word_1_191' title='bbox 736 1396 873 1460; x_wconf 80' lang='lat' dir='ltr'>aequaliter</span> <span class='ocrx_word' id='word_1_192' title='bbox 889 1405 1009 1454; x_wconf 86' lang='lat' dir='ltr'>moretur,</span> <span class='ocrx_word' id='word_1_193' title='bbox 1026 1399 1064 1448; x_wconf 86' lang='lat' dir='ltr'>ita</span> <span class='ocrx_word' id='word_1_194' title='bbox 1081 1400 1158 1449; x_wconf 86' lang='lat' dir='ltr'>etiam</span> <span class='ocrx_word' id='word_1_195' title='bbox 1175 1398 1278 1463; x_wconf 87' lang='lat' dir='ltr'>planeta</span> <span class='ocrx_word' id='word_1_196' title='bbox 1296 1413 1326 1449; x_wconf 88' lang='lat' dir='ltr'>ex</span> <span class='ocrx_word' id='word_1_197' title='bbox 1337 1396 1362 1447; x_wconf 81' lang='lat' dir='ltr'>V</span> <span class='ocrx_word' id='word_1_198' title='bbox 1379 1398 1406 1448; x_wconf 90' lang='lat' dir='ltr'>in</span> <span class='ocrx_word' id='word_1_199' title='bbox 1424 1411 1441 1448; x_wconf 90' lang='lat' dir='ltr'>a</span> <span class='ocrx_word' id='word_1_200' title='bbox 1458 1410 1552 1462; x_wconf 83' lang='lat' dir='ltr'>aequa·</span> 
     </span>
    </p>
   </div>
   <div class='ocr_carea' id='block_1_4' title="bbox 190 1465 1636 1533">
    <p class='ocr_par' dir='ltr' id='par_1_4' title="bbox 190 1465 1636 1533">
     <span class='ocr_line' id='line_1_16' title="bbox 190 1465 1636 1533; baseline 0.005 -16"><span class='ocrx_word' id='word_1_201' title='bbox 190 1467 250 1518; x_wconf 87' lang='lat' dir='ltr'>liter</span> <span class='ocrx_word' id='word_1_202' title='bbox 265 1469 360 1519; x_wconf 79' lang='lat' dir='ltr'><strong>incedit</strong></span> <span class='ocrx_word' id='word_1_203' title='bbox 378 1468 446 1518; x_wconf 86' lang='lat' dir='ltr'>eirea</span> <span class='ocrx_word' id='word_1_204' title='bbox 463 1469 497 1519; x_wconf 91' lang='lat' dir='ltr'>D.</span> <span class='ocrx_word' id='word_1_205' title='bbox 533 1466 611 1518; x_wconf 83' lang='lat' dir='ltr'>Vides</span> <span class='ocrx_word' id='word_1_206' title='bbox 631 1482 705 1533; x_wconf 79' lang='lat' dir='ltr'>ergo,</span> <span class='ocrx_word' id='word_1_207' title='bbox 729 1465 755 1517; x_wconf 91' lang='lat' dir='ltr'>D</span> <span class='ocrx_word' id='word_1_208' title='bbox 774 1468 851 1517; x_wconf 87' lang='lat' dir='ltr'>etiem</span> <span class='ocrx_word' id='word_1_209' title='bbox 872 1468 939 1532; x_wconf 86' lang='lat' dir='ltr'>apud</span> <span class='ocrx_word' id='word_1_210' title='bbox 957 1468 1120 1533; x_wconf 81' lang='lat' dir='ltr'>copernieum</span> <span class='ocrx_word' id='word_1_211' title='bbox 1146 1484 1201 1521; x_wconf 90' lang='lat' dir='ltr'>esse</span> <span class='ocrx_word' id='word_1_212' title='bbox 1219 1476 1331 1521; x_wconf 85' lang='lat' dir='ltr'>eentrurn</span> <span class='ocrx_word' id='word_1_213' title='bbox 1350 1470 1480 1533; x_wconf 73' lang='lat' dir='ltr'>eequmtls</span> <span class='ocrx_word' id='word_1_214' title='bbox 1495 1468 1550 1532; x_wconf 76' lang='lat' dir='ltr'>pla·</span> <span class='ocrx_word' id='word_1_215' title='bbox 1627 1488 1636 1496; x_wconf 72' lang='lat'><strong><em>‘</em></strong></span> 
     </span>
    </p>
   </div>
   <div class='ocr_carea' id='block_1_5' title="bbox 187 1538 1550 1892">
    <p class='ocr_par' dir='ltr' id='par_1_5' title="bbox 187 1538 1550 1892">
     <span class='ocr_line' id='line_1_17' title="bbox 191 1538 1550 1605; baseline 0 -16"><span class='ocrx_word' id='word_1_216' title='bbox 191 1546 281 1596; x_wconf 86' lang='lat' dir='ltr'>netae,</span> <span class='ocrx_word' id='word_1_217' title='bbox 306 1539 371 1605; x_wconf 81' lang='lat' dir='ltr'>quod</span> <span class='ocrx_word' id='word_1_218' title='bbox 389 1540 462 1604; x_wconf 90' lang='lat' dir='ltr'>duplo</span> <span class='ocrx_word' id='word_1_219' title='bbox 479 1539 609 1591; x_wconf 81' lang='lat' dir='ltr'>intervallo</span> <span class='ocrx_word' id='word_1_220' title='bbox 627 1538 702 1603; x_wconf 87' lang='lat' dir='ltr'>ipsius</span> <span class='ocrx_word' id='word_1_221' title='bbox 720 1539 766 1589; x_wconf 85' lang='grc' dir='ltr'>ΔΒ</span> <span class='ocrx_word' id='word_1_222' title='bbox 785 1539 857 1589; x_wconf 89' lang='lat' dir='ltr'>abest</span> <span class='ocrx_word' id='word_1_223' title='bbox 874 1539 906 1590; x_wconf 90' lang='lat' dir='ltr'>ab</span> <span class='ocrx_word' id='word_1_224' title='bbox 925 1541 956 1589; x_wconf 86' lang='grc' dir='ltr'>Δ.</span> <span class='ocrx_word' id='word_1_225' title='bbox 992 1538 1043 1591; x_wconf 87' lang='lat' dir='ltr'>Par</span> <span class='ocrx_word' id='word_1_226' title='bbox 1061 1546 1100 1592; x_wconf 89' lang='lat' dir='ltr'>est</span> <span class='ocrx_word' id='word_1_227' title='bbox 1121 1542 1198 1605; x_wconf 83' lang='lat' dir='ltr'>ratio,</span> <span class='ocrx_word' id='word_1_228' title='bbox 1225 1543 1246 1591; x_wconf 90' lang='lat' dir='ltr'>si</span> <span class='ocrx_word' id='word_1_229' title='bbox 1267 1541 1322 1591; x_wconf 87' lang='lat' dir='ltr'>loeo</span> <span class='ocrx_word' id='word_1_230' title='bbox 1345 1539 1550 1604; x_wconf 79' lang='lat' dir='ltr'>eeeentrepieyeli</span> 
     </span>
     <span class='ocr_line' id='line_1_18' title="bbox 189 1609 1550 1677; baseline 0.001 -17"><span class='ocrx_word' id='word_1_231' title='bbox 189 1616 320 1661; x_wconf 66' lang='lat' dir='ltr'>meeutrus</span> <span class='ocrx_word' id='word_1_232' title='bbox 339 1613 448 1662; x_wconf 88' lang='lat' dir='ltr'>eeeentrl</span> <span class='ocrx_word' id='word_1_233' title='bbox 467 1617 581 1676; x_wconf 84' lang='lat' dir='ltr'>ponatur,</span> <span class='ocrx_word' id='word_1_234' title='bbox 599 1610 634 1661; x_wconf 88' lang='lat' dir='ltr'>ibi</span> <span class='ocrx_word' id='word_1_235' title='bbox 652 1611 733 1669; x_wconf 86' lang='lat' dir='ltr'>enim,</span> <span class='ocrx_word' id='word_1_236' title='bbox 752 1609 795 1660; x_wconf 90' lang='lat' dir='ltr'>ubi</span> <span class='ocrx_word' id='word_1_237' title='bbox 813 1613 866 1673; x_wconf 69' lang='lat' dir='ltr'>elus</span> <span class='ocrx_word' id='word_1_238' title='bbox 885 1616 997 1662; x_wconf 77' lang='lat' dir='ltr'>centrum</span> <span class='ocrx_word' id='word_1_239' title='bbox 1013 1612 1041 1661; x_wconf 90' lang='lat' dir='ltr'>iu</span> <span class='ocrx_word' id='word_1_240' title='bbox 1058 1627 1133 1676; x_wconf 86' lang='lat' dir='ltr'>parre</span> <span class='ocrx_word' id='word_1_241' title='bbox 1152 1613 1242 1663; x_wconf 89' lang='lat' dir='ltr'>eironlo</span> <span class='ocrx_word' id='word_1_242' title='bbox 1261 1617 1364 1677; x_wconf 69' lang='lat' dir='ltr'>agatur,</span> <span class='ocrx_word' id='word_1_243' title='bbox 1382 1617 1453 1662; x_wconf 85' lang='lat' dir='ltr'>reeta</span> <span class='ocrx_word' id='word_1_244' title='bbox 1470 1625 1502 1660; x_wconf 91' lang='lat' dir='ltr'>ex</span> <span class='ocrx_word' id='word_1_245' title='bbox 1519 1623 1550 1661; x_wconf 88' lang='lat' dir='ltr'>eo</span> 
     </span>
     <span class='ocr_line' id='line_1_19' title="bbox 188 1679 1550 1749; baseline -0.001 -18"><span class='ocrx_word' id='word_1_246' title='bbox 188 1681 225 1731; x_wconf 85' lang='lat' dir='ltr'>ad</span> <span class='ocrx_word' id='word_1_247' title='bbox 241 1682 371 1746; x_wconf 78' lang='lat' dir='ltr'>pleuetam</span> <span class='ocrx_word' id='word_1_248' title='bbox 389 1696 486 1747; x_wconf 88' lang='lat' dir='ltr'>semper</span> <span class='ocrx_word' id='word_1_249' title='bbox 504 1697 547 1746; x_wconf 89' lang='lat' dir='ltr'>per</span> <span class='ocrx_word' id='word_1_250' title='bbox 563 1680 588 1731; x_wconf 88' lang='lat' dir='ltr'>D</span> <span class='ocrx_word' id='word_1_251' title='bbox 607 1682 705 1733; x_wconf 72' lang='lat' dir='ltr'>sensit</span> <span class='ocrx_word' id='word_1_252' title='bbox 724 1702 761 1715; x_wconf 92' lang='lat'>-</span> <span class='ocrx_word' id='word_1_253' title='bbox 778 1679 952 1733; x_wconf 72' lang='lat' dir='ltr'>Veruntamen</span> <span class='ocrx_word' id='word_1_254' title='bbox 970 1681 1027 1734; x_wconf 89' lang='lat' dir='ltr'>huie</span> <span class='ocrx_word' id='word_1_255' title='bbox 1046 1684 1123 1749; x_wconf 83' lang='lat' dir='ltr'>eapiti</span> <span class='ocrx_word' id='word_1_256' title='bbox 1140 1684 1206 1735; x_wconf 89' lang='lat' dir='ltr'>istud</span> <span class='ocrx_word' id='word_1_257' title='bbox 1224 1684 1322 1746; x_wconf 76' lang='lat' dir='ltr'>adjicio.</span> <span class='ocrx_word' id='word_1_258' title='bbox 1358 1680 1415 1731; x_wconf 84' lang='lat' dir='ltr'>Non</span> <span class='ocrx_word' id='word_1_259' title='bbox 1433 1695 1550 1745; x_wconf 83' lang='lat' dir='ltr'>aspernor</span> 
     </span>
     <span class='ocr_line' id='line_1_20' title="bbox 187 1752 1549 1818; baseline -0.001 -16"><span class='ocrx_word' id='word_1_260' title='bbox 187 1752 256 1803; x_wconf 87' lang='lat' dir='ltr'>bano</span> <span class='ocrx_word' id='word_1_261' title='bbox 274 1754 305 1803; x_wconf 93' lang='lat' dir='ltr'>de</span> <span class='ocrx_word' id='word_1_262' title='bbox 324 1756 409 1804; x_wconf 89' lang='lat' dir='ltr'>anima</span> <span class='ocrx_word' id='word_1_263' title='bbox 427 1761 453 1804; x_wconf 89' lang='lat' dir='ltr'>et</span> <span class='ocrx_word' id='word_1_264' title='bbox 469 1755 560 1803; x_wconf 81' lang='lat' dir='ltr'>virtute</span> <span class='ocrx_word' id='word_1_265' title='bbox 578 1754 681 1804; x_wconf 84' lang='lat' dir='ltr'>motriee</span> <span class='ocrx_word' id='word_1_266' title='bbox 699 1752 902 1818; x_wconf 76' lang='lat' dir='ltr'>speculationem.</span> <span class='ocrx_word' id='word_1_267' title='bbox 939 1753 1034 1805; x_wconf 85' lang='lat' dir='ltr'>Verum</span> <span class='ocrx_word' id='word_1_268' title='bbox 1056 1763 1155 1816; x_wconf 78' lang='lat' dir='ltr'>mettre,</span> <span class='ocrx_word' id='word_1_269' title='bbox 1181 1770 1213 1806; x_wconf 94' lang='lat' dir='ltr'>ne</span> <span class='ocrx_word' id='word_1_270' title='bbox 1238 1755 1311 1805; x_wconf 89' lang='lat' dir='ltr'>nimis</span> <span class='ocrx_word' id='word_1_271' title='bbox 1337 1753 1433 1803; x_wconf 86' lang='lat' dir='ltr'>subtilis</span> <span class='ocrx_word' id='word_1_272' title='bbox 1455 1753 1502 1813; x_wconf 88' lang='lat' dir='ltr'>sit,</span> <span class='ocrx_word' id='word_1_273' title='bbox 1527 1753 1549 1802; x_wconf 90' lang='lat' dir='ltr'>si</span> 
     </span>
     <span class='ocr_line' id='line_1_21' title="bbox 187 1822 1548 1892; baseline -0.001 -18"><span class='ocrx_word' id='word_1_274' title='bbox 187 1824 291 1875; x_wconf 84' lang='lat' dir='ltr'>nimium</span> <span class='ocrx_word' id='word_1_275' title='bbox 310 1825 465 1876; x_wconf 68' lang='lat' dir='ltr'>extendatur.</span> <span class='ocrx_word' id='word_1_276' title='bbox 503 1824 591 1887; x_wconf 86' lang='lat' dir='ltr'>Qualis</span> <span class='ocrx_word' id='word_1_277' title='bbox 608 1823 651 1875; x_wconf 88' lang='lat' dir='ltr'>illa</span> <span class='ocrx_word' id='word_1_278' title='bbox 668 1825 723 1888; x_wconf 92' lang='lat' dir='ltr'>ipsa</span> <span class='ocrx_word' id='word_1_279' title='bbox 741 1830 788 1882; x_wconf 88' lang='lat' dir='ltr'>est,</span> <span class='ocrx_word' id='word_1_280' title='bbox 807 1840 881 1889; x_wconf 87' lang='lat' dir='ltr'>quam</span> <span class='ocrx_word' id='word_1_281' title='bbox 900 1825 932 1875; x_wconf 94' lang='lat' dir='ltr'>de</span> <span class='ocrx_word' id='word_1_282' title='bbox 949 1826 1024 1876; x_wconf 92' lang='lat' dir='ltr'>Luna</span> <span class='ocrx_word' id='word_1_283' title='bbox 1040 1841 1124 1878; x_wconf 85' lang='lat' dir='ltr'>mores</span> <span class='ocrx_word' id='word_1_284' title='bbox 1142 1824 1211 1892; x_wconf 84' lang='lat' dir='ltr'>(sap.</span> <span class='ocrx_word' id='word_1_285' title='bbox 1231 1822 1285 1884; x_wconf 82' lang='lat' dir='ltr'>lt).</span> <span class='ocrx_word' id='word_1_286' title='bbox 1319 1824 1413 1875; x_wconf 87' lang='lat' dir='ltr'>Vereor</span> <span class='ocrx_word' id='word_1_287' title='bbox 1430 1824 1548 1888; x_wconf 85' lang='lat' dir='ltr'>proieeto,</span> 
     </span>
    </p>
   </div>
   <div class='ocr_carea' id='block_1_6' title="bbox 186 1896 1628 1961">
    <p class='ocr_par' dir='ltr' id='par_1_6' title="bbox 186 1896 1628 1961">
     <span class='ocr_line' id='line_1_22' title="bbox 186 1896 1628 1961; baseline -0.001 -16"><span class='ocrx_word' id='word_1_288' title='bbox 186 1897 209 1945; x_wconf 85' lang='lat' dir='ltr'>si</span> <span class='ocrx_word' id='word_1_289' title='bbox 228 1897 296 1947; x_wconf 85' lang='lat' dir='ltr'>ultra</span> <span class='ocrx_word' id='word_1_290' title='bbox 312 1897 412 1947; x_wconf 89' lang='lat' dir='ltr'>modum</span> <span class='ocrx_word' id='word_1_291' title='bbox 430 1897 502 1947; x_wconf 87' lang='lat' dir='ltr'>nimis</span> <span class='ocrx_word' id='word_1_292' title='bbox 526 1896 641 1961; x_wconf 78' lang='lat' dir='ltr'>specialis</span> <span class='ocrx_word' id='word_1_293' title='bbox 664 1896 721 1958; x_wconf 86' lang='lat' dir='ltr'>dat,</span> <span class='ocrx_word' id='word_1_294' title='bbox 748 1911 780 1946; x_wconf 90' lang='lat' dir='ltr'>ue</span> <span class='ocrx_word' id='word_1_295' title='bbox 801 1899 926 1959; x_wconf 74' lang='lat' dir='ltr'>lecturam</span> <span class='ocrx_word' id='word_1_296' title='bbox 949 1897 988 1947; x_wconf 86' lang='lat' dir='ltr'>rel</span> <span class='ocrx_word' id='word_1_297' title='bbox 1011 1898 1078 1949; x_wconf 86' lang='lat' dir='ltr'>oert&#39;e</span> <span class='ocrx_word' id='word_1_298' title='bbox 1097 1901 1194 1949; x_wconf 88' lang='lat' dir='ltr'>ruinam</span> <span class='ocrx_word' id='word_1_299' title='bbox 1215 1899 1291 1948; x_wconf 89' lang='lat' dir='ltr'>totius</span> <span class='ocrx_word' id='word_1_300' title='bbox 1310 1896 1477 1947; x_wconf 67' lang='lat' dir='ltr'>astronomiae</span> <span class='ocrx_word' id='word_1_301' title='bbox 1493 1900 1551 1959; x_wconf 89' lang='lat' dir='ltr'>post</span> <span class='ocrx_word' id='word_1_302' title='bbox 1624 1915 1628 1923; x_wconf 43' lang='lat' dir='ltr'>f</span> 
     </span>
    </p>
   </div>
   <div class='ocr_carea' id='block_1_7' title="bbox 186 1967 1549 2179">
    <p class='ocr_par' dir='ltr' id='par_1_7' title="bbox 186 1967 1549 2179">
     <span class='ocr_line' id='line_1_23' title="bbox 186 1967 1549 2033; baseline -0.002 -15"><span class='ocrx_word' id='word_1_303' title='bbox 186 1982 216 2018; x_wconf 86' lang='lat' dir='ltr'>se</span> <span class='ocrx_word' id='word_1_304' title='bbox 234 1967 326 2018; x_wconf 82' lang='lat' dir='ltr'>trabat</span> <span class='ocrx_word' id='word_1_305' title='bbox 362 1968 483 2019; x_wconf 78' lang='lat' dir='ltr'>Existimo</span> <span class='ocrx_word' id='word_1_306' title='bbox 501 1970 599 2019; x_wconf 91' lang='lat' dir='ltr'>omnino</span> <span class='ocrx_word' id='word_1_307' title='bbox 617 1981 693 2031; x_wconf 83' lang='lat' dir='ltr'>parce</span> <span class='ocrx_word' id='word_1_308' title='bbox 711 1973 738 2019; x_wconf 87' lang='lat' dir='ltr'>et</span> <span class='ocrx_word' id='word_1_309' title='bbox 754 1967 827 2018; x_wconf 78' lang='lat' dir='ltr'>valde</span> <span class='ocrx_word' id='word_1_310' title='bbox 844 1969 972 2019; x_wconf 87' lang='lat' dir='ltr'>moderate</span> <span class='ocrx_word' id='word_1_311' title='bbox 989 1967 1038 2020; x_wconf 87' lang='lat' dir='ltr'>hae</span> <span class='ocrx_word' id='word_1_312' title='bbox 1056 1970 1226 2033; x_wconf 76' lang='lat' dir='ltr'>speculatione</span> <span class='ocrx_word' id='word_1_313' title='bbox 1244 1969 1378 2025; x_wconf 71' lang='lat' dir='ltr'>ntendume</span> <span class='ocrx_word' id='word_1_314' title='bbox 1402 1973 1429 2018; x_wconf 91' lang='lat' dir='ltr'>et</span> <span class='ocrx_word' id='word_1_315' title='bbox 1446 1972 1475 2016; x_wconf 91' lang='lat' dir='ltr'>ut</span> <span class='ocrx_word' id='word_1_316' title='bbox 1491 1979 1549 2016; x_wconf 90' lang='lat' dir='ltr'>rere</span> 
     </span>
     <span class='ocr_line' id='line_1_24' title="bbox 186 2037 1549 2105; baseline -0.001 -16"><span class='ocrx_word' id='word_1_317' title='bbox 186 2038 271 2090; x_wconf 76' lang='lat' dir='ltr'>dicam</span> <span class='ocrx_word' id='word_1_318' title='bbox 292 2038 359 2105; x_wconf 87' lang='lat' dir='ltr'>quod</span> <span class='ocrx_word' id='word_1_319' title='bbox 382 2040 477 2089; x_wconf 88' lang='lat' dir='ltr'>sentio:</span> <span class='ocrx_word' id='word_1_320' title='bbox 501 2055 551 2090; x_wconf 89' lang='lat' dir='ltr'>non</span> <span class='ocrx_word' id='word_1_321' title='bbox 570 2052 699 2102; x_wconf 87' lang='lat' dir='ltr'>aspernor,</span> <span class='ocrx_word' id='word_1_322' title='bbox 728 2044 756 2089; x_wconf 90' lang='lat' dir='ltr'>at</span> <span class='ocrx_word' id='word_1_323' title='bbox 772 2037 883 2104; x_wconf 85' lang='lat' dir='ltr'>proieeto</span> <span class='ocrx_word' id='word_1_324' title='bbox 900 2040 1033 2105; x_wconf 73' lang='lat' dir='ltr'>languidus</span> <span class='ocrx_word' id='word_1_325' title='bbox 1051 2046 1091 2091; x_wconf 90' lang='lat' dir='ltr'>est</span> <span class='ocrx_word' id='word_1_326' title='bbox 1108 2055 1178 2091; x_wconf 88' lang='lat' dir='ltr'>meus</span> <span class='ocrx_word' id='word_1_327' title='bbox 1201 2055 1333 2098; x_wconf 84' lang='lat' dir='ltr'>assensus;</span> <span class='ocrx_word' id='word_1_328' title='bbox 1359 2039 1465 2104; x_wconf 83' lang='lat' dir='ltr'>plurima</span> <span class='ocrx_word' id='word_1_329' title='bbox 1483 2038 1549 2088; x_wconf 88' lang='lat' dir='ltr'>enim</span> 
     </span>
     <span class='ocr_line' id='line_1_25' title="bbox 186 2106 1549 2179; baseline -0.004 -18"><span class='ocrx_word' id='word_1_330' title='bbox 186 2112 315 2163; x_wconf 76' lang='lat' dir='ltr'>suntrana</span> <span class='ocrx_word' id='word_1_331' title='bbox 331 2111 392 2161; x_wconf 88' lang='lat' dir='ltr'>mibi</span> <span class='ocrx_word' id='word_1_332' title='bbox 409 2112 518 2164; x_wconf 85' lang='lat' dir='ltr'>obstant.</span> <span class='ocrx_word' id='word_1_333' title='bbox 555 2109 605 2161; x_wconf 84' lang='lat' dir='ltr'>Sed</span> <span class='ocrx_word' id='word_1_334' title='bbox 623 2110 654 2161; x_wconf 89' lang='lat' dir='ltr'>de</span> <span class='ocrx_word' id='word_1_335' title='bbox 671 2109 710 2161; x_wconf 88' lang='lat' dir='ltr'>his</span> <span class='ocrx_word' id='word_1_336' title='bbox 729 2110 799 2161; x_wconf 81' lang='lat' dir='ltr'>uliae.</span> <span class='ocrx_word' id='word_1_337' title='bbox 819 2134 855 2144; x_wconf 91' lang='lat'><em>-</em></span> <span class='ocrx_word' id='word_1_338' title='bbox 872 2111 977 2175; x_wconf 78' lang='lat' dir='ltr'>Repleri</span> <span class='ocrx_word' id='word_1_339' title='bbox 994 2113 1120 2177; x_wconf 88' lang='lat' dir='ltr'>responslo</span> <span class='ocrx_word' id='word_1_340' title='bbox 1138 2112 1264 2179; x_wconf 76' lang='lat' dir='ltr'>relegatur</span> <span class='ocrx_word' id='word_1_341' title='bbox 1280 2113 1307 2161; x_wconf 90' lang='lat' dir='ltr'>iu</span> <span class='ocrx_word' id='word_1_342' title='bbox 1324 2111 1403 2176; x_wconf 85' lang='lat' dir='ltr'>praei.</span> <span class='ocrx_word' id='word_1_343' title='bbox 1421 2125 1446 2175; x_wconf 88' lang='lat' dir='ltr'>p.</span> <span class='ocrx_word' id='word_1_344' title='bbox 1465 2106 1497 2158; x_wconf 78' lang='lat' dir='ltr'>tt</span> <span class='ocrx_word' id='word_1_345' title='bbox 1513 2122 1549 2172; x_wconf 90' lang='lat' dir='ltr'>sq.</span> 
     </span>
    </p>
   </div>
   <div class='ocr_carea' id='block_1_8' title="bbox 182 2300 1549 3371">
    <p class='ocr_par' dir='ltr' id='par_1_8' title="bbox 182 2300 1549 3371">
     <span class='ocr_line' id='line_1_26' title="bbox 260 2300 1549 2369; baseline -0.001 -16"><span class='ocrx_word' id='word_1_346' title='bbox 260 2300 307 2366; x_wconf 75' lang='lat' dir='ltr'>te)</span> <span class='ocrx_word' id='word_1_347' title='bbox 325 2320 350 2369; x_wconf 91' lang='lat' dir='ltr'>p.</span> <span class='ocrx_word' id='word_1_348' title='bbox 374 2302 431 2355; x_wconf 77' lang='lat' dir='ltr'>ldd.</span> <span class='ocrx_word' id='word_1_349' title='bbox 467 2301 658 2355; x_wconf 81' lang='lat' dir='ltr'>Maestlinus</span> <span class='ocrx_word' id='word_1_350' title='bbox 681 2305 709 2356; x_wconf 90' lang='lat' dir='ltr'>in</span> <span class='ocrx_word' id='word_1_351' title='bbox 733 2305 811 2356; x_wconf 88' lang='lat' dir='ltr'>literis</span> <span class='ocrx_word' id='word_1_352' title='bbox 836 2306 860 2355; x_wconf 86' lang='lat' dir='ltr'>d</span> <span class='ocrx_word' id='word_1_353' title='bbox 887 2305 1025 2364; x_wconf 82' lang='lat' dir='ltr'>,Postridie</span> <span class='ocrx_word' id='word_1_354' title='bbox 1044 2305 1098 2357; x_wconf 77' lang='lat' dir='ltr'>(lab</span> <span class='ocrx_word' id='word_1_355' title='bbox 1117 2305 1181 2369; x_wconf 73' lang='lat' dir='ltr'>Mali</span> <span class='ocrx_word' id='word_1_356' title='bbox 1202 2303 1286 2355; x_wconf 51' lang='lat' dir='ltr'>tte&amp;</span> <span class='ocrx_word' id='word_1_357' title='bbox 1305 2311 1391 2361; x_wconf 63' lang='lat' dir='ltr'>est..</span> <span class='ocrx_word' id='word_1_358' title='bbox 1416 2315 1478 2367; x_wconf 75' lang='lat' dir='ltr'>quas</span> <span class='ocrx_word' id='word_1_359' title='bbox 1501 2300 1549 2352; x_wconf 91' lang='lat' dir='ltr'>hoe</span> 
     </span>
     <span class='ocr_line' id='line_1_27' title="bbox 186 2372 1547 2444; baseline -0.003 -18"><span class='ocrx_word' id='word_1_360' title='bbox 186 2377 241 2441; x_wconf 89' lang='lat' dir='ltr'>ipso</span> <span class='ocrx_word' id='word_1_361' title='bbox 267 2380 378 2440; x_wconf 91' lang='lat' dir='ltr'>tempore</span> <span class='ocrx_word' id='word_1_362' title='bbox 405 2391 452 2443; x_wconf 87' lang='lat' dir='ltr'>qno</span> <span class='ocrx_word' id='word_1_363' title='bbox 479 2376 526 2426; x_wconf 86' lang='lat' dir='ltr'>has</span> <span class='ocrx_word' id='word_1_364' title='bbox 554 2378 694 2441; x_wconf 86' lang='lat' dir='ltr'>aeeepimus</span> <span class='ocrx_word' id='word_1_365' title='bbox 723 2391 739 2427; x_wconf 95' lang='lat' dir='ltr'>a</span> <span class='ocrx_word' id='word_1_366' title='bbox 765 2378 919 2443; x_wconf 76' lang='lat' dir='ltr'>typographo</span> <span class='ocrx_word' id='word_1_367' title='bbox 944 2378 1072 2444; x_wconf 75' lang='lat' dir='ltr'>plagulas,</span> <span class='ocrx_word' id='word_1_368' title='bbox 1101 2380 1129 2428; x_wconf 90' lang='lat' dir='ltr'>iu</span> <span class='ocrx_word' id='word_1_369' title='bbox 1146 2373 1476 2437; x_wconf 79' lang='lat' dir='ltr'>v01.xv.Mse.1²etr0p.</span> <span class='ocrx_word' id='word_1_370' title='bbox 1503 2372 1547 2423; x_wconf 91' lang='lat' dir='ltr'>de·</span> 
     </span>
     <span class='ocr_line' id='line_1_28' title="bbox 186 2441 1547 2514; baseline -0.005 -16"><span class='ocrx_word' id='word_1_371' title='bbox 186 2448 362 2513; x_wconf 68' lang='lat' dir='ltr'>protendimus</span> <span class='ocrx_word' id='word_1_372' title='bbox 381 2446 422 2511; x_wconf 89' lang='lat' dir='ltr'>(ut</span> <span class='ocrx_word' id='word_1_373' title='bbox 438 2463 489 2498; x_wconf 90' lang='lat' dir='ltr'>non</span> <span class='ocrx_word' id='word_1_374' title='bbox 506 2449 540 2498; x_wconf 86' lang='lat' dir='ltr'>sit</span> <span class='ocrx_word' id='word_1_375' title='bbox 556 2448 682 2514; x_wconf 76' lang='lat' dir='ltr'>integrum</span> <span class='ocrx_word' id='word_1_376' title='bbox 704 2462 761 2499; x_wconf 90' lang='lat' dir='ltr'>eam</span> <span class='ocrx_word' id='word_1_377' title='bbox 785 2455 898 2513; x_wconf 87' lang='lat' dir='ltr'>partem,</span> <span class='ocrx_word' id='word_1_378' title='bbox 924 2464 990 2514; x_wconf 87' lang='lat' dir='ltr'>qnae</span> <span class='ocrx_word' id='word_1_379' title='bbox 1013 2449 1046 2500; x_wconf 86' lang='lat' dir='ltr'>ad</span> <span class='ocrx_word' id='word_1_380' title='bbox 1064 2447 1168 2513; x_wconf 86' lang='lat' dir='ltr'>Kepleri</span> <span class='ocrx_word' id='word_1_381' title='bbox 1185 2449 1294 2512; x_wconf 82' lang='lat' dir='ltr'>pertinet</span> <span class='ocrx_word' id='word_1_382' title='bbox 1309 2447 1395 2497; x_wconf 89' lang='lat' dir='ltr'>llteras</span> <span class='ocrx_word' id='word_1_383' title='bbox 1413 2459 1437 2509; x_wconf 92' lang='lat' dir='ltr'>p.</span> <span class='ocrx_word' id='word_1_384' title='bbox 1457 2441 1488 2493; x_wconf 79' lang='lat' dir='ltr'>st</span> <span class='ocrx_word' id='word_1_385' title='bbox 1511 2459 1547 2509; x_wconf 83' lang='lat' dir='ltr'>sq.</span> 
     </span>
     <span class='ocr_line' id='line_1_29' title="bbox 187 2515 1549 2585; baseline -0.001 -17"><span class='ocrx_word' id='word_1_386' title='bbox 187 2520 335 2584; x_wconf 82' lang='lat' dir='ltr'>propositas,</span> <span class='ocrx_word' id='word_1_387' title='bbox 353 2520 408 2570; x_wconf 88' lang='lat' dir='ltr'>loeo</span> <span class='ocrx_word' id='word_1_388' title='bbox 425 2520 466 2569; x_wconf 93' lang='lat' dir='ltr'>illo</span> <span class='ocrx_word' id='word_1_389' title='bbox 486 2518 593 2575; x_wconf 75' lang='lat' dir='ltr'>addere3</span> <span class='ocrx_word' id='word_1_390' title='bbox 612 2534 686 2584; x_wconf 86' lang='lat' dir='ltr'>quam</span> <span class='ocrx_word' id='word_1_391' title='bbox 705 2521 735 2569; x_wconf 93' lang='lat' dir='ltr'>ob</span> <span class='ocrx_word' id='word_1_392' title='bbox 753 2533 805 2569; x_wconf 92' lang='lat' dir='ltr'>rem</span> <span class='ocrx_word' id='word_1_393' title='bbox 824 2534 856 2570; x_wconf 86' lang='lat' dir='ltr'>ea</span> <span class='ocrx_word' id='word_1_394' title='bbox 873 2527 972 2571; x_wconf 87' lang='lat' dir='ltr'>tantum</span> <span class='ocrx_word' id='word_1_395' title='bbox 986 2534 1051 2585; x_wconf 83' lang='lat' dir='ltr'>quae</span> <span class='ocrx_word' id='word_1_396' title='bbox 1064 2520 1113 2570; x_wconf 90' lang='lat' dir='ltr'>buo</span> <span class='ocrx_word' id='word_1_397' title='bbox 1124 2521 1250 2583; x_wconf 88' lang='lat' dir='ltr'>pertinent</span> <span class='ocrx_word' id='word_1_398' title='bbox 1262 2518 1434 2581; x_wconf 85' lang='lat' dir='ltr'>exeerpslmus.</span> <span class='ocrx_word' id='word_1_399' title='bbox 1453 2515 1549 2580; x_wconf 81' lang='lat' dir='ltr'>reliqua</span> 
     </span>
     <span class='ocr_line' id='line_1_30' title="bbox 188 2586 1547 2657; baseline -0.004 -15"><span class='ocrx_word' id='word_1_400' title='bbox 188 2590 222 2642; x_wconf 87' lang='lat' dir='ltr'>ad</span> <span class='ocrx_word' id='word_1_401' title='bbox 241 2590 317 2641; x_wconf 84' lang='lat' dir='ltr'>allum</span> <span class='ocrx_word' id='word_1_402' title='bbox 329 2591 410 2640; x_wconf 79' lang='lat' dir='ltr'>losum</span> <span class='ocrx_word' id='word_1_403' title='bbox 421 2587 600 2652; x_wconf 75' lang='lat' dir='ltr'>reservantes),</span> <span class='ocrx_word' id='word_1_404' title='bbox 618 2590 767 2642; x_wconf 77' lang='lat' dir='ltr'>Maesdiuus</span> <span class='ocrx_word' id='word_1_405' title='bbox 785 2592 861 2656; x_wconf 78' lang='lat' dir='ltr'>igitur</span> <span class='ocrx_word' id='word_1_406' title='bbox 877 2591 945 2642; x_wconf 84' lang='lat' dir='ltr'>bane</span> <span class='ocrx_word' id='word_1_407' title='bbox 962 2592 1040 2643; x_wconf 88' lang='lat' dir='ltr'>morit</span> <span class='ocrx_word' id='word_1_408' title='bbox 1056 2591 1241 2657; x_wconf 83' lang='lat' dir='ltr'>quaestionem:</span> <span class='ocrx_word' id='word_1_409' title='bbox 1270 2623 1277 2637; x_wconf 89' lang='lat'><strong>.</strong></span> <span class='ocrx_word' id='word_1_410' title='bbox 1292 2624 1300 2638; x_wconf 83' lang='lat'><strong>.</strong></span> <span class='ocrx_word' id='word_1_411' title='bbox 1313 2623 1320 2637; x_wconf 90' lang='lat'><strong>.</strong></span> <span class='ocrx_word' id='word_1_412' title='bbox 1333 2588 1410 2638; x_wconf 86' lang='lat' dir='ltr'>Plura</span> <span class='ocrx_word' id='word_1_413' title='bbox 1420 2586 1547 2643; x_wconf 75' lang='lat' dir='ltr'>buteram,</span> 
     </span>
     <span class='ocr_line' id='line_1_31' title="bbox 186 2657 1548 2731; baseline -0.004 -19"><span class='ocrx_word' id='word_1_414' title='bbox 186 2663 334 2727; x_wconf 84' lang='lat' dir='ltr'>praesertim</span> <span class='ocrx_word' id='word_1_415' title='bbox 352 2662 477 2727; x_wconf 80' lang='lat' dir='ltr'>quidpiam</span> <span class='ocrx_word' id='word_1_416' title='bbox 494 2677 576 2711; x_wconf 87' lang='lat' dir='ltr'>rerum</span> <span class='ocrx_word' id='word_1_417' title='bbox 594 2662 829 2729; x_wconf 74' lang='lat' dir='ltr'>chronologiearum.</span> <span class='ocrx_word' id='word_1_418' title='bbox 866 2662 1004 2714; x_wconf 75' lang='lat' dir='ltr'>Considera</span> <span class='ocrx_word' id='word_1_419' title='bbox 1021 2664 1127 2731; x_wconf 89' lang='lat' dir='ltr'>positum</span> <span class='ocrx_word' id='word_1_420' title='bbox 1149 2662 1306 2726; x_wconf 85' lang='lat' dir='ltr'>planetarum</span> <span class='ocrx_word' id='word_1_421' title='bbox 1324 2664 1384 2710; x_wconf 85' lang='lat' dir='ltr'>aute</span> <span class='ocrx_word' id='word_1_422' title='bbox 1402 2657 1548 2723; x_wconf 71' lang='lat' dir='ltr'>principium</span> 
     </span>
     <span class='ocr_line' id='line_1_32' title="bbox 185 2728 1549 2800; baseline -0.004 -17"><span class='ocrx_word' id='word_1_423' title='bbox 185 2740 304 2783; x_wconf 76' lang='lat' dir='ltr'>usuamm</span> <span class='ocrx_word' id='word_1_424' title='bbox 323 2746 443 2785; x_wconf 87' lang='lat' dir='ltr'>annorum</span> <span class='ocrx_word' id='word_1_425' title='bbox 462 2732 552 2783; x_wconf 84' lang='lat' dir='ltr'>Christi</span> <span class='ocrx_word' id='word_1_426' title='bbox 574 2733 641 2783; x_wconf 90' lang='lat' dir='ltr'>ultra</span> <span class='ocrx_word' id='word_1_427' title='bbox 664 2747 743 2787; x_wconf 84' lang='lat' dir='ltr'>annos</span> <span class='ocrx_word' id='word_1_428' title='bbox 765 2733 879 2785; x_wconf 85' lang='lat' dir='ltr'>lulianos</span> <span class='ocrx_word' id='word_1_429' title='bbox 897 2736 1032 2800; x_wconf 85' lang='lat' dir='ltr'>eompletos</span> <span class='ocrx_word' id='word_1_430' title='bbox 1049 2731 1119 2783; x_wconf 74' lang='lat' dir='ltr'>soit</span> <span class='ocrx_word' id='word_1_431' title='bbox 1138 2732 1191 2784; x_wconf 85' lang='lat' dir='ltr'>dies</span> <span class='ocrx_word' id='word_1_432' title='bbox 1209 2730 1260 2783; x_wconf 76' lang='lat' dir='ltr'>idi</span> <span class='ocrx_word' id='word_1_433' title='bbox 1266 2728 1306 2794; x_wconf 69' lang='lat'>¹1„</span> <span class='ocrx_word' id='word_1_434' title='bbox 1332 2730 1374 2796; x_wconf 87' lang='lat' dir='ltr'>qui</span> <span class='ocrx_word' id='word_1_435' title='bbox 1391 2729 1450 2794; x_wconf 76' lang='lat' dir='ltr'>dies</span> <span class='ocrx_word' id='word_1_436' title='bbox 1461 2728 1549 2779; x_wconf 85' lang='lat' dir='ltr'>inuidit</span> 
     </span>
     <span class='ocr_line' id='line_1_33' title="bbox 185 2796 1546 2870; baseline -0.004 -15"><span class='ocrx_word' id='word_1_437' title='bbox 185 2807 213 2855; x_wconf 83' lang='lat' dir='ltr'>in</span> <span class='ocrx_word' id='word_1_438' title='bbox 233 2802 275 2853; x_wconf 84' lang='lat'>2⁷.</span> <span class='ocrx_word' id='word_1_439' title='bbox 293 2804 368 2863; x_wconf 76' lang='lat' dir='ltr'>lubi,</span> <span class='ocrx_word' id='word_1_440' title='bbox 391 2806 433 2870; x_wconf 83' lang='lat' dir='ltr'>qni</span> <span class='ocrx_word' id='word_1_441' title='bbox 449 2811 490 2856; x_wconf 86' lang='lat' dir='ltr'>est</span> <span class='ocrx_word' id='word_1_442' title='bbox 507 2804 560 2854; x_wconf 88' lang='lat' dir='ltr'>dies</span> <span class='ocrx_word' id='word_1_443' title='bbox 576 2804 601 2865; x_wconf 63' lang='grc' dir='ltr'>ἦ.</span> <span class='ocrx_word' id='word_1_444' title='bbox 638 2803 693 2865; x_wconf 77' lang='lat' dir='ltr'>Quo</span> <span class='ocrx_word' id='word_1_445' title='bbox 711 2811 825 2869; x_wconf 81' lang='lat' dir='ltr'>respectu</span> <span class='ocrx_word' id='word_1_446' title='bbox 845 2803 878 2867; x_wconf 80' lang='grc' dir='ltr'>Θ</span> <span class='ocrx_word' id='word_1_447' title='bbox 898 2807 1057 2858; x_wconf 89' lang='lat' dir='ltr'>inrenluntur</span> <span class='ocrx_word' id='word_1_448' title='bbox 1074 2797 1099 2869; x_wconf 74' lang='grc' dir='ltr'><strong>Ω</strong></span> <span class='ocrx_word' id='word_1_449' title='bbox 1119 2811 1145 2855; x_wconf 85' lang='lat' dir='ltr'>et</span> <span class='ocrx_word' id='word_1_450' title='bbox 1163 2796 1200 2869; x_wconf 58' lang='lat' dir='ltr'>Q,</span> <span class='ocrx_word' id='word_1_451' title='bbox 1215 2808 1289 2867; x_wconf 85' lang='lat' dir='ltr'>juxta</span> <span class='ocrx_word' id='word_1_452' title='bbox 1306 2814 1421 2867; x_wconf 80' lang='lat' dir='ltr'>apogaea</span> <span class='ocrx_word' id='word_1_453' title='bbox 1438 2814 1546 2852; x_wconf 88' lang='lat' dir='ltr'>eommu-</span> 
     </span>
     <span class='ocr_line' id='line_1_34' title="bbox 183 2873 1544 2940; baseline -0.006 -13"><span class='ocrx_word' id='word_1_454' title='bbox 183 2878 309 2928; x_wconf 71' lang='lat' dir='ltr'>redonum</span> <span class='ocrx_word' id='word_1_455' title='bbox 326 2888 443 2932; x_wconf 80' lang='lat' dir='ltr'>marum,</span> <span class='ocrx_word' id='word_1_456' title='bbox 468 2890 519 2931; x_wconf 85' lang='lat' dir='ltr'>una</span> <span class='ocrx_word' id='word_1_457' title='bbox 542 2891 598 2926; x_wconf 90' lang='lat' dir='ltr'>oum</span> <span class='ocrx_word' id='word_1_458' title='bbox 618 2873 650 2936; x_wconf 82' lang='grc' dir='ltr'>Θ</span> <span class='ocrx_word' id='word_1_459' title='bbox 671 2892 692 2926; x_wconf 87' lang='lat' dir='ltr'>a.</span> <span class='ocrx_word' id='word_1_460' title='bbox 711 2877 809 2926; x_wconf 89' lang='lat' dir='ltr'>initium</span> <span class='ocrx_word' id='word_1_461' title='bbox 827 2884 868 2934; x_wconf 64' lang='grc' dir='ltr'>Θ.</span> <span class='ocrx_word' id='word_1_462' title='bbox 904 2877 920 2940; x_wconf 67' lang='grc' dir='ltr'><strong>ᾗ</strong></span> <span class='ocrx_word' id='word_1_463' title='bbox 940 2885 1033 2934; x_wconf 80' lang='lat' dir='ltr'>autem,</span> <span class='ocrx_word' id='word_1_464' title='bbox 1050 2878 1074 2938; x_wconf 75' lang='lat' dir='ltr'>ll</span> <span class='ocrx_word' id='word_1_465' title='bbox 1092 2882 1119 2928; x_wconf 87' lang='lat' dir='ltr'>et</span> <span class='ocrx_word' id='word_1_466' title='bbox 1137 2874 1162 2936; x_wconf 82' lang='lat' dir='ltr'>d</span> <span class='ocrx_word' id='word_1_467' title='bbox 1188 2890 1209 2926; x_wconf 81' lang='lat' dir='ltr'>e.</span> <span class='ocrx_word' id='word_1_468' title='bbox 1235 2875 1418 2940; x_wconf 73' lang='lat' dir='ltr'>aequinoctium</span> <span class='ocrx_word' id='word_1_469' title='bbox 1436 2888 1544 2924; x_wconf 86' lang='lat' dir='ltr'>remum.</span> 
     </span>
     <span class='ocr_line' id='line_1_35' title="bbox 182 2939 1546 3014; baseline -0.004 -15"><span class='ocrx_word' id='word_1_470' title='bbox 182 2941 289 3011; x_wconf 66' lang='lat' dir='ltr'>Item)</span> <span class='ocrx_word' id='word_1_471' title='bbox 309 2947 335 2996; x_wconf 91' lang='lat' dir='ltr'>in</span> <span class='ocrx_word' id='word_1_472' title='bbox 353 2939 389 3011; x_wconf 71' lang='lat' dir='ltr'>[l</span> <span class='ocrx_word' id='word_1_473' title='bbox 405 2948 547 3011; x_wconf 86' lang='lat' dir='ltr'>posteriore,</span> <span class='ocrx_word' id='word_1_474' title='bbox 566 2948 599 2998; x_wconf 83' lang='lat' dir='ltr'>ad</span> <span class='ocrx_word' id='word_1_475' title='bbox 613 2941 638 3014; x_wconf 65' lang='grc' dir='ltr'>ὅ</span> <span class='ocrx_word' id='word_1_476' title='bbox 652 2948 729 2998; x_wconf 84' lang='lat' dir='ltr'>etiam</span> <span class='ocrx_word' id='word_1_477' title='bbox 742 2962 764 3009; x_wconf 83' lang='lat' dir='ltr'>o.</span> <span class='ocrx_word' id='word_1_478' title='bbox 778 2950 876 3013; x_wconf 83' lang='lat' dir='ltr'>aequin.</span> <span class='ocrx_word' id='word_1_479' title='bbox 888 2964 998 3000; x_wconf 79' lang='lat' dir='ltr'>seruum.</span> <span class='ocrx_word' id='word_1_480' title='bbox 1028 2948 1066 2999; x_wconf 90' lang='lat' dir='ltr'>Oh</span> <span class='ocrx_word' id='word_1_481' title='bbox 1084 2949 1123 2998; x_wconf 88' lang='lat' dir='ltr'>dis</span> <span class='ocrx_word' id='word_1_482' title='bbox 1140 2948 1178 2997; x_wconf 88' lang='lat' dir='ltr'>uit</span> <span class='ocrx_word' id='word_1_483' title='bbox 1195 2947 1236 2998; x_wconf 91' lang='lat' dir='ltr'>ein</span> <span class='ocrx_word' id='word_1_484' title='bbox 1253 2947 1348 3011; x_wconf 92' lang='lat' dir='ltr'>posltus</span> <span class='ocrx_word' id='word_1_485' title='bbox 1366 2944 1444 2995; x_wconf 82' lang='lat' dir='ltr'>erasti</span> <span class='ocrx_word' id='word_1_486' title='bbox 1461 2943 1546 2994; x_wconf 91' lang='lat' dir='ltr'>mundi</span> 
     </span>
     <span class='ocr_line' id='line_1_36' title="bbox 183 3014 1544 3083; baseline -0.004 -14"><span class='ocrx_word' id='word_1_487' title='bbox 183 3017 269 3069; x_wconf 72' lang='lat' dir='ltr'>vere!</span> <span class='ocrx_word' id='word_1_488' title='bbox 305 3017 399 3068; x_wconf 83' lang='lat' dir='ltr'>Verum</span> <span class='ocrx_word' id='word_1_489' title='bbox 415 3019 475 3069; x_wconf 84' lang='lat' dir='ltr'>mibi</span> <span class='ocrx_word' id='word_1_490' title='bbox 493 3019 577 3069; x_wconf 80' lang='lat' dir='ltr'>obstet</span> <span class='ocrx_word' id='word_1_491' title='bbox 597 3016 623 3081; x_wconf 86' lang='lat' dir='ltr'>i)</span> <span class='ocrx_word' id='word_1_492' title='bbox 642 3019 696 3070; x_wconf 90' lang='lat' dir='ltr'>dies</span> <span class='ocrx_word' id='word_1_493' title='bbox 712 3019 737 3083; x_wconf 64' lang='lat' dir='ltr'>p.</span> <span class='ocrx_word' id='word_1_494' title='bbox 775 3016 804 3080; x_wconf 78' lang='lat'>2)</span> <span class='ocrx_word' id='word_1_495' title='bbox 824 3018 961 3071; x_wconf 83' lang='lat' dir='ltr'>Solstitium</span> <span class='ocrx_word' id='word_1_496' title='bbox 985 3020 1122 3078; x_wconf 67' lang='lat' dir='ltr'>aestime</span> <span class='ocrx_word' id='word_1_497' title='bbox 1147 3033 1194 3068; x_wconf 87' lang='lat' dir='ltr'>nee</span> <span class='ocrx_word' id='word_1_498' title='bbox 1211 3033 1237 3068; x_wconf 91' lang='lat' dir='ltr'>n.</span> <span class='ocrx_word' id='word_1_499' title='bbox 1256 3015 1354 3082; x_wconf 89' lang='lat' dir='ltr'>probari</span> <span class='ocrx_word' id='word_1_500' title='bbox 1371 3029 1445 3080; x_wconf 90' lang='lat' dir='ltr'>posse</span> <span class='ocrx_word' id='word_1_501' title='bbox 1463 3014 1544 3074; x_wconf 87' lang='lat' dir='ltr'>oredo,</span> 
     </span>
     <span class='ocr_line' id='line_1_37' title="bbox 183 3084 1546 3157; baseline -0.001 -16"><span class='ocrx_word' id='word_1_502' title='bbox 183 3090 304 3141; x_wconf 87' lang='lat' dir='ltr'>muudum</span> <span class='ocrx_word' id='word_1_503' title='bbox 322 3090 357 3139; x_wconf 90' lang='lat' dir='ltr'>ibi</span> <span class='ocrx_word' id='word_1_504' title='bbox 374 3096 486 3141; x_wconf 79' lang='lat' dir='ltr'>ursatum</span> <span class='ocrx_word' id='word_1_505' title='bbox 504 3104 568 3141; x_wconf 87' lang='lat' dir='ltr'>esse.</span> <span class='ocrx_word' id='word_1_506' title='bbox 606 3086 634 3152; x_wconf 81' lang='grc'>8)</span> <span class='ocrx_word' id='word_1_507' title='bbox 653 3090 735 3141; x_wconf 86' lang='lat' dir='ltr'>Nullis</span> <span class='ocrx_word' id='word_1_508' title='bbox 753 3091 889 3143; x_wconf 87' lang='lat' dir='ltr'>rationibus</span> <span class='ocrx_word' id='word_1_509' title='bbox 909 3091 1086 3157; x_wconf 75' lang='lat' dir='ltr'>ebronologieir</span> <span class='ocrx_word' id='word_1_510' title='bbox 1105 3104 1212 3155; x_wconf 86' lang='lat' dir='ltr'>eousque</span> <span class='ocrx_word' id='word_1_511' title='bbox 1229 3088 1362 3153; x_wconf 72' lang='lat' dir='ltr'>procedere</span> <span class='ocrx_word' id='word_1_512' title='bbox 1379 3087 1464 3150; x_wconf 86' lang='lat' dir='ltr'>possit·</span> <span class='ocrx_word' id='word_1_513' title='bbox 1500 3084 1546 3136; x_wconf 76' lang='lat' dir='ltr'>leh</span> 
     </span>
     <span class='ocr_line' id='line_1_38' title="bbox 183 3152 1545 3228; baseline -0.006 -16"><span class='ocrx_word' id='word_1_514' title='bbox 183 3162 267 3213; x_wconf 81' lang='lat' dir='ltr'>boum</span> <span class='ocrx_word' id='word_1_515' title='bbox 289 3161 336 3212; x_wconf 73' lang='lat' dir='ltr'>vol</span> <span class='ocrx_word' id='word_1_516' title='bbox 360 3158 442 3223; x_wconf 89' lang='lat' dir='ltr'>(etin</span> <span class='ocrx_word' id='word_1_517' title='bbox 464 3174 497 3213; x_wconf 90' lang='lat' dir='ltr'>ea</span> <span class='ocrx_word' id='word_1_518' title='bbox 513 3164 641 3213; x_wconf 70' lang='lat' dir='ltr'>seutmtia</span> <span class='ocrx_word' id='word_1_519' title='bbox 658 3165 757 3213; x_wconf 84' lang='lat' dir='ltr'>omnino</span> <span class='ocrx_word' id='word_1_520' title='bbox 779 3159 846 3222; x_wconf 82' lang='lat' dir='ltr'>sum)</span> <span class='ocrx_word' id='word_1_521' title='bbox 873 3178 917 3228; x_wconf 88' lang='lat' dir='ltr'>per</span> <span class='ocrx_word' id='word_1_522' title='bbox 941 3164 1051 3215; x_wconf 74' lang='lat' dir='ltr'>mdonea</span> <span class='ocrx_word' id='word_1_523' title='bbox 1079 3161 1266 3226; x_wconf 71' lang='lat' dir='ltr'>chronologioas</span> <span class='ocrx_word' id='word_1_524' title='bbox 1290 3160 1329 3209; x_wconf 89' lang='lat' dir='ltr'>bia</span> <span class='ocrx_word' id='word_1_525' title='bbox 1353 3157 1398 3208; x_wconf 85' lang='lat' dir='ltr'>ani</span> <span class='ocrx_word' id='word_1_526' title='bbox 1418 3152 1489 3205; x_wconf 77' lang='grc'><strong>4080</strong></span> <span class='ocrx_word' id='word_1_527' title='bbox 1511 3157 1545 3205; x_wconf 91' lang='lat' dir='ltr'>ad</span> 
     </span>
     <span class='ocr_line' id='line_1_39' title="bbox 184 3228 1545 3301; baseline -0.005 -17"><span class='ocrx_word' id='word_1_528' title='bbox 184 3235 368 3298; x_wconf 76' lang='lat' dir='ltr'>aequinoctium</span> <span class='ocrx_word' id='word_1_529' title='bbox 386 3233 547 3291; x_wconf 69' lang='lat' dir='ltr'>autumnales</span> <span class='ocrx_word' id='word_1_530' title='bbox 567 3233 627 3285; x_wconf 90' lang='lat' dir='ltr'>aber</span> <span class='ocrx_word' id='word_1_531' title='bbox 644 3234 682 3283; x_wconf 92' lang='lat' dir='ltr'>bis</span> <span class='ocrx_word' id='word_1_532' title='bbox 700 3234 798 3284; x_wconf 86' lang='lat' dir='ltr'>dorthin</span> <span class='ocrx_word' id='word_1_533' title='bbox 816 3234 885 3286; x_wconf 77' lang='lat' dir='ltr'>kann</span> <span class='ocrx_word' id='word_1_534' title='bbox 900 3235 954 3287; x_wconf 84' lang='lat' dir='ltr'>lobs</span> <span class='ocrx_word' id='word_1_535' title='bbox 967 3237 1006 3286; x_wconf 89' lang='lat' dir='ltr'>nit</span> <span class='ocrx_word' id='word_1_536' title='bbox 1019 3235 1133 3301; x_wconf 73' lang='lat' dir='ltr'>bringeu.</span> <span class='ocrx_word' id='word_1_537' title='bbox 1143 3261 1177 3272; x_wconf 97' lang='lat'>-</span> <span class='ocrx_word' id='word_1_538' title='bbox 1188 3230 1389 3289; x_wconf 65' lang='lat' dir='ltr'>neomeniis,</span> <span class='ocrx_word' id='word_1_539' title='bbox 1407 3234 1437 3279; x_wconf 87' lang='lat' dir='ltr'>tu</span> <span class='ocrx_word' id='word_1_540' title='bbox 1447 3228 1545 3279; x_wconf 85' lang='lat' dir='ltr'>interim</span> 
     </span>
     <span class='ocr_line' id='line_1_40' title="bbox 183 3306 726 3371; baseline -0.004 -15"><span class='ocrx_word' id='word_1_541' title='bbox 183 3320 230 3371; x_wconf 83' lang='lat' dir='ltr'>per</span> <span class='ocrx_word' id='word_1_542' title='bbox 247 3307 404 3358; x_wconf 79' lang='lat' dir='ltr'>oee&#39;astouem</span> <span class='ocrx_word' id='word_1_543' title='bbox 421 3311 493 3370; x_wconf 79' lang='lat' dir='ltr'>poter</span> <span class='ocrx_word' id='word_1_544' title='bbox 512 3306 589 3356; x_wconf 85' lang='lat' dir='ltr'>etiam</span> <span class='ocrx_word' id='word_1_545' title='bbox 607 3306 726 3371; x_wconf 72' lang='lat' dir='ltr'>eogitare.</span> 
     </span>
    </p>
   </div>
   <div class='ocr_carea' id='block_1_9' title="bbox 254 3445 585 3511">
    <p class='ocr_par' dir='ltr' id='par_1_9' title="bbox 254 3445 585 3511">
     <span class='ocr_line' id='line_1_41' title="bbox 254 3445 585 3511; baseline -0.009 -12"><span class='ocrx_word' id='word_1_546' title='bbox 254 3446 424 3511; x_wconf 84' lang='lat' dir='ltr'>Keplerus</span> <span class='ocrx_word' id='word_1_547' title='bbox 441 3445 585 3510; x_wconf 72' lang='lat' dir='ltr'>responde:</span> 
     </span>
    </p>
   </div>
   <div class='ocr_carea' id='block_1_10' title="bbox 97 3550 1611 4833">
    <p class='ocr_par' dir='ltr' id='par_1_10' title="bbox 97 3550 1611 4833">
     <span class='ocr_line' id='line_1_42' title="bbox 264 3550 1547 3627; baseline -0.004 -16"><span class='ocrx_word' id='word_1_548' title='bbox 264 3558 298 3611; x_wconf 90' lang='lat' dir='ltr'>ln</span> <span class='ocrx_word' id='word_1_549' title='bbox 311 3555 500 3627; x_wconf 75' lang='lat' dir='ltr'>chronologia</span> <span class='ocrx_word' id='word_1_550' title='bbox 513 3556 585 3626; x_wconf 91' lang='lat' dir='ltr'>quod</span> <span class='ocrx_word' id='word_1_551' title='bbox 609 3554 746 3620; x_wconf 87' lang='lat' dir='ltr'>monuisti,</span> <span class='ocrx_word' id='word_1_552' title='bbox 771 3552 854 3607; x_wconf 90' lang='lat' dir='ltr'>miror</span> <span class='ocrx_word' id='word_1_553' title='bbox 876 3554 1053 3610; x_wconf 83' lang='lat' dir='ltr'>collationem</span> <span class='ocrx_word' id='word_1_554' title='bbox 1075 3553 1128 3609; x_wconf 89' lang='lat' dir='ltr'>mei</span> <span class='ocrx_word' id='word_1_555' title='bbox 1146 3558 1176 3609; x_wconf 91' lang='lat' dir='ltr'>et</span> <span class='ocrx_word' id='word_1_556' title='bbox 1195 3553 1237 3607; x_wconf 89' lang='lat' dir='ltr'>tui</span> <span class='ocrx_word' id='word_1_557' title='bbox 1260 3551 1401 3624; x_wconf 75' lang='lat' dir='ltr'>principii..</span> <span class='ocrx_word' id='word_1_558' title='bbox 1440 3550 1547 3606; x_wconf 87' lang='lat' dir='ltr'>Statuis</span> 
     </span>
     <span class='ocr_line' id='line_1_43' title="bbox 183 3626 1547 3705; baseline -0.007 -12"><span class='ocrx_word' id='word_1_559' title='bbox 183 3636 257 3693; x_wconf 85' lang='lat' dir='ltr'>enim</span> <span class='ocrx_word' id='word_1_560' title='bbox 272 3629 296 3700; x_wconf 90' lang='lat'>)</span> <span class='ocrx_word' id='word_1_561' title='bbox 311 3634 327 3698; x_wconf 69' lang='lat' dir='ltr'>i</span> <span class='ocrx_word' id='word_1_562' title='bbox 341 3633 365 3696; x_wconf 66' lang='lat' dir='ltr'>p</span> <span class='ocrx_word' id='word_1_563' title='bbox 379 3632 405 3695; x_wconf 73' lang='grc' dir='ltr'><em>ὀ</em></span> <span class='ocrx_word' id='word_1_564' title='bbox 420 3636 449 3690; x_wconf 85' lang='lat' dir='ltr'>in</span> <span class='ocrx_word' id='word_1_565' title='bbox 463 3632 503 3700; x_wconf 72' lang='grc' dir='ltr'>Υ,</span> <span class='ocrx_word' id='word_1_566' title='bbox 529 3630 561 3695; x_wconf 81' lang='grc' dir='ltr'>Θ</span> <span class='ocrx_word' id='word_1_567' title='bbox 579 3626 604 3701; x_wconf 74' lang='grc' dir='ltr'><strong>Ω</strong></span> <span class='ocrx_word' id='word_1_568' title='bbox 619 3627 640 3697; x_wconf 61' lang='lat' dir='ltr'>Q</span> <span class='ocrx_word' id='word_1_569' title='bbox 653 3634 682 3689; x_wconf 91' lang='lat' dir='ltr'>in</span> <span class='ocrx_word' id='word_1_570' title='bbox 694 3639 735 3690; x_wconf 56' lang='lat' dir='ltr'>Q.</span> <span class='ocrx_word' id='word_1_571' title='bbox 768 3634 832 3705; x_wconf 78' lang='lat' dir='ltr'>Ego</span> <span class='ocrx_word' id='word_1_572' title='bbox 847 3651 913 3689; x_wconf 83' lang='lat' dir='ltr'>vero</span> <span class='ocrx_word' id='word_1_573' title='bbox 936 3633 1045 3691; x_wconf 88' lang='lat' dir='ltr'>interea</span> <span class='ocrx_word' id='word_1_574' title='bbox 1058 3635 1147 3689; x_wconf 77' lang='lat' dir='ltr'>aetati</span> <span class='ocrx_word' id='word_1_575' title='bbox 1160 3633 1253 3689; x_wconf 90' lang='lat' dir='ltr'>mundi</span> <span class='ocrx_word' id='word_1_576' title='bbox 1273 3634 1302 3693; x_wconf 83' lang='lat' dir='ltr'>in</span> <span class='ocrx_word' id='word_1_577' title='bbox 1314 3633 1368 3687; x_wconf 81' lang='lat' dir='ltr'>flue</span> <span class='ocrx_word' id='word_1_578' title='bbox 1390 3630 1443 3685; x_wconf 86' lang='lat' dir='ltr'>mei</span> <span class='ocrx_word' id='word_1_579' title='bbox 1457 3630 1547 3685; x_wconf 87' lang='lat' dir='ltr'>libelli</span> 
     </span>
     <span class='ocr_line' id='line_1_44' title="bbox 183 3704 1545 3789; baseline -0.007 -15"><span class='ocrx_word' id='word_1_580' title='bbox 183 3734 337 3789; x_wconf 86' lang='lat' dir='ltr'>expressae</span> <span class='ocrx_word' id='word_1_581' title='bbox 352 3716 443 3771; x_wconf 82' lang='lat' dir='ltr'>reddidi</span> <span class='ocrx_word' id='word_1_582' title='bbox 459 3716 608 3771; x_wconf 72' lang='lat' dir='ltr'>trimestre.</span> <span class='ocrx_word' id='word_1_583' title='bbox 647 3715 741 3770; x_wconf 87' lang='lat' dir='ltr'>Statui</span> <span class='ocrx_word' id='word_1_584' title='bbox 756 3709 788 3774; x_wconf 81' lang='grc' dir='ltr'>Θ</span> <span class='ocrx_word' id='word_1_585' title='bbox 806 3709 830 3783; x_wconf 72' lang='grc' dir='ltr'><strong>Ω</strong></span> <span class='ocrx_word' id='word_1_586' title='bbox 845 3704 867 3777; x_wconf 63' lang='lat' dir='ltr'>i}</span> <span class='ocrx_word' id='word_1_587' title='bbox 880 3716 910 3770; x_wconf 91' lang='lat' dir='ltr'>in</span> <span class='ocrx_word' id='word_1_588' title='bbox 922 3706 955 3776; x_wconf 60' lang='grc' dir='ltr'><strong><em>ἦ</em></strong></span> <span class='ocrx_word' id='word_1_589' title='bbox 963 3756 971 3780; x_wconf 93' lang='grc'><strong>,</strong></span> <span class='ocrx_word' id='word_1_590' title='bbox 997 3708 1153 3781; x_wconf 60' lang='lat' dir='ltr'>&gt;iiiut</span> <span class='ocrx_word' id='word_1_591' title='bbox 1174 3720 1204 3769; x_wconf 91' lang='lat' dir='ltr'>et</span> <span class='ocrx_word' id='word_1_592' title='bbox 1217 3714 1334 3768; x_wconf 83' lang='lat' dir='ltr'>termino</span> <span class='ocrx_word' id='word_1_593' title='bbox 1348 3713 1465 3783; x_wconf 78' lang='lat' dir='ltr'>quodem</span> <span class='ocrx_word' id='word_1_594' title='bbox 1478 3727 1545 3766; x_wconf 89' lang='lat' dir='ltr'>ano·</span> 
     </span>
     <span class='ocr_line' id='line_1_45' title="bbox 183 3790 1545 3861; baseline -0.012 1"><span class='ocrx_word' id='word_1_595' title='bbox 183 3798 299 3854; x_wconf 62' lang='lat' dir='ltr'>melite:</span> <span class='ocrx_word' id='word_1_596' title='bbox 314 3797 330 3861; x_wconf 79' lang='grc'>15</span> <span class='ocrx_word' id='word_1_597' title='bbox 343 3795 366 3857; x_wconf 60' lang='lat' dir='ltr'>ll</span> <span class='ocrx_word' id='word_1_598' title='bbox 381 3792 406 3854; x_wconf 79' lang='lat' dir='ltr'>d</span> <span class='ocrx_word' id='word_1_599' title='bbox 421 3797 539 3853; x_wconf 86' lang='lat' dir='ltr'>motibus</span> <span class='ocrx_word' id='word_1_600' title='bbox 553 3795 690 3852; x_wconf 89' lang='lat' dir='ltr'>mediisin</span> <span class='ocrx_word' id='word_1_601' title='bbox 705 3793 741 3856; x_wconf 77' lang='grc' dir='ltr'>Υ.</span> <span class='ocrx_word' id='word_1_602' title='bbox 773 3801 882 3856; x_wconf 81' lang='lat' dir='ltr'>Causae</span> <span class='ocrx_word' id='word_1_603' title='bbox 896 3796 951 3850; x_wconf 89' lang='lat' dir='ltr'>hae</span> <span class='ocrx_word' id='word_1_604' title='bbox 966 3802 1041 3850; x_wconf 91' lang='lat' dir='ltr'>sunt:</span> <span class='ocrx_word' id='word_1_605' title='bbox 1065 3793 1173 3849; x_wconf 75' lang='lat' dir='ltr'>Sufficit</span> <span class='ocrx_word' id='word_1_606' title='bbox 1190 3793 1310 3847; x_wconf 88' lang='lat' dir='ltr'>motibus</span> <span class='ocrx_word' id='word_1_607' title='bbox 1323 3791 1417 3846; x_wconf 88' lang='lat' dir='ltr'>mediis</span> <span class='ocrx_word' id='word_1_608' title='bbox 1432 3790 1545 3861; x_wconf 83' lang='lat' dir='ltr'>ooujun·</span> 
     </span>
     <span class='ocr_line' id='line_1_46' title="bbox 184 3870 1545 3950; baseline -0.007 -16"><span class='ocrx_word' id='word_1_609' title='bbox 184 3886 243 3934; x_wconf 88' lang='lat' dir='ltr'>etos</span> <span class='ocrx_word' id='word_1_610' title='bbox 266 3896 328 3933; x_wconf 90' lang='lat' dir='ltr'>esse</span> <span class='ocrx_word' id='word_1_611' title='bbox 351 3885 409 3932; x_wconf 90' lang='lat' dir='ltr'>tres</span> <span class='ocrx_word' id='word_1_612' title='bbox 432 3877 598 3947; x_wconf 85' lang='lat' dir='ltr'>superiores,</span> <span class='ocrx_word' id='word_1_613' title='bbox 618 3877 733 3930; x_wconf 81' lang='lat' dir='ltr'>Terram</span> <span class='ocrx_word' id='word_1_614' title='bbox 745 3896 822 3944; x_wconf 81' lang='lat' dir='ltr'>sero,</span> <span class='ocrx_word' id='word_1_615' title='bbox 846 3894 919 3950; x_wconf 82' lang='lat' dir='ltr'>quae</span> <span class='ocrx_word' id='word_1_616' title='bbox 933 3894 987 3931; x_wconf 91' lang='lat' dir='ltr'>non</span> <span class='ocrx_word' id='word_1_617' title='bbox 1011 3876 1098 3930; x_wconf 87' lang='lat' dir='ltr'>babet</span> <span class='ocrx_word' id='word_1_618' title='bbox 1119 3873 1261 3944; x_wconf 77' lang='lat' dir='ltr'>peculiare</span> <span class='ocrx_word' id='word_1_619' title='bbox 1282 3889 1389 3943; x_wconf 86' lang='lat' dir='ltr'>eorpus,</span> <span class='ocrx_word' id='word_1_620' title='bbox 1413 3870 1545 3926; x_wconf 79' lang='lat' dir='ltr'>inchoare</span> 
     </span>
     <span class='ocr_line' id='line_1_47' title="bbox 183 3938 1543 4028; baseline -0.007 -14"><span class='ocrx_word' id='word_1_621' title='bbox 183 3976 282 4014; x_wconf 82' lang='lat' dir='ltr'>norum</span> <span class='ocrx_word' id='word_1_622' title='bbox 297 3958 418 4013; x_wconf 87' lang='lat' dir='ltr'>ordinem</span> <span class='ocrx_word' id='word_1_623' title='bbox 440 3964 470 4011; x_wconf 90' lang='lat' dir='ltr'>et</span> <span class='ocrx_word' id='word_1_624' title='bbox 483 3956 572 4011; x_wconf 86' lang='lat' dir='ltr'>ereari</span> <span class='ocrx_word' id='word_1_625' title='bbox 586 3957 614 4011; x_wconf 91' lang='lat' dir='ltr'>iu</span> <span class='ocrx_word' id='word_1_626' title='bbox 628 3960 672 4021; x_wconf 62' lang='lat' dir='ltr'>db,</span> <span class='ocrx_word' id='word_1_627' title='bbox 697 3957 745 4011; x_wconf 92' lang='lat' dir='ltr'>ubi</span> <span class='ocrx_word' id='word_1_628' title='bbox 768 3967 826 4015; x_wconf 92' lang='lat' dir='ltr'>tum</span> <span class='ocrx_word' id='word_1_629' title='bbox 840 3964 904 4014; x_wconf 91' lang='lat' dir='ltr'>erat</span> <span class='ocrx_word' id='word_1_630' title='bbox 924 3955 1111 4028; x_wconf 82' lang='lat' dir='ltr'>pulcherrima</span> <span class='ocrx_word' id='word_1_631' title='bbox 1127 3953 1305 4009; x_wconf 78' lang='lat' dir='ltr'>constellatio</span> <span class='ocrx_word' id='word_1_632' title='bbox 1328 3951 1480 4007; x_wconf 88' lang='lat' dir='ltr'>hemiooelii</span> <span class='ocrx_word' id='word_1_633' title='bbox 1495 3938 1543 4006; x_wconf 73' lang='lat' dir='ltr'>dte.</span> 
     </span>
     <span class='ocr_line' id='line_1_48' title="bbox 184 4028 1544 4108; baseline -0.006 -15"><span class='ocrx_word' id='word_1_634' title='bbox 184 4028 288 4104; x_wconf 69' lang='lat' dir='ltr'>Q&#39;etd</span> <span class='ocrx_word' id='word_1_635' title='bbox 308 4038 408 4093; x_wconf 74' lang='lat' dir='ltr'>ibidem</span> <span class='ocrx_word' id='word_1_636' title='bbox 427 4037 545 4101; x_wconf 77' lang='lat' dir='ltr'>abisei,</span> <span class='ocrx_word' id='word_1_637' title='bbox 572 4037 638 4107; x_wconf 84' lang='lat' dir='ltr'>quia</span> <span class='ocrx_word' id='word_1_638' title='bbox 650 4037 734 4091; x_wconf 85' lang='lat' dir='ltr'>etiam</span> <span class='ocrx_word' id='word_1_639' title='bbox 757 4042 785 4095; x_wconf 90' lang='lat' dir='ltr'>in</span> <span class='ocrx_word' id='word_1_640' title='bbox 799 4041 919 4096; x_wconf 86' lang='lat' dir='ltr'>mot-ibus</span> <span class='ocrx_word' id='word_1_641' title='bbox 939 4037 1094 4108; x_wconf 75' lang='lat' dir='ltr'>alligentur</span> <span class='ocrx_word' id='word_1_642' title='bbox 1108 4037 1144 4090; x_wconf 85' lang='lat' dir='ltr'>ad</span> <span class='ocrx_word' id='word_1_643' title='bbox 1160 4030 1192 4093; x_wconf 83' lang='grc' dir='ltr'>Θ</span> <span class='ocrx_word' id='word_1_644' title='bbox 1215 4042 1245 4090; x_wconf 92' lang='lat' dir='ltr'>et</span> <span class='ocrx_word' id='word_1_645' title='bbox 1258 4035 1325 4107; x_wconf 86' lang='lat' dir='ltr'>quia</span> <span class='ocrx_word' id='word_1_646' title='bbox 1338 4033 1412 4088; x_wconf 81' lang='lat' dir='ltr'>intra</span> <span class='ocrx_word' id='word_1_647' title='bbox 1425 4033 1544 4102; x_wconf 87' lang='lat' dir='ltr'>eomple-</span> 
     </span>
     <span class='ocr_line' id='line_1_49' title="bbox 184 4105 1543 4191; baseline -0.007 -16"><span class='ocrx_word' id='word_1_648' title='bbox 184 4137 250 4175; x_wconf 87' lang='lat' dir='ltr'>xum</span> <span class='ocrx_word' id='word_1_649' title='bbox 264 4112 289 4184; x_wconf 71' lang='grc' dir='ltr'><em>ὃ</em></span> <span class='ocrx_word' id='word_1_650' title='bbox 304 4126 377 4186; x_wconf 82' lang='lat' dir='ltr'>sunt,</span> <span class='ocrx_word' id='word_1_651' title='bbox 397 4126 427 4172; x_wconf 91' lang='lat' dir='ltr'>et</span> <span class='ocrx_word' id='word_1_652' title='bbox 440 4115 506 4190; x_wconf 88' lang='lat' dir='ltr'>quia</span> <span class='ocrx_word' id='word_1_653' title='bbox 520 4134 539 4171; x_wconf 91' lang='lat' dir='ltr'>a</span> <span class='ocrx_word' id='word_1_654' title='bbox 552 4116 711 4188; x_wconf 79' lang='lat' dir='ltr'>corporibus</span> <span class='ocrx_word' id='word_1_655' title='bbox 724 4122 853 4191; x_wconf 89' lang='lat' dir='ltr'>pendulis</span> <span class='ocrx_word' id='word_1_656' title='bbox 868 4120 1041 4175; x_wconf 85' lang='lat' dir='ltr'>ambeuutur.</span> <span class='ocrx_word' id='word_1_657' title='bbox 1078 4116 1132 4172; x_wconf 85' lang='lat' dir='ltr'>Sed</span> <span class='ocrx_word' id='word_1_658' title='bbox 1148 4105 1173 4180; x_wconf 74' lang='grc'><em>9</em></span> <span class='ocrx_word' id='word_1_659' title='bbox 1188 4116 1303 4179; x_wconf 81' lang='lat' dir='ltr'>directa,</span> <span class='ocrx_word' id='word_1_660' title='bbox 1319 4106 1543 4183; x_wconf 56' lang='lat' dir='ltr'>§retrogradus</span> 
     </span>
     <span class='ocr_line' id='line_1_50' title="bbox 185 4186 1543 4272; baseline -0.007 -18"><span class='ocrx_word' id='word_1_661' title='bbox 185 4201 250 4272; x_wconf 87' lang='lat' dir='ltr'>quia</span> <span class='ocrx_word' id='word_1_662' title='bbox 270 4201 356 4255; x_wconf 87' lang='lat' dir='ltr'>etiam</span> <span class='ocrx_word' id='word_1_663' title='bbox 376 4198 405 4253; x_wconf 89' lang='lat' dir='ltr'>in</span> <span class='ocrx_word' id='word_1_664' title='bbox 426 4200 546 4253; x_wconf 84' lang='lat' dir='ltr'>motibus</span> <span class='ocrx_word' id='word_1_665' title='bbox 566 4198 674 4253; x_wconf 89' lang='lat' dir='ltr'>babent</span> <span class='ocrx_word' id='word_1_666' title='bbox 694 4202 837 4270; x_wconf 88' lang='lat' dir='ltr'>oppositas</span> <span class='ocrx_word' id='word_1_667' title='bbox 856 4200 989 4255; x_wconf 86' lang='lat' dir='ltr'>rationes.</span> <span class='ocrx_word' id='word_1_668' title='bbox 1033 4188 1184 4259; x_wconf 55' lang='lat' dir='ltr'>Dreroiu</span> <span class='ocrx_word' id='word_1_669' title='bbox 1199 4193 1241 4262; x_wconf 78' lang='grc' dir='ltr'>Υ,</span> <span class='ocrx_word' id='word_1_670' title='bbox 1266 4195 1332 4266; x_wconf 88' lang='lat' dir='ltr'>quia</span> <span class='ocrx_word' id='word_1_671' title='bbox 1344 4199 1377 4247; x_wconf 91' lang='lat' dir='ltr'>ut</span> <span class='ocrx_word' id='word_1_672' title='bbox 1390 4189 1406 4251; x_wconf 82' lang='lat' dir='ltr'>ll</span> <span class='ocrx_word' id='word_1_673' title='bbox 1420 4189 1444 4251; x_wconf 67' lang='lat' dir='ltr'>ll</span> <span class='ocrx_word' id='word_1_674' title='bbox 1456 4186 1543 4249; x_wconf 76' lang='lat' dir='ltr'>reid</span> 
     </span>
     <span class='ocr_line' id='line_1_51' title="bbox 97 4263 1611 4350; baseline -0.004 -15"><span class='ocrx_word' id='word_1_675' title='bbox 97 4300 109 4325; x_wconf 56' lang='lat' dir='ltr'>x</span> <span class='ocrx_word' id='word_1_676' title='bbox 185 4282 219 4335; x_wconf 90' lang='lat' dir='ltr'>ad</span> <span class='ocrx_word' id='word_1_677' title='bbox 235 4274 282 4345; x_wconf 80' lang='grc' dir='ltr'>Θ,</span> <span class='ocrx_word' id='word_1_678' title='bbox 306 4280 346 4335; x_wconf 87' lang='lat' dir='ltr'>sie</span> <span class='ocrx_word' id='word_1_679' title='bbox 360 4271 387 4342; x_wconf 68' lang='grc'>)</span> <span class='ocrx_word' id='word_1_680' title='bbox 403 4281 439 4334; x_wconf 86' lang='lat' dir='ltr'>ad</span> <span class='ocrx_word' id='word_1_681' title='bbox 454 4271 488 4345; x_wconf 74' lang='grc' dir='ltr'>ὅ,</span> <span class='ocrx_word' id='word_1_682' title='bbox 512 4284 545 4334; x_wconf 91' lang='lat' dir='ltr'>ut</span> <span class='ocrx_word' id='word_1_683' title='bbox 565 4277 603 4332; x_wconf 92' lang='lat' dir='ltr'>sit</span> <span class='ocrx_word' id='word_1_684' title='bbox 621 4284 651 4332; x_wconf 92' lang='lat' dir='ltr'>et</span> <span class='ocrx_word' id='word_1_685' title='bbox 669 4279 756 4336; x_wconf 87' lang='lat' dir='ltr'>Terra</span> <span class='ocrx_word' id='word_1_686' title='bbox 778 4289 808 4337; x_wconf 90' lang='lat' dir='ltr'>et</span> <span class='ocrx_word' id='word_1_687' title='bbox 821 4282 870 4338; x_wconf 86' lang='lat' dir='ltr'>Sol</span> <span class='ocrx_word' id='word_1_688' title='bbox 884 4285 1007 4335; x_wconf 88' lang='lat' dir='ltr'>eentrum</span> <span class='ocrx_word' id='word_1_689' title='bbox 1029 4279 1173 4350; x_wconf 85' lang='lat' dir='ltr'>quoddam.</span> <span class='ocrx_word' id='word_1_690' title='bbox 1215 4276 1283 4331; x_wconf 83' lang='lat' dir='ltr'>&#39;lum</span> <span class='ocrx_word' id='word_1_691' title='bbox 1307 4278 1402 4327; x_wconf 83' lang='lat' dir='ltr'>autem</span> <span class='ocrx_word' id='word_1_692' title='bbox 1415 4266 1455 4333; x_wconf 56' lang='lat' dir='ltr'>dil</span> <span class='ocrx_word' id='word_1_693' title='bbox 1469 4267 1495 4330; x_wconf 71' lang='grc' dir='ltr'><em>ὀ</em></span> <span class='ocrx_word' id='word_1_694' title='bbox 1510 4263 1537 4334; x_wconf 63' lang='grc'>3)</span> <span class='ocrx_word' id='word_1_695' title='bbox 1601 4324 1611 4336; x_wconf 88' lang='grc'><strong><em>,</em></strong></span> 
     </span>
     <span class='ocr_line' id='line_1_52' title="bbox 185 4356 1545 4434; baseline -0.007 -18"><span class='ocrx_word' id='word_1_696' title='bbox 185 4360 213 4415; x_wconf 90' lang='lat' dir='ltr'>in</span> <span class='ocrx_word' id='word_1_697' title='bbox 231 4361 309 4416; x_wconf 85' lang='lat' dir='ltr'>nodis</span> <span class='ocrx_word' id='word_1_698' title='bbox 332 4366 363 4415; x_wconf 89' lang='lat' dir='ltr'>et</span> <span class='ocrx_word' id='word_1_699' title='bbox 382 4360 411 4414; x_wconf 91' lang='lat' dir='ltr'>in</span> <span class='ocrx_word' id='word_1_700' title='bbox 429 4357 648 4433; x_wconf 80' lang='lat' dir='ltr'>longitudinibus</span> <span class='ocrx_word' id='word_1_701' title='bbox 668 4361 772 4427; x_wconf 91' lang='lat' dir='ltr'>mediis,</span> <span class='ocrx_word' id='word_1_702' title='bbox 797 4363 864 4434; x_wconf 86' lang='lat' dir='ltr'>quia</span> <span class='ocrx_word' id='word_1_703' title='bbox 884 4358 1059 4416; x_wconf 77' lang='lat' dir='ltr'>mediocritas</span> <span class='ocrx_word' id='word_1_704' title='bbox 1077 4356 1179 4427; x_wconf 84' lang='lat' dir='ltr'>ubique</span> <span class='ocrx_word' id='word_1_705' title='bbox 1197 4356 1273 4427; x_wconf 89' lang='lat' dir='ltr'>prior</span> <span class='ocrx_word' id='word_1_706' title='bbox 1292 4360 1336 4408; x_wconf 89' lang='lat' dir='ltr'>est</span> <span class='ocrx_word' id='word_1_707' title='bbox 1357 4358 1476 4423; x_wconf 89' lang='lat' dir='ltr'>utroque</span> <span class='ocrx_word' id='word_1_708' title='bbox 1495 4369 1545 4407; x_wconf 86' lang='lat' dir='ltr'>ex·</span> 
     </span>
     <span class='ocr_line' id='line_1_53' title="bbox 185 4431 1546 4510; baseline -0.008 -14"><span class='ocrx_word' id='word_1_709' title='bbox 185 4447 282 4496; x_wconf 68' lang='lat' dir='ltr'>memo.</span> <span class='ocrx_word' id='word_1_710' title='bbox 322 4441 407 4497; x_wconf 64' lang='lat' dir='ltr'>&amp;eus</span> <span class='ocrx_word' id='word_1_711' title='bbox 428 4441 456 4494; x_wconf 92' lang='lat' dir='ltr'>in</span> <span class='ocrx_word' id='word_1_712' title='bbox 481 4435 520 4506; x_wconf 68' lang='grc' dir='ltr'>ὅ,</span> <span class='ocrx_word' id='word_1_713' title='bbox 542 4454 614 4510; x_wconf 88' lang='lat' dir='ltr'>quae</span> <span class='ocrx_word' id='word_1_714' title='bbox 637 4439 697 4493; x_wconf 89' lang='lat' dir='ltr'>ideo</span> <span class='ocrx_word' id='word_1_715' title='bbox 721 4440 750 4495; x_wconf 91' lang='lat' dir='ltr'>in</span> <span class='ocrx_word' id='word_1_716' title='bbox 771 4434 821 4508; x_wconf 59' lang='lat'>5,</span> <span class='ocrx_word' id='word_1_717' title='bbox 843 4459 898 4497; x_wconf 86' lang='lat' dir='ltr'>non</span> <span class='ocrx_word' id='word_1_718' title='bbox 921 4441 950 4495; x_wconf 87' lang='lat' dir='ltr'>in</span> <span class='ocrx_word' id='word_1_719' title='bbox 969 4439 1071 4504; x_wconf 87' lang='lat' dir='ltr'>medio,</span> <span class='ocrx_word' id='word_1_720' title='bbox 1093 4455 1133 4492; x_wconf 89' lang='lat' dir='ltr'>so.</span> <span class='ocrx_word' id='word_1_721' title='bbox 1157 4436 1186 4490; x_wconf 93' lang='lat' dir='ltr'>in</span> <span class='ocrx_word' id='word_1_722' title='bbox 1206 4433 1233 4496; x_wconf 76' lang='grc' dir='ltr'>Υ</span> <span class='ocrx_word' id='word_1_723' title='bbox 1257 4440 1308 4490; x_wconf 87' lang='lat' dir='ltr'>aut</span> <span class='ocrx_word' id='word_1_724' title='bbox 1328 4431 1390 4498; x_wconf 54' lang='grc' dir='ltr'>ἐξ,</span> <span class='ocrx_word' id='word_1_725' title='bbox 1413 4432 1479 4504; x_wconf 83' lang='lat' dir='ltr'>quia</span> <span class='ocrx_word' id='word_1_726' title='bbox 1501 4438 1546 4486; x_wconf 91' lang='lat' dir='ltr'>est</span> 
     </span>
     <span class='ocr_line' id='line_1_54' title="bbox 184 4509 1546 4594; baseline -0.006 -19"><span class='ocrx_word' id='word_1_727' title='bbox 184 4509 401 4577; x_wconf 60' lang='lat' dir='ltr'>nihilominus&#39;in</span> <span class='ocrx_word' id='word_1_728' title='bbox 414 4521 535 4575; x_wconf 84' lang='lat' dir='ltr'>zodiaeo.</span> <span class='ocrx_word' id='word_1_729' title='bbox 562 4521 616 4574; x_wconf 88' lang='lat' dir='ltr'>Est</span> <span class='ocrx_word' id='word_1_730' title='bbox 629 4519 702 4575; x_wconf 86' lang='lat' dir='ltr'>enim</span> <span class='ocrx_word' id='word_1_731' title='bbox 714 4520 785 4576; x_wconf 79' lang='lat' dir='ltr'>haee</span> <span class='ocrx_word' id='word_1_732' title='bbox 799 4521 959 4594; x_wconf 85' lang='lat' dir='ltr'>aequateris</span> <span class='ocrx_word' id='word_1_733' title='bbox 972 4518 1115 4575; x_wconf 87' lang='lat' dir='ltr'>inelinatio</span> <span class='ocrx_word' id='word_1_734' title='bbox 1129 4522 1239 4571; x_wconf 87' lang='lat' dir='ltr'>tautum</span> <span class='ocrx_word' id='word_1_735' title='bbox 1251 4517 1355 4571; x_wconf 82' lang='lat' dir='ltr'>Terrae</span> <span class='ocrx_word' id='word_1_736' title='bbox 1368 4521 1476 4578; x_wconf 70' lang='lat' dir='ltr'>ustor,</span> <span class='ocrx_word' id='word_1_737' title='bbox 1490 4530 1546 4568; x_wconf 91' lang='lat' dir='ltr'>non</span> 
     </span>
     <span class='ocr_line' id='line_1_55' title="bbox 185 4593 1545 4672; baseline -0.005 -17"><span class='ocrx_word' id='word_1_738' title='bbox 185 4601 305 4657; x_wconf 86' lang='lat' dir='ltr'>universi</span> <span class='ocrx_word' id='word_1_739' title='bbox 319 4601 420 4657; x_wconf 87' lang='lat' dir='ltr'>mundi.</span> <span class='ocrx_word' id='word_1_740' title='bbox 449 4602 527 4656; x_wconf 82' lang='lat' dir='ltr'>Heee</span> <span class='ocrx_word' id='word_1_741' title='bbox 541 4602 576 4655; x_wconf 90' lang='lat' dir='ltr'>ad</span> <span class='ocrx_word' id='word_1_742' title='bbox 589 4599 663 4654; x_wconf 89' lang='lat' dir='ltr'>buno</span> <span class='ocrx_word' id='word_1_743' title='bbox 676 4602 785 4657; x_wconf 89' lang='lat' dir='ltr'>modum</span> <span class='ocrx_word' id='word_1_744' title='bbox 796 4602 866 4657; x_wconf 78' lang='lat' dir='ltr'>finxi</span> <span class='ocrx_word' id='word_1_745' title='bbox 879 4608 1013 4672; x_wconf 86' lang='lat' dir='ltr'>tanquam</span> <span class='ocrx_word' id='word_1_746' title='bbox 1027 4600 1117 4654; x_wconf 88' lang='lat' dir='ltr'>ideam</span> <span class='ocrx_word' id='word_1_747' title='bbox 1125 4595 1306 4661; x_wconf 76' lang='lat' dir='ltr'>Platonicam,</span> <span class='ocrx_word' id='word_1_748' title='bbox 1323 4601 1426 4667; x_wconf 83' lang='lat' dir='ltr'>pestes</span> <span class='ocrx_word' id='word_1_749' title='bbox 1439 4593 1545 4650; x_wconf 87' lang='lat' dir='ltr'>aooessi</span> 
     </span>
     <span class='ocr_line' id='line_1_56' title="bbox 185 4676 1542 4754; baseline -0.005 -18"><span class='ocrx_word' id='word_1_750' title='bbox 185 4683 222 4736; x_wconf 91' lang='lat' dir='ltr'>ad</span> <span class='ocrx_word' id='word_1_751' title='bbox 233 4682 440 4754; x_wconf 73' lang='lat' dir='ltr'>investigandos</span> <span class='ocrx_word' id='word_1_752' title='bbox 454 4689 544 4736; x_wconf 92' lang='lat' dir='ltr'>motus</span> <span class='ocrx_word' id='word_1_753' title='bbox 559 4685 589 4735; x_wconf 88' lang='lat' dir='ltr'>et</span> <span class='ocrx_word' id='word_1_754' title='bbox 602 4682 771 4751; x_wconf 89' lang='lat' dir='ltr'>deprehendi</span> <span class='ocrx_word' id='word_1_755' title='bbox 784 4683 981 4754; x_wconf 87' lang='lat' dir='ltr'>propemodum</span> <span class='ocrx_word' id='word_1_756' title='bbox 997 4679 1089 4736; x_wconf 89' lang='lat' dir='ltr'>omnia</span> <span class='ocrx_word' id='word_1_757' title='bbox 1101 4678 1129 4733; x_wconf 90' lang='lat' dir='ltr'>in</span> <span class='ocrx_word' id='word_1_758' title='bbox 1143 4693 1180 4732; x_wconf 87' lang='lat' dir='ltr'>ee</span> <span class='ocrx_word' id='word_1_759' title='bbox 1192 4676 1364 4742; x_wconf 85' lang='lat' dir='ltr'>habitudine,</span> <span class='ocrx_word' id='word_1_760' title='bbox 1379 4683 1412 4731; x_wconf 92' lang='lat' dir='ltr'>ut</span> <span class='ocrx_word' id='word_1_761' title='bbox 1425 4692 1542 4748; x_wconf 87' lang='lat' dir='ltr'>sperem,</span> 
     </span>
     <span class='ocr_line' id='line_1_57' title="bbox 184 4756 1544 4833; baseline 0 -20"><span class='ocrx_word' id='word_1_762' title='bbox 184 4762 255 4818; x_wconf 85' lang='lat' dir='ltr'>eitra</span> <span class='ocrx_word' id='word_1_763' title='bbox 273 4761 373 4818; x_wconf 89' lang='lat' dir='ltr'>oaleuli</span> <span class='ocrx_word' id='word_1_764' title='bbox 394 4763 501 4817; x_wconf 88' lang='lat' dir='ltr'>ruinam</span> <span class='ocrx_word' id='word_1_765' title='bbox 519 4762 547 4817; x_wconf 92' lang='lat' dir='ltr'>in</span> <span class='ocrx_word' id='word_1_766' title='bbox 561 4761 660 4816; x_wconf 87' lang='lat' dir='ltr'>dietam</span> <span class='ocrx_word' id='word_1_767' title='bbox 674 4761 789 4818; x_wconf 76' lang='lat' dir='ltr'>formam</span> <span class='ocrx_word' id='word_1_768' title='bbox 803 4764 896 4818; x_wconf 90' lang='lat' dir='ltr'>omnia</span> <span class='ocrx_word' id='word_1_769' title='bbox 909 4760 1036 4833; x_wconf 85' lang='lat' dir='ltr'>ooaptari</span> <span class='ocrx_word' id='word_1_770' title='bbox 1054 4775 1146 4830; x_wconf 88' lang='lat' dir='ltr'>posse.</span> <span class='ocrx_word' id='word_1_771' title='bbox 1184 4758 1261 4813; x_wconf 88' lang='lat' dir='ltr'>Nibil</span> <span class='ocrx_word' id='word_1_772' title='bbox 1282 4756 1372 4830; x_wconf 70' lang='lat' dir='ltr'>magis</span> <span class='ocrx_word' id='word_1_773' title='bbox 1385 4756 1448 4814; x_wconf 82' lang='lat' dir='ltr'>eari</span> <span class='ocrx_word' id='word_1_774' title='bbox 1461 4772 1544 4827; x_wconf 87' lang='lat' dir='ltr'>quam</span> 
     </span>
    </p>
   </div>
   <div class='ocr_carea' id='block_1_11' title="bbox 0 0 1810 5634">
    <p class='ocr_par' dir='ltr' id='par_1_11' title="bbox 0 0 1810 5634">
     <span class='ocr_line' id='line_1_58' title="bbox 0 0 1810 5634; baseline 0 2"><span class='ocrx_word' id='word_1_775' title='bbox 0 0 1810 5634; x_wconf 95' lang='lat' dir='ltr'> </span> 
     </span>
    </p>
   </div>
  </div>
 </body>
</html>
