<?xml version="1.0" encoding="UTF-8"?>
<!DOCTYPE html PUBLIC "-//W3C//DTD XHTML 1.0 Transitional//EN"
    "http://www.w3.org/TR/xhtml1/DTD/xhtml1-transitional.dtd">
<html xmlns="http://www.w3.org/1999/xhtml" xml:lang="en" lang="en">
 <head>
  <title>
</title>
<meta http-equiv="Content-Type" content="text/html;charset=utf-8" />
  <meta name='ocr-system' content='tesseract 3.04.00' />
  <meta name='ocr-capabilities' content='ocr_page ocr_carea ocr_par ocr_line ocrx_word'/>
</head>
<body>
  <div class='ocr_page' id='page_1' title='image "./joanniskepleria01unkngoog_0214.png"; bbox 0 0 3609 5634; ppageno 0'>
   <div class='ocr_carea' id='block_1_1' title="bbox 296 383 1140 453">
    <p class='ocr_par' dir='ltr' id='par_1_1' title="bbox 296 383 1140 453">
     <span class='ocr_line' id='line_1_1' title="bbox 296 383 1140 453; baseline -0.006 0"><span class='ocrx_word' id='word_1_1' title='bbox 296 386 358 453; x_wconf 70' lang='lat' dir='ltr'><strong>let</strong></span> <span class='ocrx_word' id='word_1_2' title='bbox 806 384 921 449; x_wconf 61' lang='grc' dir='ltr'><strong>ΗΜ</strong></span> <span class='ocrx_word' id='word_1_3' title='bbox 939 383 1140 449; x_wconf 56' lang='lat' dir='ltr'><strong>cmm</strong></span> 
     </span>
    </p>
   </div>
   <div class='ocr_carea' id='block_1_2' title="bbox 178 544 1795 3697">
    <p class='ocr_par' dir='ltr' id='par_1_2' title="bbox 277 544 1792 1606">
     <span class='ocr_line' id='line_1_2' title="bbox 293 544 1682 629; baseline -0.012 -16"><span class='ocrx_word' id='word_1_4' title='bbox 293 569 362 613; x_wconf 89' lang='lat' dir='ltr'><strong>nem</strong></span> <span class='ocrx_word' id='word_1_5' title='bbox 381 549 449 629; x_wconf 87' lang='lat' dir='ltr'><strong>ejus</strong></span> <span class='ocrx_word' id='word_1_6' title='bbox 472 547 673 611; x_wconf 74' lang='lat' dir='ltr'><strong>humilitatem</strong></span> <span class='ocrx_word' id='word_1_7' title='bbox 696 544 866 620; x_wconf 83' lang='lat' dir='ltr'><strong>deseendit,</strong></span> <span class='ocrx_word' id='word_1_8' title='bbox 896 546 975 613; x_wconf 82' lang='lat' dir='ltr'><strong>ende</strong></span> <span class='ocrx_word' id='word_1_9' title='bbox 997 546 1028 627; x_wconf 88' lang='lat' dir='ltr'><strong>ip</strong></span> <span class='ocrx_word' id='word_1_10' title='bbox 1052 544 1113 608; x_wconf 87' lang='lat' dir='ltr'><strong>illis</strong></span> <span class='ocrx_word' id='word_1_11' title='bbox 1137 563 1192 624; x_wconf 92' lang='lat' dir='ltr'><strong>pro</strong></span> <span class='ocrx_word' id='word_1_12' title='bbox 1215 544 1470 627; x_wconf 85' lang='lat' dir='ltr'><strong>eocentrepicyolo</strong></span> <span class='ocrx_word' id='word_1_13' title='bbox 1493 544 1682 605; x_wconf 85' lang='lat' dir='ltr'><strong>eceentrus</strong></span> 
     </span>
     <span class='ocr_line' id='line_1_3' title="bbox 294 628 1681 717; baseline -0.01 -17"><span class='ocrx_word' id='word_1_14' title='bbox 294 638 425 702; x_wconf 86' lang='lat' dir='ltr'><strong>eccentri</strong></span> <span class='ocrx_word' id='word_1_15' title='bbox 454 636 663 717; x_wconf 87' lang='lat' dir='ltr'><strong>aCopernico</strong></span> <span class='ocrx_word' id='word_1_16' title='bbox 696 644 848 696; x_wconf 77' lang='lat' dir='ltr'>assumtus</span> <span class='ocrx_word' id='word_1_17' title='bbox 882 643 948 696; x_wconf 88' lang='lat' dir='ltr'><strong>est:</strong></span> <span class='ocrx_word' id='word_1_18' title='bbox 984 635 1012 696; x_wconf 88' lang='lat' dir='ltr'><strong>iu</strong></span> <span class='ocrx_word' id='word_1_19' title='bbox 1037 634 1185 697; x_wconf 85' lang='lat' dir='ltr'><strong>Mercurio</strong></span> <span class='ocrx_word' id='word_1_20' title='bbox 1214 652 1285 694; x_wconf 85' lang='lat' dir='ltr'><strong>vero</strong></span> <span class='ocrx_word' id='word_1_21' title='bbox 1312 633 1473 713; x_wconf 89' lang='lat' dir='ltr'><strong>peculiaris</strong></span> <span class='ocrx_word' id='word_1_22' title='bbox 1504 628 1681 713; x_wconf 82' lang='lat' dir='ltr'><strong>quaedam</strong></span> 
     </span>
     <span class='ocr_line' id='line_1_4' title="bbox 294 719 1683 807; baseline -0.011 -17"><span class='ocrx_word' id='word_1_23' title='bbox 294 728 459 801; x_wconf 87' lang='lat' dir='ltr'><strong>diameter,</strong></span> <span class='ocrx_word' id='word_1_24' title='bbox 491 746 546 807; x_wconf 93' lang='lat' dir='ltr'><strong>per</strong></span> <span class='ocrx_word' id='word_1_25' title='bbox 574 743 662 805; x_wconf 91' lang='lat' dir='ltr'><strong>quam</strong></span> <span class='ocrx_word' id='word_1_26' title='bbox 686 724 804 784; x_wconf 90' lang='lat' dir='ltr'><strong>accedit</strong></span> <span class='ocrx_word' id='word_1_27' title='bbox 826 731 858 784; x_wconf 92' lang='lat' dir='ltr'><strong>et</strong></span> <span class='ocrx_word' id='word_1_28' title='bbox 880 723 996 785; x_wconf 84' lang='lat' dir='ltr'>recedit</span> <span class='ocrx_word' id='word_1_29' title='bbox 1018 745 1037 784; x_wconf 88' lang='lat' dir='ltr'><strong>a</strong></span> <span class='ocrx_word' id='word_1_30' title='bbox 1060 723 1151 797; x_wconf 89' lang='lat' dir='ltr'><strong>Sole,</strong></span> <span class='ocrx_word' id='word_1_31' title='bbox 1186 723 1324 785; x_wconf 88' lang='lat' dir='ltr'><strong>similiter</strong></span> <span class='ocrx_word' id='word_1_32' title='bbox 1351 725 1438 800; x_wconf 89' lang='lat' dir='ltr'><strong>longe</strong></span> <span class='ocrx_word' id='word_1_33' title='bbox 1466 719 1631 784; x_wconf 87' lang='lat' dir='ltr'><strong>remotius</strong></span> <span class='ocrx_word' id='word_1_34' title='bbox 1660 735 1683 775; x_wconf 86' lang='lat' dir='ltr'><strong>a</strong></span> 
     </span>
     <span class='ocr_line' id='line_1_5' title="bbox 277 810 1681 895; baseline -0.011 -16"><span class='ocrx_word' id='word_1_35' title='bbox 277 816 366 895; x_wconf 17' lang='lat' dir='ltr'><strong>‘Sole</strong></span> <span class='ocrx_word' id='word_1_36' title='bbox 389 816 540 877; x_wconf 82' lang='lat' dir='ltr'><strong>interdum</strong></span> <span class='ocrx_word' id='word_1_37' title='bbox 563 811 782 893; x_wconf 85' lang='lat' dir='ltr'><strong>exporrigitur,</strong></span> <span class='ocrx_word' id='word_1_38' title='bbox 813 832 901 891; x_wconf 84' lang='lat' dir='ltr'><strong>quam</strong></span> <span class='ocrx_word' id='word_1_39' title='bbox 925 813 1017 873; x_wconf 88' lang='lat' dir='ltr'><strong>stella</strong></span> <span class='ocrx_word' id='word_1_40' title='bbox 1038 832 1179 891; x_wconf 84' lang='lat' dir='ltr'><strong>unquam.</strong></span> <span class='ocrx_word' id='word_1_41' title='bbox 1225 810 1422 873; x_wconf 81' lang='lat' dir='ltr'><strong>Existimavit</strong></span> <span class='ocrx_word' id='word_1_42' title='bbox 1444 811 1555 890; x_wconf 89' lang='lat' dir='ltr'><strong>igitur,</strong></span> <span class='ocrx_word' id='word_1_43' title='bbox 1597 823 1681 866; x_wconf 87' lang='lat' dir='ltr'><strong>earn</strong></span> 
     </span>
     <span class='ocr_line' id='line_1_6' title="bbox 294 893 1680 984; baseline -0.009 -18"><span class='ocrx_word' id='word_1_44' title='bbox 294 905 416 966; x_wconf 83' lang='lat' dir='ltr'>orbibus</span> <span class='ocrx_word' id='word_1_45' title='bbox 439 903 662 984; x_wconf 83' lang='lat' dir='ltr'><strong>relinquendam</strong></span> <span class='ocrx_word' id='word_1_46' title='bbox 688 920 755 961; x_wconf 88' lang='lat' dir='ltr'><strong>esse</strong></span> <span class='ocrx_word' id='word_1_47' title='bbox 780 900 1019 981; x_wconf 81' lang='lat' dir='ltr'><strong>spissitudinem,</strong></span> <span class='ocrx_word' id='word_1_48' title='bbox 1044 920 1121 982; x_wconf 89' lang='lat' dir='ltr'><strong>quae</strong></span> <span class='ocrx_word' id='word_1_49' title='bbox 1145 900 1274 963; x_wconf 87' lang='lat' dir='ltr'><strong>molibus</strong></span> <span class='ocrx_word' id='word_1_50' title='bbox 1299 899 1540 961; x_wconf 76' lang='lat' dir='ltr'><strong>demonstrandis</strong></span> <span class='ocrx_word' id='word_1_51' title='bbox 1569 893 1680 956; x_wconf 83' lang='lat' dir='ltr'><strong>suffi-</strong></span> 
     </span>
     <span class='ocr_line' id='line_1_7' title="bbox 294 982 1791 1070; baseline -0.009 -15"><span class='ocrx_word' id='word_1_52' title='bbox 294 994 366 1056; x_wconf 88' lang='lat' dir='ltr'><strong>ciat.</strong></span> <span class='ocrx_word' id='word_1_53' title='bbox 414 990 471 1054; x_wconf 87' lang='lat' dir='ltr'><strong>Oui</strong></span> <span class='ocrx_word' id='word_1_54' title='bbox 495 990 655 1070; x_wconf 90' lang='lat' dir='ltr'><strong>respondi:</strong></span> <span class='ocrx_word' id='word_1_55' title='bbox 688 989 834 1068; x_wconf 79' lang='lat' dir='ltr'><strong>primum,</strong></span> <span class='ocrx_word' id='word_1_56' title='bbox 863 991 1061 1051; x_wconf 86' lang='lat' dir='ltr'><strong>deserendum</strong></span> <span class='ocrx_word' id='word_1_57' title='bbox 1092 1010 1159 1051; x_wconf 87' lang='lat' dir='ltr'><strong>esse</strong></span> <span class='ocrx_word' id='word_1_58' title='bbox 1187 997 1284 1050; x_wconf 90' lang='lat' dir='ltr'><strong>totum</strong></span> <span class='ocrx_word' id='word_1_59' title='bbox 1313 988 1482 1067; x_wconf 86' lang='lat' dir='ltr'><strong>negotium,</strong></span> <span class='ocrx_word' id='word_1_60' title='bbox 1511 987 1537 1049; x_wconf 92' lang='lat' dir='ltr'><strong>si</strong></span> <span class='ocrx_word' id='word_1_61' title='bbox 1565 982 1680 1062; x_wconf 92' lang='lat' dir='ltr'><strong>duplo</strong></span> <span class='ocrx_word' id='word_1_62' title='bbox 1790 1032 1791 1065; x_wconf 68' lang='lat'><strong>,</strong></span> 
     </span>
     <span class='ocr_line' id='line_1_8' title="bbox 294 1072 1791 1157; baseline -0.009 -13"><span class='ocrx_word' id='word_1_63' title='bbox 294 1082 460 1145; x_wconf 77' lang='lat' dir='ltr'><strong>crassiores</strong></span> <span class='ocrx_word' id='word_1_64' title='bbox 484 1082 558 1142; x_wconf 85' lang='lat' dir='ltr'><strong>fiant</strong></span> <span class='ocrx_word' id='word_1_65' title='bbox 581 1079 689 1139; x_wconf 90' lang='lat' dir='ltr'><strong>orbes:</strong></span> <span class='ocrx_word' id='word_1_66' title='bbox 720 1097 790 1139; x_wconf 92' lang='lat' dir='ltr'><strong>nam</strong></span> <span class='ocrx_word' id='word_1_67' title='bbox 814 1078 934 1139; x_wconf 86' lang='lat' dir='ltr'><strong>uirnimn</strong></span> <span class='ocrx_word' id='word_1_68' title='bbox 957 1084 1257 1157; x_wconf 75' lang='lat' dir='ltr'><strong>upoodaqmpeoaon</strong></span> <span class='ocrx_word' id='word_1_69' title='bbox 1280 1078 1432 1139; x_wconf 87' lang='lat' dir='ltr'><strong>ademtum</strong></span> <span class='ocrx_word' id='word_1_70' title='bbox 1454 1076 1509 1139; x_wconf 87' lang='lat' dir='ltr'><strong>iri:</strong></span> <span class='ocrx_word' id='word_1_71' title='bbox 1544 1072 1678 1135; x_wconf 88' lang='lat' dir='ltr'><strong>deiude</strong></span> <span class='ocrx_word' id='word_1_72' title='bbox 1790 1094 1791 1115; x_wconf 57' lang='lat'>1</span> 
     </span>
     <span class='ocr_line' id='line_1_9' title="bbox 295 1162 1791 1249; baseline -0.007 -17"><span class='ocrx_word' id='word_1_73' title='bbox 295 1168 370 1237; x_wconf 82' lang='lat' dir='ltr'><strong>nibil</strong></span> <span class='ocrx_word' id='word_1_74' title='bbox 394 1168 541 1231; x_wconf 87' lang='lat' dir='ltr'><strong>decedere</strong></span> <span class='ocrx_word' id='word_1_75' title='bbox 557 1166 709 1229; x_wconf 90' lang='lat' dir='ltr'><strong>nobilitati</strong></span> <span class='ocrx_word' id='word_1_76' title='bbox 724 1165 922 1229; x_wconf 82' lang='lat' dir='ltr'><strong>miraculosae</strong></span> <span class='ocrx_word' id='word_1_77' title='bbox 937 1168 1026 1249; x_wconf 87' lang='lat' dir='ltr'><strong>hujus</strong></span> <span class='ocrx_word' id='word_1_78' title='bbox 1041 1167 1281 1241; x_wconf 85' lang='lat' dir='ltr'><strong>machinationis,</strong></span> <span class='ocrx_word' id='word_1_79' title='bbox 1306 1167 1332 1227; x_wconf 91' lang='lat' dir='ltr'><strong>si</strong></span> <span class='ocrx_word' id='word_1_80' title='bbox 1356 1168 1443 1228; x_wconf 91' lang='lat' dir='ltr'><strong>modo</strong></span> <span class='ocrx_word' id='word_1_81' title='bbox 1466 1165 1533 1226; x_wconf 85' lang='lat' dir='ltr'><strong>viae</strong></span> <span class='ocrx_word' id='word_1_82' title='bbox 1557 1166 1676 1243; x_wconf 87' lang='lat' dir='ltr'><strong>ipsae,</strong></span> <span class='ocrx_word' id='word_1_83' title='bbox 1790 1162 1791 1165; x_wconf 72' lang='grc'>’</span> 
     </span>
     <span class='ocr_line' id='line_1_10' title="bbox 294 1254 1678 1340; baseline -0.012 -15"><span class='ocrx_word' id='word_1_84' title='bbox 294 1260 485 1340; x_wconf 66' lang='lat' dir='ltr'><strong>plausorem</strong></span> <span class='ocrx_word' id='word_1_85' title='bbox 510 1255 679 1335; x_wconf 88' lang='lat' dir='ltr'><strong>descriptae</strong></span> <span class='ocrx_word' id='word_1_86' title='bbox 704 1256 848 1334; x_wconf 83' lang='lat' dir='ltr'><strong>globulis,</strong></span> <span class='ocrx_word' id='word_1_87' title='bbox 877 1257 1030 1319; x_wconf 88' lang='lat' dir='ltr'><strong>retineant</strong></span> <span class='ocrx_word' id='word_1_88' title='bbox 1056 1257 1134 1332; x_wconf 82' lang='lat' dir='ltr'><strong>hanc</strong></span> <span class='ocrx_word' id='word_1_89' title='bbox 1157 1256 1399 1337; x_wconf 89' lang='lat' dir='ltr'><strong>proportionem;</strong></span> <span class='ocrx_word' id='word_1_90' title='bbox 1432 1254 1678 1336; x_wconf 87' lang='lat' dir='ltr'><strong>quibuscunque</strong></span> 
     </span>
     <span class='ocr_line' id='line_1_11' title="bbox 294 1339 1676 1428; baseline -0.007 -18"><span class='ocrx_word' id='word_1_91' title='bbox 294 1348 339 1411; x_wconf 79' lang='lat' dir='ltr'><strong>illi</strong></span> <span class='ocrx_word' id='word_1_92' title='bbox 362 1347 516 1428; x_wconf 59' lang='lat' dir='ltr'><strong>Qitentur</strong></span> <span class='ocrx_word' id='word_1_93' title='bbox 538 1344 678 1420; x_wconf 90' lang='lat' dir='ltr'><strong>orbibus,</strong></span> <span class='ocrx_word' id='word_1_94' title='bbox 709 1346 826 1423; x_wconf 87' lang='lat' dir='ltr'><strong>magnis</strong></span> <span class='ocrx_word' id='word_1_95' title='bbox 850 1365 887 1405; x_wconf 87' lang='lat' dir='ltr'><strong>un</strong></span> <span class='ocrx_word' id='word_1_96' title='bbox 912 1347 1025 1425; x_wconf 86' lang='lat' dir='ltr'><strong>parvis.</strong></span> <span class='ocrx_word' id='word_1_97' title='bbox 1071 1345 1113 1407; x_wconf 79' lang='lat' dir='ltr'><strong>Et</strong></span> <span class='ocrx_word' id='word_1_98' title='bbox 1137 1345 1253 1418; x_wconf 86' lang='lat' dir='ltr'><strong>addidi,</strong></span> <span class='ocrx_word' id='word_1_99' title='bbox 1279 1364 1354 1424; x_wconf 87' lang='lat' dir='ltr'><strong>quae</strong></span> <span class='ocrx_word' id='word_1_100' title='bbox 1379 1363 1444 1424; x_wconf 86' lang='lat' dir='ltr'><strong>cap.</strong></span> <span class='ocrx_word' id='word_1_101' title='bbox 1473 1339 1523 1406; x_wconf 88' lang='grc'><strong>16.</strong></span> <span class='ocrx_word' id='word_1_102' title='bbox 1548 1341 1676 1413; x_wconf 76' lang='lat' dir='ltr'><strong>habea,</strong></span> 
     </span>
     <span class='ocr_line' id='line_1_12' title="bbox 283 1432 1792 1517; baseline -0.006 -19"><span class='ocrx_word' id='word_1_103' title='bbox 283 1437 332 1514; x_wconf 65' lang='lat' dir='ltr'><strong>,ds</strong></span> <span class='ocrx_word' id='word_1_104' title='bbox 356 1436 485 1498; x_wconf 86' lang='lat' dir='ltr'><strong>materia</strong></span> <span class='ocrx_word' id='word_1_105' title='bbox 506 1434 681 1514; x_wconf 84' lang='lat' dir='ltr'><strong>figurarum,</strong></span> <span class='ocrx_word' id='word_1_106' title='bbox 706 1453 781 1512; x_wconf 91' lang='lat' dir='ltr'><strong>quae</strong></span> <span class='ocrx_word' id='word_1_107' title='bbox 806 1434 889 1499; x_wconf 88' lang='lat' dir='ltr'><strong>nulla</strong></span> <span class='ocrx_word' id='word_1_108' title='bbox 913 1435 974 1508; x_wconf 88' lang='lat' dir='ltr'><strong>sit;</strong></span> <span class='ocrx_word' id='word_1_109' title='bbox 1002 1432 1092 1517; x_wconf 87' lang='lat' dir='ltr'><strong>atque</strong></span> <span class='ocrx_word' id='word_1_110' title='bbox 1117 1434 1266 1496; x_wconf 86' lang='lat' dir='ltr'><strong>iudanon</strong></span> <span class='ocrx_word' id='word_1_111' title='bbox 1290 1434 1453 1495; x_wconf 85' lang='lat' dir='ltr'><strong>absurdum</strong></span> <span class='ocrx_word' id='word_1_112' title='bbox 1477 1451 1557 1503; x_wconf 85' lang='lat' dir='ltr'><strong>esse,</strong></span> <span class='ocrx_word' id='word_1_113' title='bbox 1589 1449 1676 1491; x_wconf 89' lang='lat' dir='ltr'><strong>cor·</strong></span> <span class='ocrx_word' id='word_1_114' title='bbox 1791 1462 1792 1497; x_wconf 66' lang='lat'>1</span> 
     </span>
     <span class='ocr_line' id='line_1_13' title="bbox 295 1508 1792 1606; baseline -0.007 -19"><span class='ocrx_word' id='word_1_115' title='bbox 295 1543 370 1606; x_wconf 82' lang='lat' dir='ltr'><strong>pora</strong></span> <span class='ocrx_word' id='word_1_116' title='bbox 393 1543 459 1586; x_wconf 91' lang='lat' dir='ltr'><strong>cum</strong></span> <span class='ocrx_word' id='word_1_117' title='bbox 483 1522 605 1584; x_wconf 89' lang='lat' dir='ltr'><strong>orbibus</strong></span> <span class='ocrx_word' id='word_1_118' title='bbox 634 1521 738 1581; x_wconf 90' lang='lat' dir='ltr'><strong>eodem</strong></span> <span class='ocrx_word' id='word_1_119' title='bbox 768 1522 836 1583; x_wconf 91' lang='lat' dir='ltr'><strong>loco</strong></span> <span class='ocrx_word' id='word_1_120' title='bbox 863 1522 1033 1597; x_wconf 87' lang='lat' dir='ltr'><strong>includere;</strong></span> <span class='ocrx_word' id='word_1_121' title='bbox 1067 1524 1126 1584; x_wconf 92' lang='lat' dir='ltr'><strong>imo</strong></span> <span class='ocrx_word' id='word_1_122' title='bbox 1159 1541 1231 1584; x_wconf 82' lang='lat' dir='ltr'><strong>vero</strong></span> <span class='ocrx_word' id='word_1_123' title='bbox 1264 1522 1312 1584; x_wconf 89' lang='lat' dir='ltr'><strong>vel</strong></span> <span class='ocrx_word' id='word_1_124' title='bbox 1340 1522 1405 1583; x_wconf 90' lang='lat' dir='ltr'><strong>siue</strong></span> <span class='ocrx_word' id='word_1_125' title='bbox 1433 1520 1554 1583; x_wconf 90' lang='lat' dir='ltr'><strong>orbibus</strong></span> <span class='ocrx_word' id='word_1_126' title='bbox 1579 1521 1677 1580; x_wconf 88' lang='lat' dir='ltr'><strong>hanc</strong></span> <span class='ocrx_word' id='word_1_127' title='bbox 1791 1508 1792 1585; x_wconf 63' lang='lat' dir='ltr'><strong>l</strong></span> 
     </span>
    </p>

    <p class='ocr_par' dir='ltr' id='par_1_3' title="bbox 224 1608 1674 2491">
     <span class='ocr_line' id='line_1_14' title="bbox 224 1608 1673 1692; baseline -0.005 -17"><span class='ocrx_word' id='word_1_128' title='bbox 224 1608 228 1619; x_wconf 79' lang='grc'><em>’</em></span> <span class='ocrx_word' id='word_1_129' title='bbox 295 1614 363 1675; x_wconf 85' lang='lat' dir='ltr'><strong>viae</strong></span> <span class='ocrx_word' id='word_1_130' title='bbox 387 1608 636 1692; x_wconf 77' lang='lat' dir='ltr'><strong>inaequalitatem</strong></span> <span class='ocrx_word' id='word_1_131' title='bbox 660 1608 780 1672; x_wconf 86' lang='lat' dir='ltr'><strong>defendi</strong></span> <span class='ocrx_word' id='word_1_132' title='bbox 802 1629 903 1690; x_wconf 89' lang='lat' dir='ltr'><strong>posse.</strong></span> <span class='ocrx_word' id='word_1_133' title='bbox 951 1612 985 1672; x_wconf 91' lang='lat' dir='ltr'><strong>ln</strong></span> <span class='ocrx_word' id='word_1_134' title='bbox 1010 1630 1069 1691; x_wconf 85' lang='lat' dir='ltr'><strong>qua</strong></span> <span class='ocrx_word' id='word_1_135' title='bbox 1096 1611 1248 1674; x_wconf 86' lang='lat' dir='ltr'><strong>sententia</strong></span> <span class='ocrx_word' id='word_1_136' title='bbox 1276 1612 1364 1672; x_wconf 87' lang='lat' dir='ltr'><strong>video</strong></span> <span class='ocrx_word' id='word_1_137' title='bbox 1391 1611 1531 1677; x_wconf 65' lang='lat' dir='ltr'><strong>nobilem,</strong></span> <span class='ocrx_word' id='word_1_138' title='bbox 1544 1617 1577 1669; x_wconf 88' lang='lat' dir='ltr'><strong>et</strong></span> <span class='ocrx_word' id='word_1_139' title='bbox 1604 1625 1673 1668; x_wconf 86' lang='lat' dir='ltr'><strong>ex-</strong></span> 
     </span>
     <span class='ocr_line' id='line_1_15' title="bbox 295 1696 1674 1779; baseline -0.004 -15"><span class='ocrx_word' id='word_1_140' title='bbox 295 1701 542 1764; x_wconf 87' lang='lat' dir='ltr'><strong>cellentissimum</strong></span> <span class='ocrx_word' id='word_1_141' title='bbox 571 1698 815 1761; x_wconf 87' lang='lat' dir='ltr'><strong>mathematicum</strong></span> <span class='ocrx_word' id='word_1_142' title='bbox 838 1700 1011 1779; x_wconf 82' lang='lat' dir='ltr'><strong>Tycbouem</strong></span> <span class='ocrx_word' id='word_1_143' title='bbox 1033 1701 1153 1773; x_wconf 89' lang='lat' dir='ltr'><strong>Brahe,</strong></span> <span class='ocrx_word' id='word_1_144' title='bbox 1181 1701 1318 1771; x_wconf 88' lang='lat' dir='ltr'><strong>Danum,</strong></span> <span class='ocrx_word' id='word_1_145' title='bbox 1348 1699 1475 1761; x_wconf 88' lang='lat' dir='ltr'><strong>versari.</strong></span> <span class='ocrx_word' id='word_1_146' title='bbox 1520 1696 1674 1761; x_wconf 75' lang='lat' dir='ltr'><strong>causam</strong></span> 
     </span>
     <span class='ocr_line' id='line_1_16' title="bbox 296 1786 1673 1871; baseline -0.006 -17"><span class='ocrx_word' id='word_1_147' title='bbox 296 1798 398 1855; x_wconf 82' lang='lat' dir='ltr'><strong>tamen</strong></span> <span class='ocrx_word' id='word_1_148' title='bbox 422 1796 453 1850; x_wconf 89' lang='lat' dir='ltr'><strong>et</strong></span> <span class='ocrx_word' id='word_1_149' title='bbox 477 1788 595 1850; x_wconf 90' lang='lat' dir='ltr'><strong>modum</strong></span> <span class='ocrx_word' id='word_1_150' title='bbox 620 1786 694 1847; x_wconf 85' lang='lat' dir='ltr'><strong>haec</strong></span> <span class='ocrx_word' id='word_1_151' title='bbox 718 1798 823 1850; x_wconf 90' lang='lat' dir='ltr'><strong>nostra</strong></span> <span class='ocrx_word' id='word_1_152' title='bbox 846 1788 988 1851; x_wconf 87' lang='lat' dir='ltr'><strong>disertius</strong></span> <span class='ocrx_word' id='word_1_153' title='bbox 1012 1789 1154 1852; x_wconf 86' lang='lat' dir='ltr'><strong>indicant.</strong></span> <span class='ocrx_word' id='word_1_154' title='bbox 1188 1790 1304 1871; x_wconf 85' lang='lat' dir='ltr'><strong>Nempe</strong></span> <span class='ocrx_word' id='word_1_155' title='bbox 1328 1790 1352 1850; x_wconf 88' lang='lat' dir='ltr'><strong>si</strong></span> <span class='ocrx_word' id='word_1_156' title='bbox 1373 1790 1477 1850; x_wconf 87' lang='lat' dir='ltr'><strong>eadem</strong></span> <span class='ocrx_word' id='word_1_157' title='bbox 1499 1786 1539 1848; x_wconf 87' lang='lat' dir='ltr'><strong>sit</strong></span> <span class='ocrx_word' id='word_1_158' title='bbox 1562 1804 1673 1847; x_wconf 85' lang='lat' dir='ltr'><strong>causa</strong></span> 
     </span>
     <span class='ocr_line' id='line_1_17' title="bbox 297 1874 1670 1959; baseline -0.005 -18"><span class='ocrx_word' id='word_1_159' title='bbox 297 1877 453 1941; x_wconf 87' lang='lat' dir='ltr'><strong>tarditatis</strong></span> <span class='ocrx_word' id='word_1_160' title='bbox 478 1886 509 1937; x_wconf 90' lang='lat' dir='ltr'><strong>et</strong></span> <span class='ocrx_word' id='word_1_161' title='bbox 531 1875 703 1955; x_wconf 81' lang='lat' dir='ltr'><strong>velocitatis</strong></span> <span class='ocrx_word' id='word_1_162' title='bbox 726 1875 755 1939; x_wconf 90' lang='lat' dir='ltr'><strong>in</strong></span> <span class='ocrx_word' id='word_1_163' title='bbox 780 1877 963 1955; x_wconf 86' lang='lat' dir='ltr'><strong>singulorum</strong></span> <span class='ocrx_word' id='word_1_164' title='bbox 979 1878 1099 1940; x_wconf 91' lang='lat' dir='ltr'><strong>orbibus</strong></span> <span class='ocrx_word' id='word_1_165' title='bbox 1114 1882 1151 1953; x_wconf 84' lang='lat'><strong>⁸),</strong></span> <span class='ocrx_word' id='word_1_166' title='bbox 1177 1898 1252 1959; x_wconf 90' lang='lat' dir='ltr'><strong>quae</strong></span> <span class='ocrx_word' id='word_1_167' title='bbox 1277 1898 1368 1958; x_wconf 91' lang='lat' dir='ltr'><strong>supra</strong></span> <span class='ocrx_word' id='word_1_168' title='bbox 1387 1897 1452 1957; x_wconf 90' lang='lat' dir='ltr'><strong>cap.</strong></span> <span class='ocrx_word' id='word_1_169' title='bbox 1469 1874 1521 1940; x_wconf 77' lang='lat'><strong>20.</strong></span> <span class='ocrx_word' id='word_1_170' title='bbox 1546 1876 1607 1937; x_wconf 84' lang='lat' dir='ltr'><strong>fuit</strong></span> <span class='ocrx_word' id='word_1_171' title='bbox 1634 1875 1670 1934; x_wconf 92' lang='lat' dir='ltr'><strong>in</strong></span> 
     </span>
     <span class='ocr_line' id='line_1_18' title="bbox 299 1964 1668 2047; baseline -0.004 -16"><span class='ocrx_word' id='word_1_172' title='bbox 299 1968 437 2031; x_wconf 86' lang='lat' dir='ltr'><strong>universa</strong></span> <span class='ocrx_word' id='word_1_173' title='bbox 461 1964 581 2036; x_wconf 87' lang='lat' dir='ltr'><strong>mundo,</strong></span> <span class='ocrx_word' id='word_1_174' title='bbox 607 1965 661 2025; x_wconf 88' lang='lat' dir='ltr'><strong>hoc</strong></span> <span class='ocrx_word' id='word_1_175' title='bbox 685 1965 793 2026; x_wconf 89' lang='lat' dir='ltr'><strong>modo:</strong></span> <span class='ocrx_word' id='word_1_176' title='bbox 818 1966 868 2026; x_wconf 89' lang='lat' dir='ltr'><strong>via</strong></span> <span class='ocrx_word' id='word_1_177' title='bbox 891 1968 1033 2046; x_wconf 90' lang='lat' dir='ltr'><strong>planetae</strong></span> <span class='ocrx_word' id='word_1_178' title='bbox 1057 1967 1225 2029; x_wconf 87' lang='lat' dir='ltr'><strong>eccentrica</strong></span> <span class='ocrx_word' id='word_1_179' title='bbox 1247 1969 1337 2029; x_wconf 88' lang='lat' dir='ltr'><strong>tarda</strong></span> <span class='ocrx_word' id='word_1_180' title='bbox 1359 1967 1494 2047; x_wconf 87' lang='lat' dir='ltr'><strong>superius</strong></span> <span class='ocrx_word' id='word_1_181' title='bbox 1519 1974 1583 2039; x_wconf 87' lang='lat' dir='ltr'><strong>est,</strong></span> <span class='ocrx_word' id='word_1_182' title='bbox 1609 1964 1668 2025; x_wconf 88' lang='lat' dir='ltr'><strong>in-</strong></span> 
     </span>
     <span class='ocr_line' id='line_1_19' title="bbox 298 2052 1667 2138; baseline -0.004 -19"><span class='ocrx_word' id='word_1_183' title='bbox 298 2056 389 2119; x_wconf 80' lang='lat' dir='ltr'><strong>leriu&#39;s</strong></span> <span class='ocrx_word' id='word_1_184' title='bbox 417 2056 514 2116; x_wconf 80' lang='lat' dir='ltr'><strong>velox.</strong></span> <span class='ocrx_word' id='word_1_185' title='bbox 563 2053 613 2115; x_wconf 86' lang='lat' dir='ltr'><strong>Ad</strong></span> <span class='ocrx_word' id='word_1_186' title='bbox 646 2054 702 2115; x_wconf 90' lang='lat' dir='ltr'><strong>hoc</strong></span> <span class='ocrx_word' id='word_1_187' title='bbox 735 2054 813 2117; x_wconf 91' lang='lat' dir='ltr'><strong>enim</strong></span> <span class='ocrx_word' id='word_1_188' title='bbox 847 2054 1112 2119; x_wconf 88' lang='lat' dir='ltr'><strong>demonstrandum</strong></span> <span class='ocrx_word' id='word_1_189' title='bbox 1141 2065 1278 2125; x_wconf 83' lang='lat' dir='ltr'><strong>assumta</strong></span> <span class='ocrx_word' id='word_1_190' title='bbox 1302 2055 1468 2138; x_wconf 86' lang='lat' dir='ltr'><strong>Copemico</strong></span> <span class='ocrx_word' id='word_1_191' title='bbox 1499 2052 1667 2136; x_wconf 64' lang='lat' dir='ltr'><strong>epicyclia</strong></span> 
     </span>
     <span class='ocr_line' id='line_1_20' title="bbox 299 2141 1666 2226; baseline -0.004 -18"><span class='ocrx_word' id='word_1_192' title='bbox 299 2145 473 2208; x_wconf 86' lang='lat' dir='ltr'><strong>Ptolemaeo</strong></span> <span class='ocrx_word' id='word_1_193' title='bbox 496 2149 671 2222; x_wconf 85' lang='lat' dir='ltr'><strong>aequantes.</strong></span> <span class='ocrx_word' id='word_1_194' title='bbox 686 2141 715 2217; x_wconf 77' lang='lat' dir='ltr'><strong>b)</strong></span> <span class='ocrx_word' id='word_1_195' title='bbox 761 2144 959 2207; x_wconf 89' lang='lat' dir='ltr'><strong>Describatur</strong></span> <span class='ocrx_word' id='word_1_196' title='bbox 982 2145 1073 2225; x_wconf 89' lang='lat' dir='ltr'><strong>igitur</strong></span> <span class='ocrx_word' id='word_1_197' title='bbox 1096 2147 1303 2208; x_wconf 89' lang='lat' dir='ltr'><strong>concentricus</strong></span> <span class='ocrx_word' id='word_1_198' title='bbox 1332 2145 1467 2226; x_wconf 88' lang='lat' dir='ltr'><strong>aequalis</strong></span> <span class='ocrx_word' id='word_1_199' title='bbox 1496 2144 1562 2206; x_wconf 86' lang='lat' dir='ltr'><strong>viae</strong></span> <span class='ocrx_word' id='word_1_200' title='bbox 1586 2142 1666 2225; x_wconf 83' lang='lat' dir='ltr'><strong>pla&#39;-</strong></span> 
     </span>
     <span class='ocr_line' id='line_1_21' title="bbox 298 2230 1668 2316; baseline -0.003 -20"><span class='ocrx_word' id='word_1_201' title='bbox 298 2234 432 2297; x_wconf 88' lang='lat' dir='ltr'><strong>netariae</strong></span> <span class='ocrx_word' id='word_1_202' title='bbox 457 2230 663 2305; x_wconf 89' lang='lat' dir='ltr'><strong>ecceutricae;</strong></span> <span class='ocrx_word' id='word_1_203' title='bbox 692 2233 778 2311; x_wconf 87' lang='lat' dir='ltr'><strong>cujus</strong></span> <span class='ocrx_word' id='word_1_204' title='bbox 802 2243 899 2297; x_wconf 76' lang='lat' dir='ltr'><strong>mons</strong></span> <span class='ocrx_word' id='word_1_205' title='bbox 924 2234 1112 2315; x_wconf 84' lang='lat' dir='ltr'><strong>undiquaque</strong></span> <span class='ocrx_word' id='word_1_206' title='bbox 1136 2234 1271 2314; x_wconf 89' lang='lat' dir='ltr'><strong>aequalis</strong></span> <span class='ocrx_word' id='word_1_207' title='bbox 1295 2235 1368 2310; x_wconf 90' lang='lat' dir='ltr'><strong>erit,</strong></span> <span class='ocrx_word' id='word_1_208' title='bbox 1398 2234 1467 2316; x_wconf 92' lang='lat' dir='ltr'><strong>quia</strong></span> <span class='ocrx_word' id='word_1_209' title='bbox 1491 2232 1668 2312; x_wconf 87' lang='lat' dir='ltr'><strong>acqualiter</strong></span> 
     </span>
     <span class='ocr_line' id='line_1_22' title="bbox 298 2319 1666 2402; baseline -0.003 -19"><span class='ocrx_word' id='word_1_210' title='bbox 298 2324 336 2383; x_wconf 89' lang='lat' dir='ltr'><strong>ab</strong></span> <span class='ocrx_word' id='word_1_211' title='bbox 359 2321 473 2402; x_wconf 84' lang='lat' dir='ltr'><strong>origine</strong></span> <span class='ocrx_word' id='word_1_212' title='bbox 497 2327 596 2381; x_wconf 88' lang='lat' dir='ltr'><strong>motus</strong></span> <span class='ocrx_word' id='word_1_213' title='bbox 620 2319 727 2382; x_wconf 81' lang='lat' dir='ltr'><strong>distat.</strong></span> <span class='ocrx_word' id='word_1_214' title='bbox 765 2321 847 2401; x_wconf 86' lang='lat' dir='ltr'><strong>Ergo</strong></span> <span class='ocrx_word' id='word_1_215' title='bbox 871 2323 900 2384; x_wconf 91' lang='lat' dir='ltr'><strong>in</strong></span> <span class='ocrx_word' id='word_1_216' title='bbox 924 2323 1088 2384; x_wconf 88' lang='lat' dir='ltr'><strong>medietate</strong></span> <span class='ocrx_word' id='word_1_217' title='bbox 1112 2324 1180 2385; x_wconf 90' lang='lat' dir='ltr'><strong>viae</strong></span> <span class='ocrx_word' id='word_1_218' title='bbox 1201 2324 1389 2385; x_wconf 85' lang='lat' dir='ltr'><strong>eceentricae</strong></span> <span class='ocrx_word' id='word_1_219' title='bbox 1412 2341 1504 2402; x_wconf 88' lang='lat' dir='ltr'><strong>supra</strong></span> <span class='ocrx_word' id='word_1_220' title='bbox 1526 2339 1666 2385; x_wconf 86' lang='lat' dir='ltr'><strong>concen-</strong></span> 
     </span>
     <span class='ocr_line' id='line_1_23' title="bbox 299 2407 1665 2491; baseline -0.001 -19"><span class='ocrx_word' id='word_1_221' title='bbox 299 2412 404 2473; x_wconf 90' lang='lat' dir='ltr'><strong>tricum</strong></span> <span class='ocrx_word' id='word_1_222' title='bbox 428 2407 569 2472; x_wconf 86' lang='lat' dir='ltr'><strong>eminenti</strong></span> <span class='ocrx_word' id='word_1_223' title='bbox 593 2409 708 2470; x_wconf 86' lang='lat' dir='ltr'><strong>tardior</strong></span> <span class='ocrx_word' id='word_1_224' title='bbox 732 2410 790 2471; x_wconf 91' lang='lat' dir='ltr'><strong>erit</strong></span> <span class='ocrx_word' id='word_1_225' title='bbox 812 2410 958 2488; x_wconf 84' lang='lat' dir='ltr'><strong>planeta,¹</strong></span> <span class='ocrx_word' id='word_1_226' title='bbox 980 2411 1051 2491; x_wconf 89' lang='lat' dir='ltr'><strong>quia</strong></span> <span class='ocrx_word' id='word_1_227' title='bbox 1078 2411 1196 2490; x_wconf 87' lang='lat' dir='ltr'><strong>longius</strong></span> <span class='ocrx_word' id='word_1_228' title='bbox 1220 2434 1240 2474; x_wconf 88' lang='lat' dir='ltr'><strong>a</strong></span> <span class='ocrx_word' id='word_1_229' title='bbox 1263 2412 1335 2475; x_wconf 90' lang='lat' dir='ltr'><strong>Sole</strong></span> <span class='ocrx_word' id='word_1_230' title='bbox 1359 2412 1475 2474; x_wconf 87' lang='lat' dir='ltr'><strong>recedit</strong></span> <span class='ocrx_word' id='word_1_231' title='bbox 1496 2418 1529 2473; x_wconf 89' lang='lat' dir='ltr'><strong>et</strong></span> <span class='ocrx_word' id='word_1_232' title='bbox 1551 2431 1570 2471; x_wconf 86' lang='lat' dir='ltr'><strong>a</strong></span> <span class='ocrx_word' id='word_1_233' title='bbox 1593 2408 1665 2471; x_wconf 79' lang='lat' dir='ltr'><strong>vir·</strong></span> 
     </span>
    </p>

    <p class='ocr_par' dir='ltr' id='par_1_4' title="bbox 244 2496 1794 2758">
     <span class='ocr_line' id='line_1_24' title="bbox 244 2496 1664 2582; baseline -0.001 -21"><span class='ocrx_word' id='word_1_234' title='bbox 244 2564 249 2571; x_wconf 73' lang='grc'><strong>,</strong></span> <span class='ocrx_word' id='word_1_235' title='bbox 298 2508 363 2561; x_wconf 87' lang='lat' dir='ltr'><strong>tute</strong></span> <span class='ocrx_word' id='word_1_236' title='bbox 387 2497 525 2560; x_wconf 86' lang='lat' dir='ltr'><strong>debiliori</strong></span> <span class='ocrx_word' id='word_1_237' title='bbox 547 2504 702 2558; x_wconf 89' lang='lat' dir='ltr'><strong>movetur:</strong></span> <span class='ocrx_word' id='word_1_238' title='bbox 731 2499 761 2559; x_wconf 92' lang='lat' dir='ltr'><strong>iu</strong></span> <span class='ocrx_word' id='word_1_239' title='bbox 791 2499 906 2580; x_wconf 87' lang='lat' dir='ltr'><strong>reliqua</strong></span> <span class='ocrx_word' id='word_1_240' title='bbox 933 2501 1072 2576; x_wconf 85' lang='lat' dir='ltr'><strong>celerior,</strong></span> <span class='ocrx_word' id='word_1_241' title='bbox 1102 2502 1173 2582; x_wconf 86' lang='lat' dir='ltr'><strong>quia</strong></span> <span class='ocrx_word' id='word_1_242' title='bbox 1196 2500 1261 2563; x_wconf 91' lang='lat' dir='ltr'><strong>Soli</strong></span> <span class='ocrx_word' id='word_1_243' title='bbox 1284 2501 1409 2562; x_wconf 81' lang='lat' dir='ltr'><strong>vicinior</strong></span> <span class='ocrx_word' id='word_1_244' title='bbox 1432 2508 1465 2562; x_wconf 89' lang='lat' dir='ltr'><strong>et</strong></span> <span class='ocrx_word' id='word_1_245' title='bbox 1486 2501 1516 2562; x_wconf 88' lang='lat' dir='ltr'><strong>in</strong></span> <span class='ocrx_word' id='word_1_246' title='bbox 1540 2496 1664 2561; x_wconf 82' lang='lat' dir='ltr'><strong>fortiori</strong></span> 
     </span>
     <span class='ocr_line' id='line_1_25' title="bbox 299 2585 1794 2671; baseline 0.001 -24"><span class='ocrx_word' id='word_1_247' title='bbox 299 2589 420 2651; x_wconf 87' lang='lat' dir='ltr'><strong>virtute.</strong></span> <span class='ocrx_word' id='word_1_248' title='bbox 453 2585 555 2666; x_wconf 84' lang='lat' dir='ltr'><strong>Atque</strong></span> <span class='ocrx_word' id='word_1_249' title='bbox 570 2586 647 2647; x_wconf 89' lang='lat' dir='ltr'><strong>hauc</strong></span> <span class='ocrx_word' id='word_1_250' title='bbox 663 2586 862 2650; x_wconf 88' lang='lat' dir='ltr'><strong>variationem</strong></span> <span class='ocrx_word' id='word_1_251' title='bbox 878 2598 978 2651; x_wconf 88' lang='lat' dir='ltr'><strong>motus</strong></span> <span class='ocrx_word' id='word_1_252' title='bbox 1001 2609 1059 2651; x_wconf 85' lang='lat' dir='ltr'><strong>non</strong></span> <span class='ocrx_word' id='word_1_253' title='bbox 1083 2608 1171 2651; x_wconf 92' lang='lat' dir='ltr'><strong>secus</strong></span> <span class='ocrx_word' id='word_1_254' title='bbox 1195 2609 1250 2671; x_wconf 91' lang='lat' dir='ltr'><strong>per</strong></span> <span class='ocrx_word' id='word_1_255' title='bbox 1272 2590 1424 2653; x_wconf 87' lang='lat' dir='ltr'><strong>circellum</strong></span> <span class='ocrx_word' id='word_1_256' title='bbox 1448 2586 1662 2659; x_wconf 83' lang='lat' dir='ltr'><strong>demonstrari,</strong></span> <span class='ocrx_word' id='word_1_257' title='bbox 1793 2614 1794 2655; x_wconf 68' lang='lat' dir='ltr'><strong>l</strong></span> 
     </span>
     <span class='ocr_line' id='line_1_26' title="bbox 298 2674 1665 2758; baseline -0.004 -17"><span class='ocrx_word' id='word_1_258' title='bbox 298 2697 334 2741; x_wconf 88' lang='lat' dir='ltr'><strong>ac</strong></span> <span class='ocrx_word' id='word_1_259' title='bbox 358 2677 384 2737; x_wconf 93' lang='lat' dir='ltr'><strong>si</strong></span> <span class='ocrx_word' id='word_1_260' title='bbox 407 2694 476 2737; x_wconf 89' lang='lat' dir='ltr'><strong>vere</strong></span> <span class='ocrx_word' id='word_1_261' title='bbox 499 2674 529 2735; x_wconf 92' lang='lat' dir='ltr'><strong>iu</strong></span> <span class='ocrx_word' id='word_1_262' title='bbox 554 2693 589 2734; x_wconf 92' lang='lat' dir='ltr'><strong>eo</strong></span> <span class='ocrx_word' id='word_1_263' title='bbox 614 2674 735 2736; x_wconf 90' lang='lat' dir='ltr'><strong>circello</strong></span> <span class='ocrx_word' id='word_1_264' title='bbox 759 2676 883 2755; x_wconf 88' lang='lat' dir='ltr'><strong>planeta</strong></span> <span class='ocrx_word' id='word_1_265' title='bbox 905 2689 1075 2740; x_wconf 80' lang='lat' dir='ltr'><strong>moveretur</strong></span> <span class='ocrx_word' id='word_1_266' title='bbox 1099 2679 1216 2758; x_wconf 89' lang='lat' dir='ltr'><strong>aequali</strong></span> <span class='ocrx_word' id='word_1_267' title='bbox 1235 2690 1327 2754; x_wconf 92' lang='lat' dir='ltr'><strong>motu,</strong></span> <span class='ocrx_word' id='word_1_268' title='bbox 1353 2678 1476 2741; x_wconf 89' lang='lat' dir='ltr'><strong>cuilibet</strong></span> <span class='ocrx_word' id='word_1_269' title='bbox 1499 2677 1587 2739; x_wconf 86' lang='lat' dir='ltr'><strong>facile</strong></span> <span class='ocrx_word' id='word_1_270' title='bbox 1612 2684 1665 2736; x_wconf 86' lang='lat' dir='ltr'><strong>est</strong></span> 
     </span>
    </p>

    <p class='ocr_par' dir='ltr' id='par_1_5' title="bbox 178 2761 1663 2849">
     <span class='ocr_line' id='line_1_27' title="bbox 178 2761 1663 2849; baseline -0.003 -21"><span class='ocrx_word' id='word_1_271' title='bbox 178 2832 183 2838; x_wconf 66' lang='grc'><strong>,</strong></span> <span class='ocrx_word' id='word_1_272' title='bbox 299 2766 452 2849; x_wconf 68' lang='lat' dir='ltr'><strong>colligere·</strong></span> <span class='ocrx_word' id='word_1_273' title='bbox 497 2761 603 2824; x_wconf 85' lang='lat' dir='ltr'><strong>Habes</strong></span> <span class='ocrx_word' id='word_1_274' title='bbox 633 2784 756 2827; x_wconf 87' lang='lat' dir='ltr'><strong>causam</strong></span> <span class='ocrx_word' id='word_1_275' title='bbox 784 2766 941 2830; x_wconf 83' lang='lat' dir='ltr'><strong>tarditatis</strong></span> <span class='ocrx_word' id='word_1_276' title='bbox 974 2768 1079 2848; x_wconf 87' lang='lat' dir='ltr'><strong>hujus,</strong></span> <span class='ocrx_word' id='word_1_277' title='bbox 1113 2768 1269 2830; x_wconf 86' lang='lat' dir='ltr'><strong>videamus</strong></span> <span class='ocrx_word' id='word_1_278' title='bbox 1302 2788 1378 2829; x_wconf 90' lang='lat' dir='ltr'><strong>nunc</strong></span> <span class='ocrx_word' id='word_1_279' title='bbox 1409 2777 1441 2829; x_wconf 91' lang='lat' dir='ltr'><strong>et</strong></span> <span class='ocrx_word' id='word_1_280' title='bbox 1467 2784 1663 2828; x_wconf 88' lang='lat' dir='ltr'><strong>mensuram:</strong></span> 
     </span>
    </p>

    <p class='ocr_par' dir='ltr' id='par_1_6' title="bbox 807 2853 1662 3116">
     <span class='ocr_line' id='line_1_28' title="bbox 893 2853 1662 2932; baseline -0.007 -13"><span class='ocrx_word' id='word_1_281' title='bbox 893 2856 924 2919; x_wconf 92' lang='lat' dir='ltr'><strong>A</strong></span> <span class='ocrx_word' id='word_1_282' title='bbox 952 2857 993 2919; x_wconf 87' lang='lat' dir='ltr'><strong>sit</strong></span> <span class='ocrx_word' id='word_1_283' title='bbox 1021 2859 1087 2919; x_wconf 87' lang='lat' dir='ltr'><strong>lons</strong></span> <span class='ocrx_word' id='word_1_284' title='bbox 1117 2858 1234 2919; x_wconf 89' lang='lat' dir='ltr'><strong>animae</strong></span> <span class='ocrx_word' id='word_1_285' title='bbox 1261 2859 1424 2932; x_wconf 90' lang='lat' dir='ltr'><strong>moventis,</strong></span> <span class='ocrx_word' id='word_1_286' title='bbox 1455 2876 1496 2919; x_wconf 88' lang='lat' dir='ltr'><strong>se.</strong></span> <span class='ocrx_word' id='word_1_287' title='bbox 1528 2854 1599 2929; x_wconf 87' lang='lat' dir='ltr'><strong>Sol,</strong></span> <span class='ocrx_word' id='word_1_288' title='bbox 1633 2853 1662 2914; x_wconf 93' lang='grc' dir='ltr'><strong>Β</strong></span> 
     </span>
     <span class='ocr_line' id='line_1_29' title="bbox 807 2942 1661 3026; baseline -0.002 -20"><span class='ocrx_word' id='word_1_289' title='bbox 807 2954 941 3007; x_wconf 86' lang='lat' dir='ltr'><strong>centrum</strong></span> <span class='ocrx_word' id='word_1_290' title='bbox 969 2946 1037 3007; x_wconf 89' lang='lat' dir='ltr'><strong>viae</strong></span> <span class='ocrx_word' id='word_1_291' title='bbox 1060 2946 1192 3020; x_wconf 83' lang='lat' dir='ltr'><strong>EFGH,</strong></span> <span class='ocrx_word' id='word_1_292' title='bbox 1228 2966 1315 3026; x_wconf 90' lang='lat' dir='ltr'><strong>quam</strong></span> <span class='ocrx_word' id='word_1_293' title='bbox 1347 2948 1489 3026; x_wconf 89' lang='lat' dir='ltr'><strong>planeta,</strong></span> <span class='ocrx_word' id='word_1_294' title='bbox 1523 2945 1577 3007; x_wconf 90' lang='lat' dir='ltr'><strong>sed</strong></span> <span class='ocrx_word' id='word_1_295' title='bbox 1611 2942 1661 3004; x_wconf 91' lang='lat' dir='ltr'><strong>in-</strong></span> 
     </span>
     <span class='ocr_line' id='line_1_30' title="bbox 807 3030 1661 3116; baseline -0.005 -19"><span class='ocrx_word' id='word_1_296' title='bbox 807 3034 926 3114; x_wconf 83' lang='lat' dir='ltr'><strong>aequali</strong></span> <span class='ocrx_word' id='word_1_297' title='bbox 953 3055 1062 3116; x_wconf 86' lang='lat' dir='ltr'><strong>passu,</strong></span> <span class='ocrx_word' id='word_1_298' title='bbox 1093 3035 1221 3109; x_wconf 90' lang='lat' dir='ltr'><strong>incedit,</strong></span> <span class='ocrx_word' id='word_1_299' title='bbox 1249 3036 1306 3097; x_wconf 92' lang='lat' dir='ltr'><strong>BD</strong></span> <span class='ocrx_word' id='word_1_300' title='bbox 1329 3036 1372 3097; x_wconf 92' lang='lat' dir='ltr'><strong>sit</strong></span> <span class='ocrx_word' id='word_1_301' title='bbox 1392 3045 1426 3098; x_wconf 92' lang='lat' dir='ltr'><strong>nt</strong></span> <span class='ocrx_word' id='word_1_302' title='bbox 1447 3034 1520 3108; x_wconf 92' lang='lat' dir='ltr'><strong>BA,</strong></span> <span class='ocrx_word' id='word_1_303' title='bbox 1551 3041 1582 3095; x_wconf 88' lang='lat' dir='ltr'><strong>et</strong></span> <span class='ocrx_word' id='word_1_304' title='bbox 1606 3030 1661 3095; x_wconf 88' lang='lat' dir='ltr'><strong>CB</strong></span> 
     </span>
    </p>

    <p class='ocr_par' dir='ltr' id='par_1_7' title="bbox 640 3110 1795 3697">
     <span class='ocr_line' id='line_1_31' title="bbox 640 3110 1795 3219; baseline -0.003 -36"><span class='ocrx_word' id='word_1_305' title='bbox 640 3144 649 3153; x_wconf 45' lang='lat'>⁸</span> <span class='ocrx_word' id='word_1_306' title='bbox 807 3123 873 3202; x_wconf 88' lang='lat' dir='ltr'><strong>ejus</strong></span> <span class='ocrx_word' id='word_1_307' title='bbox 896 3123 1061 3186; x_wconf 88' lang='lat' dir='ltr'><strong>dimidium.</strong></span> <span class='ocrx_word' id='word_1_308' title='bbox 1101 3122 1177 3187; x_wconf 82' lang='lat' dir='ltr'><strong>Cum</strong></span> <span class='ocrx_word' id='word_1_309' title='bbox 1200 3124 1292 3204; x_wconf 88' lang='lat' dir='ltr'><strong>igitur</strong></span> <span class='ocrx_word' id='word_1_310' title='bbox 1312 3125 1367 3186; x_wconf 87' lang='lat' dir='ltr'><strong>EF</strong></span> <span class='ocrx_word' id='word_1_311' title='bbox 1389 3125 1430 3187; x_wconf 90' lang='lat' dir='ltr'><strong>sit</strong></span> <span class='ocrx_word' id='word_1_312' title='bbox 1454 3122 1596 3185; x_wconf 87' lang='lat' dir='ltr'><strong>remotior</strong></span> <span class='ocrx_word' id='word_1_313' title='bbox 1620 3121 1692 3219; x_wconf 70' lang='lat' dir='ltr'><strong>ab¹</strong></span> <span class='ocrx_word' id='word_1_314' title='bbox 1794 3110 1795 3189; x_wconf 74' lang='lat' dir='ltr'><strong>l</strong></span> 
     </span>
     <span class='ocr_line' id='line_1_32' title="bbox 806 3211 1665 3379; baseline 0.004 -23.433"><span class='ocrx_word' id='word_1_315' title='bbox 806 3214 985 3379; x_wconf 69' lang='lat' dir='ltr'><strong>niul</strong></span> <span class='ocrx_word' id='word_1_316' title='bbox 1004 3211 1063 3363; x_wconf 76' lang='lat' dir='ltr'><strong>ll</strong></span> <span class='ocrx_word' id='word_1_317' title='bbox 1090 3212 1665 3378; x_wconf 44' lang='lat' dir='ltr'><strong>tererestereres</strong></span> 
     </span>
     <span class='ocr_line' id='line_1_33' title="bbox 714 3386 1664 3470; baseline 0 -21"><span class='ocrx_word' id='word_1_318' title='bbox 714 3386 724 3411; x_wconf 57' lang='lat'>⁸</span> <span class='ocrx_word' id='word_1_319' title='bbox 809 3389 926 3468; x_wconf 91' lang='lat' dir='ltr'><strong>lougius</strong></span> <span class='ocrx_word' id='word_1_320' title='bbox 950 3389 988 3451; x_wconf 92' lang='lat' dir='ltr'><strong>ab</strong></span> <span class='ocrx_word' id='word_1_321' title='bbox 1011 3390 1040 3452; x_wconf 88' lang='lat' dir='ltr'>A</span> <span class='ocrx_word' id='word_1_322' title='bbox 1064 3392 1253 3465; x_wconf 89' lang='lat' dir='ltr'><strong>recessisset,</strong></span> <span class='ocrx_word' id='word_1_323' title='bbox 1277 3392 1448 3470; x_wconf 87' lang='lat' dir='ltr'><strong>quantitate</strong></span> <span class='ocrx_word' id='word_1_324' title='bbox 1472 3410 1514 3452; x_wconf 91' lang='lat' dir='ltr'><strong>sc.</strong></span> <span class='ocrx_word' id='word_1_325' title='bbox 1536 3389 1604 3461; x_wconf 84' lang='lat' dir='ltr'><strong>AD,</strong></span> <span class='ocrx_word' id='word_1_326' title='bbox 1629 3396 1664 3449; x_wconf 85' lang='lat' dir='ltr'><strong>et</strong></span> 
     </span>
     <span class='ocr_line' id='line_1_34' title="bbox 755 3474 1662 3556; baseline -0.003 -16"><span class='ocrx_word' id='word_1_327' title='bbox 755 3480 787 3526; x_wconf 60' lang='grc' dir='ltr'><strong>’Κ</strong></span> <span class='ocrx_word' id='word_1_328' title='bbox 809 3496 898 3556; x_wconf 90' lang='lat' dir='ltr'><strong>super</strong></span> <span class='ocrx_word' id='word_1_329' title='bbox 922 3488 1025 3540; x_wconf 86' lang='lat' dir='ltr'><strong>centro</strong></span> <span class='ocrx_word' id='word_1_330' title='bbox 1048 3478 1076 3540; x_wconf 90' lang='lat' dir='ltr'>D</span> <span class='ocrx_word' id='word_1_331' title='bbox 1101 3490 1242 3543; x_wconf 90' lang='lat' dir='ltr'><strong>curreret.</strong></span> <span class='ocrx_word' id='word_1_332' title='bbox 1284 3480 1328 3541; x_wconf 88' lang='lat' dir='ltr'><strong>Et</strong></span> <span class='ocrx_word' id='word_1_333' title='bbox 1350 3489 1483 3555; x_wconf 87' lang='lat' dir='ltr'><strong>econtra,</strong></span> <span class='ocrx_word' id='word_1_334' title='bbox 1508 3498 1575 3540; x_wconf 91' lang='lat' dir='ltr'><strong>cum</strong></span> <span class='ocrx_word' id='word_1_335' title='bbox 1598 3474 1662 3537; x_wconf 86' lang='lat' dir='ltr'><strong>HG</strong></span> 
     </span>
     <span class='ocr_line' id='line_1_35' title="bbox 733 3567 1659 3697; baseline -0.001 -70"><span class='ocrx_word' id='word_1_336' title='bbox 733 3586 758 3697; x_wconf 48' lang='lat' dir='ltr'><strong>p)</strong></span> <span class='ocrx_word' id='word_1_337' title='bbox 809 3568 850 3627; x_wconf 88' lang='lat' dir='ltr'><strong>sit</strong></span> <span class='ocrx_word' id='word_1_338' title='bbox 872 3567 993 3647; x_wconf 83' lang='lat' dir='ltr'><strong>propior</strong></span> <span class='ocrx_word' id='word_1_339' title='bbox 1015 3567 1073 3647; x_wconf 84' lang='lat' dir='ltr'><strong>ipsi</strong></span> <span class='ocrx_word' id='word_1_340' title='bbox 1096 3569 1127 3630; x_wconf 90' lang='lat' dir='ltr'><strong>A</strong></span> <span class='ocrx_word' id='word_1_341' title='bbox 1150 3588 1238 3648; x_wconf 87' lang='lat' dir='ltr'><strong>quam</strong></span> <span class='ocrx_word' id='word_1_342' title='bbox 1262 3568 1326 3641; x_wconf 83' lang='lat' dir='ltr'><strong>PQ,</strong></span> <span class='ocrx_word' id='word_1_343' title='bbox 1350 3569 1457 3631; x_wconf 76' lang='lat' dir='ltr'><strong>eidem</strong></span> <span class='ocrx_word' id='word_1_344' title='bbox 1481 3568 1538 3631; x_wconf 92' lang='lat' dir='ltr'><strong>AB</strong></span> <span class='ocrx_word' id='word_1_345' title='bbox 1561 3584 1659 3647; x_wconf 90' lang='lat' dir='ltr'><strong>quan-</strong></span> 
     </span>
    </p>
   </div>
   <div class='ocr_carea' id='block_1_3' title="bbox 728 3618 1662 3763">
    <p class='ocr_par' dir='ltr' id='par_1_8' title="bbox 728 3618 1662 3763">
     <span class='ocr_line' id='line_1_36' title="bbox 728 3618 1662 3763; baseline -0.007 -43"><span class='ocrx_word' id='word_1_346' title='bbox 728 3618 764 3763; x_wconf 48' lang='grc' dir='ltr'><strong>Ι)</strong></span> <span class='ocrx_word' id='word_1_347' title='bbox 809 3655 911 3732; x_wconf 78' lang='lat' dir='ltr'><strong>ritate,</strong></span> <span class='ocrx_word' id='word_1_348' title='bbox 936 3657 1141 3732; x_wconf 86' lang='lat' dir='ltr'><strong>conveniebat,</strong></span> <span class='ocrx_word' id='word_1_349' title='bbox 1167 3667 1200 3720; x_wconf 92' lang='lat' dir='ltr'><strong>nt</strong></span> <span class='ocrx_word' id='word_1_350' title='bbox 1216 3658 1340 3739; x_wconf 89' lang='lat' dir='ltr'><strong>planeta</strong></span> <span class='ocrx_word' id='word_1_351' title='bbox 1357 3659 1386 3719; x_wconf 92' lang='lat' dir='ltr'><strong>in</strong></span> <span class='ocrx_word' id='word_1_352' title='bbox 1403 3657 1464 3720; x_wconf 90' lang='lat' dir='ltr'><strong>GH</strong></span> <span class='ocrx_word' id='word_1_353' title='bbox 1486 3666 1550 3718; x_wconf 84' lang='lat' dir='ltr'><strong>tarn</strong></span> <span class='ocrx_word' id='word_1_354' title='bbox 1572 3655 1662 3716; x_wconf 82' lang='lat' dir='ltr'><strong>velox</strong></span> 
     </span>
    </p>
   </div>
   <div class='ocr_carea' id='block_1_4' title="bbox 665 3745 1661 4016">
    <p class='ocr_par' dir='ltr' id='par_1_9' title="bbox 665 3745 1661 4016">
     <span class='ocr_line' id='line_1_37' title="bbox 709 3745 1660 3827; baseline -0.002 -22"><span class='ocrx_word' id='word_1_355' title='bbox 709 3760 727 3805; x_wconf 69' lang='lat' dir='ltr'><em>s</em></span> <span class='ocrx_word' id='word_1_356' title='bbox 811 3754 914 3820; x_wconf 89' lang='lat' dir='ltr'><strong>esset,</strong></span> <span class='ocrx_word' id='word_1_357' title='bbox 948 3765 983 3808; x_wconf 86' lang='lat' dir='ltr'><strong>ac</strong></span> <span class='ocrx_word' id='word_1_358' title='bbox 1015 3746 1042 3807; x_wconf 93' lang='lat' dir='ltr'><strong>si</strong></span> <span class='ocrx_word' id='word_1_359' title='bbox 1070 3747 1159 3826; x_wconf 91' lang='lat' dir='ltr'><strong>duplo</strong></span> <span class='ocrx_word' id='word_1_360' title='bbox 1191 3747 1314 3827; x_wconf 86' lang='lat' dir='ltr'><strong>propius</strong></span> <span class='ocrx_word' id='word_1_361' title='bbox 1342 3747 1379 3807; x_wconf 86' lang='lat' dir='ltr'><strong>ad</strong></span> <span class='ocrx_word' id='word_1_362' title='bbox 1409 3748 1438 3809; x_wconf 94' lang='lat' dir='ltr'><strong>A</strong></span> <span class='ocrx_word' id='word_1_363' title='bbox 1468 3745 1660 3815; x_wconf 87' lang='lat' dir='ltr'><strong>accessisset,</strong></span> 
     </span>
     <span class='ocr_line' id='line_1_38' title="bbox 665 3766 1661 4016; baseline -0.002 -122"><span class='ocrx_word' id='word_1_364' title='bbox 665 3766 756 4016; x_wconf 35' lang='lat' dir='ltr'><em>ss</em></span> <span class='ocrx_word' id='word_1_365' title='bbox 810 3834 946 3896; x_wconf 89' lang='lat' dir='ltr'><strong>nimirum</strong></span> <span class='ocrx_word' id='word_1_366' title='bbox 968 3835 1074 3896; x_wconf 88' lang='lat' dir='ltr'><strong>itidem</strong></span> <span class='ocrx_word' id='word_1_367' title='bbox 1099 3837 1269 3915; x_wconf 89' lang='lat' dir='ltr'><strong>quantitate</strong></span> <span class='ocrx_word' id='word_1_368' title='bbox 1294 3836 1363 3898; x_wconf 90' lang='lat' dir='ltr'><strong>AD.</strong></span> <span class='ocrx_word' id='word_1_369' title='bbox 1396 3834 1563 3914; x_wconf 88' lang='lat' dir='ltr'><strong>Utrobique</strong></span> <span class='ocrx_word' id='word_1_370' title='bbox 1588 3846 1661 3911; x_wconf 86' lang='lat' dir='ltr'><strong>ergo</strong></span> 
     </span>
    </p>
   </div>
   <div class='ocr_carea' id='block_1_5' title="bbox 206 3922 1795 4981">
    <p class='ocr_par' dir='ltr' id='par_1_10' title="bbox 592 3922 1663 4092">
     <span class='ocr_line' id='line_1_39' title="bbox 810 3922 1660 4004; baseline -0.001 -22"><span class='ocrx_word' id='word_1_371' title='bbox 810 3924 989 3985; x_wconf 88' lang='lat' dir='ltr'><strong>tantundem</strong></span> <span class='ocrx_word' id='word_1_372' title='bbox 1012 3931 1072 3997; x_wconf 90' lang='lat' dir='ltr'><strong>est,</strong></span> <span class='ocrx_word' id='word_1_373' title='bbox 1099 3944 1134 3984; x_wconf 88' lang='lat' dir='ltr'><strong>ae</strong></span> <span class='ocrx_word' id='word_1_374' title='bbox 1158 3925 1183 3985; x_wconf 89' lang='lat' dir='ltr'><strong>si</strong></span> <span class='ocrx_word' id='word_1_375' title='bbox 1207 3944 1296 4004; x_wconf 86' lang='lat' dir='ltr'><strong>super</strong></span> <span class='ocrx_word' id='word_1_376' title='bbox 1318 3925 1347 3986; x_wconf 96' lang='lat' dir='ltr'><strong>D</strong></span> <span class='ocrx_word' id='word_1_377' title='bbox 1371 3933 1474 3986; x_wconf 82' lang='lat' dir='ltr'><strong>contro</strong></span> <span class='ocrx_word' id='word_1_378' title='bbox 1497 3922 1660 3984; x_wconf 83' lang='lat' dir='ltr'><strong>incederet</strong></span> 
     </span>
     <span class='ocr_line' id='line_1_40' title="bbox 592 4008 1663 4092; baseline -0.003 -19"><span class='ocrx_word' id='word_1_379' title='bbox 592 4016 667 4073; x_wconf 68' lang='lat' dir='ltr'><strong>s.</strong></span> <span class='ocrx_word' id='word_1_380' title='bbox 811 4008 910 4091; x_wconf 84' lang='lat' dir='ltr'><strong>Supra</strong></span> <span class='ocrx_word' id='word_1_381' title='bbox 934 4011 1012 4073; x_wconf 90' lang='lat' dir='ltr'><strong>enim</strong></span> <span class='ocrx_word' id='word_1_382' title='bbox 1036 4031 1103 4092; x_wconf 88' lang='lat' dir='ltr'><strong>cap.</strong></span> <span class='ocrx_word' id='word_1_383' title='bbox 1128 4011 1180 4075; x_wconf 84' lang='lat'><strong>20.</strong></span> <span class='ocrx_word' id='word_1_384' title='bbox 1207 4035 1243 4075; x_wconf 89' lang='lat' dir='ltr'><strong>ea</strong></span> <span class='ocrx_word' id='word_1_385' title='bbox 1266 4023 1398 4076; x_wconf 87' lang='lat' dir='ltr'><strong>motuum</strong></span> <span class='ocrx_word' id='word_1_386' title='bbox 1426 4013 1465 4073; x_wconf 89' lang='lat' dir='ltr'><strong>ad</strong></span> <span class='ocrx_word' id='word_1_387' title='bbox 1493 4013 1581 4073; x_wconf 91' lang='lat' dir='ltr'><strong>orbes</strong></span> <span class='ocrx_word' id='word_1_388' title='bbox 1606 4008 1663 4071; x_wconf 85' lang='lat' dir='ltr'><strong>fuit</strong></span> 
     </span>
    </p>

    <p class='ocr_par' dir='ltr' id='par_1_11' title="bbox 614 4071 1698 4189">
     <span class='ocr_line' id='line_1_41' title="bbox 614 4071 1698 4189; baseline -0.003 -29"><span class='ocrx_word' id='word_1_389' title='bbox 614 4071 629 4117; x_wconf 60' lang='grc' dir='ltr'><strong>Ρ</strong></span> <span class='ocrx_word' id='word_1_390' title='bbox 811 4101 976 4180; x_wconf 88' lang='lat' dir='ltr'><strong>proportio.</strong></span> <span class='ocrx_word' id='word_1_391' title='bbox 993 4104 1019 4176; x_wconf 77' lang='lat' dir='ltr'><strong>c)</strong></span> <span class='ocrx_word' id='word_1_392' title='bbox 1066 4100 1167 4173; x_wconf 80' lang='lat' dir='ltr'><strong>Quare</strong></span> <span class='ocrx_word' id='word_1_393' title='bbox 1191 4104 1306 4178; x_wconf 84' lang='lat' dir='ltr'><strong>cogita,</strong></span> <span class='ocrx_word' id='word_1_394' title='bbox 1336 4122 1412 4184; x_wconf 90' lang='lat' dir='ltr'><strong>quae</strong></span> <span class='ocrx_word' id='word_1_395' title='bbox 1439 4101 1479 4163; x_wconf 93' lang='lat' dir='ltr'><strong>ibi</strong></span> <span class='ocrx_word' id='word_1_396' title='bbox 1504 4100 1561 4163; x_wconf 89' lang='lat' dir='ltr'><strong>loci</strong></span> <span class='ocrx_word' id='word_1_397' title='bbox 1585 4100 1663 4189; x_wconf 85' lang='lat' dir='ltr'><strong>duae</strong></span> <span class='ocrx_word' id='word_1_398' title='bbox 1695 4122 1698 4127; x_wconf 90' lang='lat'>·</span> 
     </span>
    </p>

    <p class='ocr_par' dir='ltr' id='par_1_12' title="bbox 302 4187 1706 4538">
     <span class='ocr_line' id='line_1_42' title="bbox 303 4187 1706 4269; baseline 0 -21"><span class='ocrx_word' id='word_1_399' title='bbox 303 4206 415 4249; x_wconf 76' lang='lat' dir='ltr'><strong>eaesae</strong></span> <span class='ocrx_word' id='word_1_400' title='bbox 438 4206 492 4266; x_wconf 93' lang='lat' dir='ltr'><strong>per</strong></span> <span class='ocrx_word' id='word_1_401' title='bbox 511 4194 608 4248; x_wconf 86' lang='lat' dir='ltr'><strong>tolum</strong></span> <span class='ocrx_word' id='word_1_402' title='bbox 623 4187 763 4250; x_wconf 88' lang='lat' dir='ltr'><strong>circulum</strong></span> <span class='ocrx_word' id='word_1_403' title='bbox 778 4199 1001 4265; x_wconf 88' lang='lat' dir='ltr'><strong>concurrerunt,</strong></span> <span class='ocrx_word' id='word_1_404' title='bbox 1027 4210 1080 4252; x_wconf 87' lang='lat' dir='ltr'><strong>eas</strong></span> <span class='ocrx_word' id='word_1_405' title='bbox 1103 4189 1151 4261; x_wconf 86' lang='lat' dir='ltr'><strong>hic</strong></span> <span class='ocrx_word' id='word_1_406' title='bbox 1176 4193 1311 4253; x_wconf 89' lang='lat' dir='ltr'><strong>inversas</strong></span> <span class='ocrx_word' id='word_1_407' title='bbox 1335 4199 1367 4253; x_wconf 88' lang='lat' dir='ltr'><strong>et</strong></span> <span class='ocrx_word' id='word_1_408' title='bbox 1389 4191 1556 4269; x_wconf 79' lang='lat' dir='ltr'><strong>permixtas</strong></span> <span class='ocrx_word' id='word_1_409' title='bbox 1581 4206 1660 4251; x_wconf 88' lang='lat' dir='ltr'><strong>esse.</strong></span> <span class='ocrx_word' id='word_1_410' title='bbox 1700 4232 1706 4239; x_wconf 86' lang='lat'><em>-</em></span> 
     </span>
     <span class='ocr_line' id='line_1_43' title="bbox 303 4274 1663 4359; baseline 0.001 -23"><span class='ocrx_word' id='word_1_411' title='bbox 303 4274 368 4336; x_wconf 86' lang='lat' dir='ltr'><strong>lllie</strong></span> <span class='ocrx_word' id='word_1_412' title='bbox 392 4276 474 4339; x_wconf 88' lang='lat' dir='ltr'><strong>orbis</strong></span> <span class='ocrx_word' id='word_1_413' title='bbox 498 4276 631 4355; x_wconf 81' lang='lat' dir='ltr'><strong>ejusdem</strong></span> <span class='ocrx_word' id='word_1_414' title='bbox 654 4277 770 4355; x_wconf 81' lang='lat' dir='ltr'><strong>integer</strong></span> <span class='ocrx_word' id='word_1_415' title='bbox 793 4277 925 4340; x_wconf 86' lang='lat' dir='ltr'><strong>ambitus</strong></span> <span class='ocrx_word' id='word_1_416' title='bbox 953 4280 1050 4358; x_wconf 87' lang='lat' dir='ltr'><strong>major</strong></span> <span class='ocrx_word' id='word_1_417' title='bbox 1079 4287 1110 4342; x_wconf 90' lang='lat' dir='ltr'><strong>et</strong></span> <span class='ocrx_word' id='word_1_418' title='bbox 1138 4282 1281 4351; x_wconf 79' lang='lat' dir='ltr'><strong>remotior</strong></span> <span class='ocrx_word' id='word_1_419' title='bbox 1307 4281 1463 4359; x_wconf 87' lang='lat' dir='ltr'><strong>periodum</strong></span> <span class='ocrx_word' id='word_1_420' title='bbox 1491 4279 1595 4353; x_wconf 79' lang='lat' dir='ltr'><strong>aruit,</strong></span> <span class='ocrx_word' id='word_1_421' title='bbox 1629 4285 1663 4337; x_wconf 92' lang='lat' dir='ltr'><strong>et</strong></span> 
     </span>
     <span class='ocr_line' id='line_1_44' title="bbox 302 4362 1662 4447; baseline 0.001 -22"><span class='ocrx_word' id='word_1_422' title='bbox 302 4362 399 4426; x_wconf 84' lang='lat' dir='ltr'><strong>minor</strong></span> <span class='ocrx_word' id='word_1_423' title='bbox 422 4373 512 4445; x_wconf 89' lang='lat' dir='ltr'><strong>atque</strong></span> <span class='ocrx_word' id='word_1_424' title='bbox 535 4365 657 4444; x_wconf 88' lang='lat' dir='ltr'><strong>propior</strong></span> <span class='ocrx_word' id='word_1_425' title='bbox 680 4365 836 4428; x_wconf 87' lang='lat' dir='ltr'><strong>diminuit:</strong></span> <span class='ocrx_word' id='word_1_426' title='bbox 861 4367 909 4427; x_wconf 92' lang='lat' dir='ltr'><strong>hic</strong></span> <span class='ocrx_word' id='word_1_427' title='bbox 934 4377 1036 4430; x_wconf 81' lang='lat' dir='ltr'><strong>autem</strong></span> <span class='ocrx_word' id='word_1_428' title='bbox 1059 4369 1163 4430; x_wconf 86' lang='lat' dir='ltr'><strong>circuli</strong></span> <span class='ocrx_word' id='word_1_429' title='bbox 1186 4368 1303 4440; x_wconf 81' lang='lat' dir='ltr'>NOPQ</span> <span class='ocrx_word' id='word_1_430' title='bbox 1326 4378 1357 4431; x_wconf 85' lang='lat' dir='ltr'><strong>et</strong></span> <span class='ocrx_word' id='word_1_431' title='bbox 1379 4366 1494 4432; x_wconf 80' lang='lat' dir='ltr'><strong>EFGH</strong></span> <span class='ocrx_word' id='word_1_432' title='bbox 1519 4366 1662 4447; x_wconf 79' lang='lat' dir='ltr'><strong>aequales</strong></span> 
     </span>
     <span class='ocr_line' id='line_1_45' title="bbox 303 4453 1661 4538; baseline 0.004 -26"><span class='ocrx_word' id='word_1_433' title='bbox 303 4460 383 4526; x_wconf 88' lang='lat' dir='ltr'><strong>suut,</strong></span> <span class='ocrx_word' id='word_1_434' title='bbox 408 4460 441 4513; x_wconf 93' lang='lat' dir='ltr'><strong>et</strong></span> <span class='ocrx_word' id='word_1_435' title='bbox 462 4454 549 4532; x_wconf 89' lang='lat' dir='ltr'><strong>hujus</strong></span> <span class='ocrx_word' id='word_1_436' title='bbox 572 4472 644 4532; x_wconf 90' lang='lat' dir='ltr'><strong>pars</strong></span> <span class='ocrx_word' id='word_1_437' title='bbox 667 4455 766 4516; x_wconf 88' lang='lat' dir='ltr'><strong>altera</strong></span> <span class='ocrx_word' id='word_1_438' title='bbox 788 4454 941 4529; x_wconf 87' lang='lat' dir='ltr'><strong>remotior,</strong></span> <span class='ocrx_word' id='word_1_439' title='bbox 967 4457 1065 4518; x_wconf 88' lang='lat' dir='ltr'><strong>altera</strong></span> <span class='ocrx_word' id='word_1_440' title='bbox 1082 4458 1204 4538; x_wconf 91' lang='lat' dir='ltr'><strong>propior</strong></span> <span class='ocrx_word' id='word_1_441' title='bbox 1219 4467 1267 4520; x_wconf 88' lang='lat' dir='ltr'><strong>est</strong></span> <span class='ocrx_word' id='word_1_442' title='bbox 1282 4466 1384 4520; x_wconf 90' lang='lat' dir='ltr'><strong>centro</strong></span> <span class='ocrx_word' id='word_1_443' title='bbox 1399 4457 1438 4532; x_wconf 88' lang='lat' dir='ltr'><strong>A,</strong></span> <span class='ocrx_word' id='word_1_444' title='bbox 1463 4457 1539 4522; x_wconf 85' lang='lat' dir='ltr'><strong>Soli.</strong></span> <span class='ocrx_word' id='word_1_445' title='bbox 1573 4453 1661 4526; x_wconf 81' lang='lat' dir='ltr'><strong>Qun·</strong></span> 
     </span>
    </p>

    <p class='ocr_par' dir='ltr' id='par_1_13' title="bbox 304 4540 1795 4627">
     <span class='ocr_line' id='line_1_46' title="bbox 304 4540 1795 4627; baseline 0 -25"><span class='ocrx_word' id='word_1_446' title='bbox 304 4549 427 4620; x_wconf 86' lang='lat' dir='ltr'><strong>propter</strong></span> <span class='ocrx_word' id='word_1_447' title='bbox 449 4540 558 4603; x_wconf 82' lang='lat' dir='ltr'><strong>matrix</strong></span> <span class='ocrx_word' id='word_1_448' title='bbox 581 4543 677 4604; x_wconf 84' lang='lat' dir='ltr'><strong>virtus</strong></span> <span class='ocrx_word' id='word_1_449' title='bbox 701 4543 729 4605; x_wconf 91' lang='lat' dir='ltr'><strong>iu</strong></span> <span class='ocrx_word' id='word_1_450' title='bbox 753 4544 783 4605; x_wconf 89' lang='lat' dir='ltr'><strong>A</strong></span> <span class='ocrx_word' id='word_1_451' title='bbox 807 4542 874 4622; x_wconf 88' lang='lat' dir='ltr'><strong>agit</strong></span> <span class='ocrx_word' id='word_1_452' title='bbox 903 4544 932 4605; x_wconf 95' lang='lat' dir='ltr'><strong>iu</strong></span> <span class='ocrx_word' id='word_1_453' title='bbox 956 4544 1010 4606; x_wconf 85' lang='lat' dir='ltr'><strong>EF</strong></span> <span class='ocrx_word' id='word_1_454' title='bbox 1039 4556 1071 4608; x_wconf 87' lang='lat' dir='ltr'><strong>et</strong></span> <span class='ocrx_word' id='word_1_455' title='bbox 1100 4547 1128 4608; x_wconf 89' lang='lat' dir='ltr'><strong>in</strong></span> <span class='ocrx_word' id='word_1_456' title='bbox 1153 4544 1233 4621; x_wconf 87' lang='lat' dir='ltr'><strong>GH,</strong></span> <span class='ocrx_word' id='word_1_457' title='bbox 1267 4556 1410 4627; x_wconf 85' lang='lat' dir='ltr'><strong>tunquam</strong></span> <span class='ocrx_word' id='word_1_458' title='bbox 1442 4547 1568 4625; x_wconf 86' lang='lat' dir='ltr'><strong>planeta</strong></span> <span class='ocrx_word' id='word_1_459' title='bbox 1600 4542 1661 4605; x_wconf 93' lang='lat' dir='ltr'><strong>illic</strong></span> <span class='ocrx_word' id='word_1_460' title='bbox 1794 4570 1795 4617; x_wconf 60' lang='lat' dir='ltr'><strong>q</strong></span> 
     </span>
    </p>

    <p class='ocr_par' dir='ltr' id='par_1_14' title="bbox 206 4624 1715 4981">
     <span class='ocr_line' id='line_1_47' title="bbox 305 4624 1715 4714; baseline 0.004 -26"><span class='ocrx_word' id='word_1_461' title='bbox 305 4637 388 4689; x_wconf 89' lang='lat' dir='ltr'><strong>esset</strong></span> <span class='ocrx_word' id='word_1_462' title='bbox 411 4629 441 4690; x_wconf 90' lang='lat' dir='ltr'><strong>in</strong></span> <span class='ocrx_word' id='word_1_463' title='bbox 464 4630 523 4703; x_wconf 89' lang='lat' dir='ltr'><strong>IK,</strong></span> <span class='ocrx_word' id='word_1_464' title='bbox 549 4628 598 4691; x_wconf 91' lang='lat' dir='ltr'><strong>hic</strong></span> <span class='ocrx_word' id='word_1_465' title='bbox 621 4631 650 4691; x_wconf 91' lang='lat' dir='ltr'><strong>in</strong></span> <span class='ocrx_word' id='word_1_466' title='bbox 674 4632 745 4694; x_wconf 90' lang='lat' dir='ltr'><strong>LM.</strong></span> <span class='ocrx_word' id='word_1_467' title='bbox 792 4631 955 4714; x_wconf 88' lang='lat' dir='ltr'><strong>Utriusque</strong></span> <span class='ocrx_word' id='word_1_468' title='bbox 985 4641 1099 4709; x_wconf 87' lang='lat' dir='ltr'><strong>autem,</strong></span> <span class='ocrx_word' id='word_1_469' title='bbox 1131 4636 1288 4698; x_wconf 88' lang='lat' dir='ltr'><strong>tarditatis</strong></span> <span class='ocrx_word' id='word_1_470' title='bbox 1320 4636 1400 4697; x_wconf 88' lang='lat' dir='ltr'><strong>illius</strong></span> <span class='ocrx_word' id='word_1_471' title='bbox 1430 4643 1463 4696; x_wconf 91' lang='lat' dir='ltr'><strong>et</strong></span> <span class='ocrx_word' id='word_1_472' title='bbox 1489 4624 1662 4697; x_wconf 76' lang='lat' dir='ltr'><strong>velocitatis</strong></span> <span class='ocrx_word' id='word_1_473' title='bbox 1711 4650 1715 4681; x_wconf 76' lang='lat'><strong>¹</strong></span> 
     </span>
     <span class='ocr_line' id='line_1_48' title="bbox 306 4710 1658 4805; baseline 0.004 -28"><span class='ocrx_word' id='word_1_474' title='bbox 306 4716 393 4795; x_wconf 87' lang='lat' dir='ltr'><strong>hujus</strong></span> <span class='ocrx_word' id='word_1_475' title='bbox 425 4718 589 4781; x_wconf 84' lang='lat' dir='ltr'><strong>communis</strong></span> <span class='ocrx_word' id='word_1_476' title='bbox 622 4739 761 4785; x_wconf 87' lang='lat' dir='ltr'><strong>mensura</strong></span> <span class='ocrx_word' id='word_1_477' title='bbox 792 4721 943 4784; x_wconf 85' lang='lat' dir='ltr'><strong>iuvenitur</strong></span> <span class='ocrx_word' id='word_1_478' title='bbox 974 4723 1005 4785; x_wconf 91' lang='lat' dir='ltr'><strong>iu</strong></span> <span class='ocrx_word' id='word_1_479' title='bbox 1035 4723 1072 4785; x_wconf 91' lang='lat' dir='ltr'><strong>D.</strong></span> <span class='ocrx_word' id='word_1_480' title='bbox 1120 4726 1226 4805; x_wconf 87' lang='lat' dir='ltr'><strong>ltaque</strong></span> <span class='ocrx_word' id='word_1_481' title='bbox 1256 4726 1380 4804; x_wconf 87' lang='lat' dir='ltr'><strong>planeta</strong></span> <span class='ocrx_word' id='word_1_482' title='bbox 1407 4723 1437 4785; x_wconf 90' lang='lat' dir='ltr'><strong>iu</strong></span> <span class='ocrx_word' id='word_1_483' title='bbox 1465 4710 1580 4785; x_wconf 80' lang='lat' dir='ltr'><strong>EFGH</strong></span> <span class='ocrx_word' id='word_1_484' title='bbox 1609 4722 1658 4782; x_wconf 83' lang='lat' dir='ltr'><strong>via</strong></span> 
     </span>
     <span class='ocr_line' id='line_1_49' title="bbox 304 4805 1661 4891; baseline 0.001 -25"><span class='ocrx_word' id='word_1_485' title='bbox 304 4805 499 4884; x_wconf 81' lang='lat' dir='ltr'><strong>progrediens</strong></span> <span class='ocrx_word' id='word_1_486' title='bbox 527 4808 632 4868; x_wconf 89' lang='lat' dir='ltr'><strong>tardus</strong></span> <span class='ocrx_word' id='word_1_487' title='bbox 659 4810 805 4887; x_wconf 84' lang='lat' dir='ltr'><strong>veloxque</strong></span> <span class='ocrx_word' id='word_1_488' title='bbox 837 4830 892 4873; x_wconf 86' lang='lat' dir='ltr'><strong>nec</strong></span> <span class='ocrx_word' id='word_1_489' title='bbox 923 4830 981 4873; x_wconf 89' lang='lat' dir='ltr'><strong>non</strong></span> <span class='ocrx_word' id='word_1_490' title='bbox 1009 4812 1169 4877; x_wconf 78' lang='lat' dir='ltr'><strong>mediocris</strong></span> <span class='ocrx_word' id='word_1_491' title='bbox 1193 4814 1273 4875; x_wconf 89' lang='lat' dir='ltr'><strong>eirca</strong></span> <span class='ocrx_word' id='word_1_492' title='bbox 1295 4814 1324 4875; x_wconf 86' lang='lat' dir='ltr'><strong>R</strong></span> <span class='ocrx_word' id='word_1_493' title='bbox 1347 4822 1378 4873; x_wconf 90' lang='lat' dir='ltr'><strong>et</strong></span> <span class='ocrx_word' id='word_1_494' title='bbox 1404 4811 1426 4874; x_wconf 86' lang='lat' dir='ltr'>S</span> <span class='ocrx_word' id='word_1_495' title='bbox 1453 4813 1504 4881; x_wconf 85' lang='lat' dir='ltr'><strong>lit,</strong></span> <span class='ocrx_word' id='word_1_496' title='bbox 1536 4812 1661 4891; x_wconf 84' lang='lat' dir='ltr'><strong>perinde</strong></span> 
     </span>
     <span class='ocr_line' id='line_1_50' title="bbox 206 4893 1659 4981; baseline 0.013 -27"><span class='ocrx_word' id='word_1_497' title='bbox 206 4947 219 4954; x_wconf 90' lang='lat'><strong>-</strong></span> <span class='ocrx_word' id='word_1_498' title='bbox 306 4900 449 4972; x_wconf 80' lang='lat' dir='ltr'><strong>tanquam</strong></span> <span class='ocrx_word' id='word_1_499' title='bbox 472 4893 502 4955; x_wconf 88' lang='lat' dir='ltr'><strong>in</strong></span> <span class='ocrx_word' id='word_1_500' title='bbox 529 4895 651 4964; x_wconf 86' lang='lat' dir='ltr'><strong>lKLM,</strong></span> <span class='ocrx_word' id='word_1_501' title='bbox 682 4915 772 4975; x_wconf 85' lang='lat' dir='ltr'><strong>super</strong></span> <span class='ocrx_word' id='word_1_502' title='bbox 796 4897 823 4959; x_wconf 94' lang='lat' dir='ltr'><strong>D</strong></span> <span class='ocrx_word' id='word_1_503' title='bbox 851 4900 991 4961; x_wconf 83' lang='lat' dir='ltr'><strong>ceutrnm&#39;</strong></span> <span class='ocrx_word' id='word_1_504' title='bbox 1015 4900 1183 4981; x_wconf 84' lang='lat' dir='ltr'><strong>aequaliter</strong></span> <span class='ocrx_word' id='word_1_505' title='bbox 1211 4902 1278 4966; x_wconf 83' lang='lat' dir='ltr'><strong>iret.</strong></span> <span class='ocrx_word' id='word_1_506' title='bbox 1325 4902 1395 4969; x_wconf 77' lang='lat' dir='ltr'><strong>Jetu</strong></span> <span class='ocrx_word' id='word_1_507' title='bbox 1422 4901 1490 4963; x_wconf 89' lang='lat' dir='ltr'><strong>vide</strong></span> <span class='ocrx_word' id='word_1_508' title='bbox 1520 4901 1659 4973; x_wconf 59' lang='lat' dir='ltr'><strong>anitiae&amp;</strong></span> 
     </span>
    </p>
   </div>
   <div class='ocr_carea' id='block_1_6' title="bbox 0 0 1815 5634">
    <p class='ocr_par' dir='ltr' id='par_1_15' title="bbox 0 0 1815 5634">
     <span class='ocr_line' id='line_1_51' title="bbox 0 0 1815 5634; baseline 0 0"><span class='ocrx_word' id='word_1_509' title='bbox 0 0 1815 5634; x_wconf 95' lang='lat' dir='ltr'><strong> </strong></span> 
     </span>
    </p>
   </div>
  </div>
 </body>
</html>
