3609 5634
298 356 364 426 348
726 360 828 411 Iu‘teraa
845 359 949 424 Kepleri
968 360 1119 425 aliorumque
1136 367 1239 412 mutuae

301 519 430 600 Opticis.
477 520 521 582 Tu
545 529 651 584 contra
674 519 735 582 ais:
763 517 796 595 1)
819 520 970 601 puriorem
992 519 1053 582 illis
1077 540 1145 583 esse
1169 526 1280 583 serem.
1325 521 1371 584 At
1393 538 1451 582 non
1474 520 1612 601 seqnitur
1624 527 1661 582 et

298 609 493 672 humiliorem.
542 608 636 674 Calor
658 617 820 684 extenuat,
855 610 993 672 tenuiora
1014 610 1146 689 puriora.
1194 608 1286 674 Calor
1309 628 1395 689 ergo.
1430 610 1481 690 qui
1502 609 1656 689 puritatis,

298 699 378 760 idem
393 697 560 761 altitudinis
574 718 677 772 causa,
694 698 764 778 quia
777 707 868 777 anget
883 705 1005 760 aerem:
1030 699 1060 760 in
1076 705 1148 760 adro
1168 697 1248 760 euim
1262 698 1395 779 quotidie
1411 697 1554 777 gignitur,
1577 697 1658 778 qnod

298 786 328 849 in
354 795 442 849 nocte
465 788 573 850 iterum
596 788 715 868 cogitur
737 789 869 849 inroras
892 806 947 866 per
971 788 1065 866 frigus
1088 806 1259 866 supernum.
1306 783 1343 861 2)
1368 785 1444 848 Ais:
1469 786 1528 848 cito
1544 805 1659 865 perva-

300 876 370 939 dere
394 883 608 957 tempestates,
640 896 708 939 esse
733 876 825 956 igitur
848 875 989 938 humilem
1014 875 1054 938 ibi
1078 882 1189 938 abram.
1236 876 1352 938 Bonum
1377 883 1601 955 argumentum,
1632 875 1658 936 si

299 965 407 1030 bonum
430 973 516 1028 esset
538 973 712 1030 assumtum.
750 965 830 1027 Nam
853 984 921 1026 eum
943 964 973 1027 in
997 965 1129 1027 borealis
1143 961 1259 1028 ‘oceani
1273 962 1466 1043 nauigatione
1486 965 1555 1044 lego
1571 963 1658 1024 subi-

299 1062 348 1115 tas
371 1061 582 1134 tempestates,
607 1061 800 1136 argumentur
823 1053 887 1135 ipse
912 1073 1038 1135 quoque,
1063 1052 1204 1116 bannilem
1227 1072 1295 1115 esse
1319 1059 1429 1126 aerem,
1454 1052 1548 1115 itaut
1562 1071 1659 1132 vapor

299 1162 337 1204 ex
361 1151 444 1206 terra
466 1144 633 1206 ascendens
657 1143 757 1205 subito
781 1143 810 1204 in
835 1142 929 1223 frigus
954 1143 1127 1205 aethereum
1152 1143 1299 1215 incurrat,
1334 1148 1476 1221 superato
1501 1141 1582 1204 aeris
1609 1141 1657 1202 fa-

299 1231 400 1310 stigio.
445 1232 488 1294 Et
511 1240 543 1295 tu
566 1232 719 1313 pulchram
748 1232 991 1294 observationem
1021 1231 1121 1305 addis,
1151 1231 1341 1293 utilissimam
1371 1230 1571 1310 speculationi
1596 1230 1653 1292 ful-

300 1321 421 1390 minum,
446 1321 522 1401 quod
547 1322 627 1403 apud
651 1342 705 1383 vos
728 1340 786 1383 nou
810 1320 855 1382 ita
879 1320 1071 1383 fulminantur
1094 1329 1188 1395 tecta,
1213 1320 1289 1383 utin
1306 1318 1472 1382 Germania
1491 1318 1657 1399 superiore.

300 1407 403 1472 Causa
434 1418 536 1472 tamen
568 1411 657 1492 paolo
686 1410 775 1471 aliter
807 1409 999 1489 accipienda,
1034 1428 1140 1490 nempe
1174 1428 1232 1471 non
1265 1415 1460 1482 aermnae,
1495 1409 1551 1470 sed
1575 1417 1661 1470 terra

291 1498 362 1560 aeri
386 1507 434 1560 est
456 1499 585 1578 propior.
631 1500 722 1561 Aeris
747 1517 860 1578 aequor
882 1498 1033 1578 aequabili
1056 1497 1227 1577 superficie,
1257 1499 1369 1558 Terrae
1397 1505 1468 1558 sunt
1494 1495 1657 1577 profundi-

298 1595 396 1662 tates,
432 1597 465 1651 ut
492 1596 636 1650 montana
659 1589 722 1649 sint
745 1587 831 1668 quasi
860 1587 994 1666 scopuli,
1022 1597 1054 1648 et
1077 1586 1213 1666 superior
1243 1585 1408 1647 Germania
1435 1585 1521 1665 quasi
1545 1594 1657 1668 syrtes.

296 1677 339 1738 Et
361 1676 444 1737 soleo
467 1677 536 1739 hinc
559 1676 772 1756 argumentari,
797 1694 889 1755 quare
914 1675 1070 1739 cacumina
1093 1675 1304 1737 fulminantur:
1333 1674 1457 1752 spiritns
1480 1675 1560 1735 enim
1584 1693 1657 1753 per-

297 1766 408 1844 rumpit
431 1764 583 1828 humidum
607 1772 721 1838 aerem,
756 1784 815 1844 qua
838 1764 1042 1825 tenuissimus.
1090 1762 1151 1825 Sed
1176 1771 1276 1825 tamen
1302 1762 1377 1824 haec
1400 1763 1523 1823 obstare
1548 1763 1656 1824 viden·

297 1862 363 1915 tur:
405 1851 438 1926 1)
462 1854 609 1915 Bohemia
632 1874 688 1915 non
713 1854 816 1914 crebro
840 1852 954 1932 petitur
977 1852 1160 1925 fulminibus,
1185 1860 1357 1913 esttamen
1383 1852 1465 1924 alta,
1490 1852 1529 1912 ad
1556 1850 1658 1912 fontes

297 1961 340 2004 so.
364 1941 469 2016 Albis3
495 1941 523 2003 id
546 1942 724 2024 praesertim
739 1942 819 2003 circa
834 1941 974 2019 Pragam.
1021 1939 1057 2013 2)
1081 1939 1222 2002 Secunda
1242 1959 1343 2013 eausa,
1368 1957 1420 2001 our
1434 1947 1582 2026 montana
1596 1940 1657 2001 ful-

296 2030 454 2105 minentnr,
479 2039 536 2104 est,
562 2030 632 2110 quia
654 2039 772 2091 montes
797 2037 867 2091 sunt
890 2029 1028 2091 officinae
1052 2038 1264 2091 meteororum.
1312 2025 1350 2102 3)
1374 2026 1454 2090 Sunt
1467 2036 1571 2091 comae
1587 2049 1656 2090 ma·

242 2195 245 2200 y
296 2119 403 2193 terias,
428 2138 503 2198 qnae
527 2120 632 2181 erebro
657 2119 860 2180 fulminantur.
909 2118 1006 2198 Igitur
1028 2120 1168 2179 videntur
1191 2117 1330 2179 emittere
1354 2116 1549 2197 spirituosum
1572 2116 1656 2179 hali·

297 2217 369 2282 tum,
393 2208 442 2288 qui
466 2208 621 2271 fulminum
643 2208 789 2288 impetum
811 2206 842 2266 iu
865 2226 934 2268 sese
958 2206 1152 2268 similitudine
1167 2206 1313 2267 materiae
1334 2205 1474 2267 invitant.
1520 2204 1557 2280 4)
1581 2206 1658 2268 Ful·

198 2365 200 2370 ,
297 2296 408 2359 minum
430 2307 540 2372 natura
563 2298 678 2370 eadem,
704 2315 780 2377 quae
805 2296 869 2358 auri
894 2294 1028 2357 fulminei
1052 2293 1286 2375 (Schlaggold);
1318 2295 1470 2356 incensum
1494 2296 1574 2357 enim
1600 2314 1657 2355 nnn

297 2404 414 2447 sursum
439 2384 554 2458 nititur,
579 2387 632 2447 sed
657 2386 806 2456 deorsum,
831 2383 860 2445 in
881 2385 1040 2446 adversum
1060 2384 1147 2463 quasi
1165 2382 1288 2445 humori.
1335 2383 1377 2444 Et
1398 2382 1429 2443 in
1446 2383 1555 2445 fodinis
1573 2384 1656 2444 aori·

298 2475 370 2535 feris
399 2473 500 2535 solent
527 2494 565 2536 ex
589 2474 727 2553 fuligine,
761 2491 837 2554 quae
870 2473 1016 2534 lateribus
1049 2474 1226 2553 abyssorum
1260 2469 1465 2548 adhaerescit,
1499 2474 1656 2553 ingruente

298 2563 419 2624 humida
443 2571 623 2642 tempestate
647 2563 779 2624 existere
803 2582 893 2623 casus
917 2562 1071 2624 fulminum
1094 2560 1246 2629 similium,
1271 2561 1320 2642 qoi
1335 2569 1445 2622 necant
1467 2561 1605 2623 homines
1627 2559 1656 2620 in

297 2659 453 2732 puteomm
477 2650 643 2726 (Sohaoht)
668 2651 778 2713 fundis.
826 2649 962 2714 Censent
984 2649 1156 2724 metallarii,
1182 2649 1335 2728 fuliginem
1350 2649 1432 2711 illam
1457 2669 1579 2712 auream
1599 2650 1656 2710 lm-

297 2740 377 2801 mido
400 2746 470 2801 aere
495 2740 632 2814 incendi,
666 2759 759 2820 quare
783 2740 831 2802 hio
861 2757 978 2819 quoqne
1007 2738 1119 2801 fulmen
1152 2738 1210 2799 boc
1243 2757 1365 2799 aureum
1392 2738 1538 2827 profunde
1567 2738 1654 2819 petit

299 2830 363 2889 lla'e
388 2828 572 2907 objectiones
596 2829 720 2910 ancipiti
753 2837 784 2891 et
816 2847 909 2890 caeca
939 2847 1042 2908 pugna
1077 2829 1213 2889 feruntur
1244 2826 1273 2888 in
1298 2846 1421 2888 oausam
1445 2835 1545 2900 tuam,
1580 2846 1655 2907 quae

298 2916 375 2978 alifis
397 2918 469 2979 mihi
493 2937 608 2997 quoque
631 2937 690 2980 nou
714 2917 862 2996 displicet.
911 2914 973 2978 Sed
997 2926 1064 2977 istut
1087 2916 1137 2989 sit,
1163 2924 1239 2988 esto,
1264 2915 1312 2976 ubi
1338 2916 1417 2977 citae
1441 2923 1654 2995 tempestates,

298 3015 331 3068 nt
354 3006 393 3066 ibi
419 3007 539 3067 humilis
563 3014 625 3080 aer,
651 3006 717 3066 dico
741 3007 806 3074 tibi,
831 3006 886 3067 sub
911 3006 1025 3066 torrida
1050 3024 1106 3065 non
1131 3005 1209 3066 citas
1224 3012 1434 3083 tempestates.
1474 3006 1552 3066 Nam
1576 3004 1654 3067 unde

296 3103 329 3155 tu
351 3094 483 3173 probas?
519 3094 600 3165 Quia
622 3097 773 3157 adortum
793 3095 959 3168 nubeculae
982 3095 1087 3156 statim
1102 3094 1192 3155 adest
1216 3093 1297 3155 furor
1318 3102 1484 3156 ventorum.
1521 3093 1655 3156 Pulchra

298 3183 485 3256 obseruatim
509 3182 620 3245 similia
642 3183 670 3244 in
695 3183 792 3245 sacris
814 3182 970 3257 habemns,
995 3201 1062 3244 cum
1086 3181 1172 3243 Elias
1195 3183 1312 3244 eoelum
1325 3182 1495 3245 recluderet
1508 3182 1653 3245 imbrem-

299 3290 355 3350 que
378 3272 408 3332 io
431 3270 551 3332 Achabi
575 3279 667 3350 caput
689 3271 915 3353 praecipitaret.
962 3269 1024 3333 Sed
1054 3289 1111 3332 non
1135 3270 1229 3331 vincit
1256 3271 1451 3350 propositum.
1497 3270 1657 3334 Nubecula

299 3359 415 3438 signum
440 3367 489 3421 est
512 3360 738 3441 copiosissimae
757 3360 913 3432 materiae,
933 3360 997 3439 jam
1020 3358 1050 3420 in
1065 3359 1220 3439 procinctu
1243 3360 1365 3434 stantis,
1390 3379 1448 3421 non
1470 3379 1573 3434 causa,
1598 3380 1655 3421 nou

197 3501 200 3505 .
298 3456 405 3512 mater.
453 3448 505 3511 Sic
529 3450 558 3511 in
583 3449 701 3532 Styria,
725 3468 792 3511 eum
816 3455 902 3510 mons
927 3447 1057 3510 Schelrel
1080 3448 1159 3528 pileo
1184 3447 1315 3526 tegitur,
1348 3448 1452 3527 phrasi
1479 3448 1655 3522 incolarum,

297 3545 436 3599 manente
457 3538 538 3617 pileo
562 3559 617 3601 neo
641 3557 790 3621 quoquam
804 3537 929 3613 dimoto,
953 3537 1060 3598 existit
1073 3537 1186 3617 pluvia,
1211 3537 1346 3598 oriuntur
1368 3538 1407 3599 ad
1422 3538 1541 3623 oculum
1560 3538 1656 3600 nubes

298 3625 325 3686 in
350 3625 486 3706 partibus
510 3627 586 3690 coeli
608 3627 733 3701 serenis,
757 3626 893 3689 collectis
917 3646 961 3689 so.
986 3634 1018 3689 et
1040 3626 1080 3688 ad
1103 3626 1221 3711 oculum
1244 3624 1381 3688 densatis
1405 3626 1577 3708 vaporibus.

367 3731 557 3784 Fabricius:
583 3732 647 3784 Solis
670 3739 698 3784 st
721 3733 809 3784 Lunae
833 3731 937 3797 eclipses
958 3731 1136 3797 utplurimum
1162 3731 1284 3782 inducunt
1310 3731 1369 3783 illae
1397 3737 1494 3791 seems,
1519 3733 1656 3791 deantes.

236 3811 239 3826 ⁸
297 3803 346 3852 has
363 3802 531 3853 humiditatas.
569 3805 607 3854 Tu
624 3807 650 3855 in
670 3806 747 3855 Terra
764 3806 924 3869 praeeipuam
943 3817 1047 3855 camara
1064 3804 1176 3869 quaeris,
1202 3802 1247 3853 sed
1264 3802 1336 3853 valde
1355 3804 1470 3854 absurdo.
1507 3805 1586 3855 Terra
1602 3806 1656 3869 qui·

298 3873 353 3923 dem
371 3874 474 3937 'vapores
493 3882 519 3924 et
536 3877 587 3925 alia
605 3883 683 3934 meat,
702 3877 746 3925 sod
765 3890 781 3925 a
799 3875 919 3940 singulari
937 3877 1026 3925 virtuts
1045 3875 1138 3925 Terrae
1156 3874 1201 3924 ills
1219 3874 1314 3923 extrudi
1332 3889 1381 3924 non
1401 3875 1490 3933 eredo;
1510 3876 1605 3925 eoelum
1625 3890 1658 3925 sa

190 3965 193 3970 ·
298 3944 372 3994 elicit.
407 3943 545 3995 Ventorum
563 3961 658 4011 quoque
682 3948 756 3997 flatus
775 3947 864 3996 diversi
886 3948 969 3996 irritas
987 3960 1062 4009 saepe
1085 3945 1192 3995 reddunt
1215 3952 1361 4008 aspectuum
1380 3948 1543 4009 operationes.
1581 3946 1656 4000 Vide.

296 4029 329 4136 pp
342 4028 448 4137 plqvaq)
456 4018 626 4068 consumendo
645 4018 846 4082 meteorologiam
870 4019 940 4068 coelo
958 4019 1073 4081 iujuriam
1092 4017 1186 4073 noas,
1204 4031 1249 4080 pro
1267 4016 1374 4080 planetis
1392 4018 1497 4067 inducas
1512 4017 1657 4082 Neptunum

378 4101 405 4135 os
449 4100 500 4136 sos.

385 4175 589 4255 Keplerus:
613 4176 844 4239 Absurditatem
859 4177 1002 4258 Neptuno
1025 4195 1092 4239 meo
1116 4174 1280 4256 s'nooqmp
1295 4177 1436 4258 imputas,
1461 4196 1556 4241 eausa
1573 4179 1657 4240 nulla

298 4265 413 4338 allata;
438 4265 587 4328 tacuisses
602 4266 707 4328 eodem
722 4266 853 4346 foenore.
891 4266 988 4344 Igitur
1010 4265 1104 4328 verba
1118 4275 1172 4327 tua
1186 4266 1348 4346 usurpabo,
1373 4268 1527 4330 sententia
1546 4287 1655 4330 versa:

297 4353 412 4416 coelum
437 4354 556 4434 quidem
579 4355 717 4417 stimulat
738 4356 871 4427 Terram,
897 4356 953 4417 sed
976 4375 995 4416 a
1017 4354 1164 4435 singulari
1187 4347 1318 4435 quadam
1342 4351 1454 4425 uirtute
1478 4356 1555 4419 coeli
1578 4357 1659 4419 citra

297 4442 426 4505 Telluris
450 4461 571 4523 operam
594 4462 724 4525 vapores
748 4464 785 4505 ex
809 4444 905 4504 Terra
925 4444 996 4510 ,elici
1018 4463 1077 4505 non
1102 4445 1208 4519 eredo;
1233 4445 1328 4506 Terra
1350 4462 1404 4506 eos
1428 4446 1574 4508 extrudit.

385 4532 432 4594 De
463 4540 620 4595 ventorum
650 4533 774 4614 imperio
802 4532 831 4596 in
860 4539 1063 4613 tempestates
1092 4532 1189 4595 sentio
1218 4541 1328 4596 tecum.
1375 4534 1420 4597 At
1443 4535 1601 4597 circuitum
1624 4547 1658 4597 et
1759 4551 1762 4556 ·

296 4618 380 4680 vices
394 4639 496 4683 eorum
521 4640 625 4683 omnes
648 4622 842 4703 inquirendas
866 4622 1068 4703 relinquamus
1091 4622 1205 4685 nostris
1228 4623 1370 4703 posteris.
1417 4624 1521 4686 Pauca
1544 4625 1657 4688 scimus

299 4706 336 4768 de
360 4708 582 4771 universalibus
606 4730 643 4771 ex
668 4709 764 4773 Costa
777 4711 907 4774 Jesuita.

368 4813 550 4864 Fabricius:
579 4814 725 4876 Quaeritur.
754 4831 786 4867 an
804 4818 887 4869 lumen
905 4817 945 4866 sel
961 4813 1038 4868 'calor
1057 4817 1121 4868 Solis
1146 4823 1172 4868 et
1190 4816 1317 4866 stellamm
1342 4818 1375 4866 sit
1401 4817 1540 4867 vehiculum
1559 4819 1657 4867 sinunt

298 4883 362 4936 illins
380 4885 478 4935 unalis
495 4885 534 4936 sel
553 4886 698 4937 influentiae
717 4887 891 4955 asuologicae.
930 4886 996 4939 Sunt
1010 4889 1132 4947 ‘nonnullt
1151 4888 1193 4954 qui
1211 4892 1314 4953 negant.
1334 4895 1433 4953 praetor
1445 4889 1507 4939 lueis
1526 4895 1553 4940 et
1567 4890 1658 4940 caloris
