3609 5634
564 338 590 412 ι
608 333 688 403 14
868 320 876 327 ’
1581 333 1804 395 Mysten-ii
1844 325 2260 425 Comographici·

556 508 623 561 ut
669 516 745 561 ea
788 492 1089 558 mentione
1138 500 1451 554 constaret
1500 490 1709 552 lectori
1756 490 1956 552 altera
2001 509 2207 564 causa,
2259 511 2412 572 quae
2457 513 2552 557 me
2598 494 2656 557 in
2705 495 3023 577 Copernici
3066 511 3300 582 partes

555 584 942 667 pertraxerit.

731 675 944 754 Neque
992 676 1192 730 tamen
1241 675 1468 728 temere
1518 674 1581 728 et
1628 665 1755 727 sine
1804 664 2169 745 gravissima
2198 671 2611 749 praeceptoris
2641 673 2756 736 mei
2784 676 3097 740 Maestlini
3145 684 3294 744 cla-

554 762 775 826 rissimi
837 754 1247 823 mathematici
1306 754 1634 816 autoritate
1703 755 1858 815 hanc
1909 766 2138 818 sectam
2188 758 2501 835 amplexus
2549 782 2697 826 sum.
2790 765 2949 829 Nam
3006 768 3091 845 is,
3158 769 3296 832 etsi

551 851 778 932 primus
808 847 951 910 mihi
982 846 1101 906 dux
1132 852 1195 905 et
1237 852 1760 923 praemonstrator
1811 842 1924 904 fuit
1969 864 2099 907 cum
2149 845 2224 905 ad
2273 846 2412 922 alia,
2466 857 2590 911 tum
2638 848 2955 935 praecipue
3003 858 3082 919 ad
3127 860 3294 921 haec

554 938 1097 1020 philosophemata,
1147 941 1327 1011 atque
1376 931 1510 992 ideo
1554 932 1688 1010 jure
1735 930 1928 1009 primo
1979 934 2109 994 loco
2148 953 2461 997 recensere
2510 939 2856 1004 debuisset:
2906 952 3108 1009 tamen
3156 947 3292 1011 alia.

552 1028 809 1108 quadam
857 1020 1145 1104 peculiari
1193 1020 1429 1081 ratione
1472 1019 1715 1080 tertiam
1745 1019 1887 1079 mihi
1923 1040 2168 1082 causam
2215 1024 2495 1101 praebuit
2540 1026 2629 1088 ita
2674 1032 3010 1095 sentiendi:
3042 1033 3089 1108 ¹)
3137 1037 3285 1099 dum

551 1121 849 1177 cometam
897 1109 1035 1171 anni
1094 1108 1176 1170 77
1228 1107 1623 1187 deprehendit
1682 1109 2171 1171 constantissime
2229 1112 2307 1172 ad
2365 1123 2588 1177 motum
2648 1119 2907 1183 Veneris
2953 1146 2991 1185 a
3037 1124 3279 1205 Coper-

551 1205 681 1265 nico
728 1200 1030 1282 proditum
1079 1196 1325 1270 moveri,
1376 1204 1440 1257 et
1486 1206 1669 1277 capta
1716 1214 1791 1256 ex
1840 1197 2160 1259 altitudine
2209 1203 2582 1278 superlunari
2628 1209 2992 1286 conjectura,
3038 1214 3098 1275 in
3146 1215 3286 1294 ipso

549 1293 695 1354 orbe
743 1292 1022 1351 Venereo
1072 1283 1491 1364 Copernicano
1540 1284 1895 1346 curriculum
1942 1306 2113 1348 suum
2159 1288 2494 1352 absolvere.
2577 1292 2751 1365 Quod
2801 1299 2851 1359 si
2899 1302 3031 1380 quis
3078 1322 3283 1365 secum

548 1379 924 1460 perpendat,
974 1393 1148 1454 quam
1200 1370 1378 1433 facile
1431 1373 1650 1435 falsum
1698 1393 1736 1433 a
1784 1392 1851 1434 se
1892 1374 2023 1453 ipso
2072 1374 2414 1453 dissentiat,
2463 1390 2528 1441 et
2571 1394 2858 1460 econtra,
2906 1408 3083 1469 quam
3129 1411 3281 1452 oon-

549 1476 785 1531 stanter
829 1482 1036 1527 verum
1064 1480 1207 1524 vero
1239 1472 1549 1535 consonet,
1602 1480 1719 1522 non
1768 1462 1987 1541 injuria
2038 1464 2355 1527 maximum
2403 1481 2820 1549 argumentum
2868 1476 3285 1560 dispositionis

549 1556 782 1619 orbium
830 1552 1283 1634 Copernicanae
1333 1549 1427 1609 vel
1476 1568 1550 1611 ex
1597 1551 1706 1610 hoc
1755 1550 1884 1611 solo
1933 1551 2180 1630 ceperit.

728 1643 812 1707 Ut
858 1652 1061 1704 autem
1111 1658 1184 1699 ea
1231 1638 1449 1712 omnia,
1502 1657 1656 1718 quae
1706 1638 1778 1699 de
1830 1639 2263 1720 hypothesibus
2315 1645 2578 1725 utrisque
2628 1649 2782 1724 dixi,
2835 1654 3142 1718 verissime
3188 1657 3284 1719 ita

550 1755 617 1796 se
664 1732 888 1796 habere
937 1726 1396 1808 deprehendas:
1449 1726 1653 1806 accipe
1701 1728 1856 1787 hanc
1905 1728 2150 1789 brevem
2197 1731 2657 1809 explicationem
2703 1739 3120 1821 hypothesium
3149 1744 3280 1807 Co-

549 1821 773 1903 pernici
834 1820 1099 1898 duasque
1151 1816 1392 1876 tabulas
1440 1815 1519 1875 ad
1566 1816 1678 1876 hoc
1726 1815 2043 1878 facientes

727 1910 846 1972 Pro
895 1904 1316 1987 cognoscendo
1365 1902 1571 1964 ordine
1620 1904 2012 1983 sphaerarum
2058 1907 2260 1969 mundi
2309 1911 2633 1974 secundum
2663 1912 2980 1998 Copemici
3025 1933 3281 1986 senten-

547 2000 697 2063 tiam
753 1999 986 2060 intuere
1047 1993 1294 2056 schema
1347 1989 1443 2053 10.
1538 1991 1761 2052 Terrae
1810 2010 1917 2071 pro
1969 1993 2206 2055 diverso
2255 2007 2532 2077 respectu
2582 2002 2920 2069 tribuuntur
2964 2031 3003 2072 a
3034 2011 3281 2093 Copor-

547 2087 681 2150 nico
720 2094 920 2150 motus
951 2091 1226 2165 quatuor,
1278 2077 1681 2158 (Copernicus
1714 2080 2000 2142 brevitati
2048 2082 2313 2147 intentus
2352 2095 2477 2148 tres
2505 2088 2670 2165 dicit,
2720 2095 2819 2173 qui
2862 2116 3077 2164 revera
3123 2122 3281 2185 qua-

544 2184 681 2239 tuor
729 2179 939 2253 sunt),
1010 2169 1109 2250 qui
1177 2188 1384 2229 omnes
1431 2167 1792 2249 reliquorum
1839 2170 2217 2250 planetarum
2267 2174 2526 2237 motibus
2575 2180 2836 2261 aliquam
2886 2201 3284 2271 apparentem

546 2264 907 2329 varietatem
958 2257 1305 2323 conciliant.
1337 2258 1393 2327 ⁸)

1820 2343 1910 2390 Pit.
1944 2344 2012 2381 10.

714 4740 946 4804 Primus
994 4754 1093 4807 est
1143 4745 1333 4825 ipsius
1395 4746 1689 4826 sphaerae
1750 4772 1855 4814 sen
1910 4755 2098 4832 orbis,
2161 4760 2260 4839 qui
2309 4766 2610 4836 Tellurem
2655 4791 2764 4837 ceu
2811 4777 3056 4839 stellam
3101 4776 3261 4839 circa

538 4818 745 4887 Solem
788 4833 1102 4911 annuatim
1154 4834 1525 4917 circumagit.
1620 4841 1824 4921 Atque
1872 4842 1927 4905 is
1972 4845 2152 4925 orbis,
2202 4868 2336 4917 cum
2383 4857 2467 4923 sit,
2514 4863 2910 4945 acconam-20,
2959 4866 3261 4932 eccum-i-
