3609 5634
678 404 709 456 es
727 404 801 456 aba·
819 406 982 472 acciones.
1444 405 1510 475 309

116 565 207 634 rant,
246 578 319 641 qua
347 565 383 628 vi
405 563 532 627 infantis
555 563 676 646 genesis
704 565 807 645 genesi
838 567 975 646 parentis
1005 567 1040 629 fit
1066 565 1186 644 similis,
1220 585 1280 647 qua
1312 567 1341 629 ri
1368 576 1510 647 aspectus

114 648 337 728 planetarum
366 655 527 717 secundum
551 655 676 734 figuram
701 654 965 717 demonstrabilem
990 657 1028 719 ab
1051 656 1158 719 animis
1177 664 1209 718 et
1227 654 1332 718 formis
1356 655 1509 731 sentitur).

115 739 164 799 At
190 740 285 818 quod
319 761 386 805 non
421 743 601 824 ingreditur,
634 763 692 805 nou
716 751 834 817 movet;
873 764 964 825 quare
988 765 1044 807 nec
1072 765 1138 808 cum
1160 745 1302 826 planetae
1326 739 1439 825 stt·
1461 746 1508 808 di-

115 835 219 904 stant,
250 833 436 895 movebunt
458 840 612 906 naturam3
638 850 695 894 uon
719 832 797 894 enirn
821 840 870 896 est
892 834 1067 896 harmonica
1090 835 1252 909 distantia,
1278 852 1344 896 cum
1367 852 1509 914 praeser-

116 916 175 979 tim
202 922 441 1001 septangulum
465 940 519 983 nec
542 923 680 1002 regulare
704 940 812 1001 corpus
836 922 1014 1000 conformat,
1038 942 1094 985 uec
1107 922 1275 1003 planitiem,
1300 942 1343 985 sc.
1359 923 1507 1003 nuspiam,

118 1025 221 1089 quare
249 1009 378 1072 necin
401 1010 494 1073 radiis
517 1010 717 1091 planetarum,
742 1030 796 1072 nec
820 1010 849 1071 in
873 1011 966 1074 sonis.
1012 1012 1096 1074 Haec
1119 1012 1211 1092 igitur
1233 1011 1413 1073 benevelim
1432 1031 1507 1074 con-

117 1096 262 1159 sideres.
320 1098 392 1179 Ego
416 1108 558 1180 aspectus
581 1100 635 1161 bos
659 1107 732 1179 puto
756 1119 803 1162 me
828 1100 930 1162 videre
955 1100 1074 1163 fortiter
1097 1109 1234 1182 agentes,
1257 1100 1311 1162 sed
1335 1100 1508 1164 viseerum

118 1185 345 1250 aestimanda
368 1196 477 1252 estex
500 1189 616 1251 ratione
641 1188 922 1251 demonstrationis:
954 1190 1034 1252 latus
1057 1209 1171 1252 sexau
1178 1188 1255 1270 guli
1277 1189 1375 1271 ipsum
1397 1207 1452 1269 per
1474 1210 1508 1253 se

119 1282 174 1336 est
198 1269 320 1355 ἑητω,
345 1296 416 1339 nam
439 1278 565 1360 aequale
589 1287 638 1340 est
660 1277 901 1353 semidiametr03
926 1279 1102 1358 quadrati
1127 1278 1232 1341 lateris
1256 1278 1436 1360 quadratum
1459 1285 1508 1342 est
1628 1277 1630 1282 ’

121 1360 233 1442 emor,
262 1385 347 1428 narn
370 1366 524 1429 dimidium
548 1376 595 1430 est
619 1367 758 1448 quadrati
782 1366 939 1442 diametrl3
964 1366 1103 1447 trigoni
1126 1368 1231 1430 lateris
1256 1367 1435 1447 quadratum
1458 1374 1508 1429 est

123 1453 165 1515 ad
193 1453 396 1534 quadratum
420 1457 559 1518 diametri
582 1465 617 1518 ut
639 1454 659 1519 3
684 1457 723 1518 ad
747 1451 783 1530 t,
815 1457 895 1535 conj
903 1457 1026 1518 unctio
1051 1457 1153 1520 estin
1175 1454 1367 1536 geometricis
1391 1455 1509 1535 integer

123 1541 274 1605 circulus
290 1537 360 1606 'seu
383 1552 535 1626 punctum,
559 1565 613 1607 seu
636 1545 760 1606 nullites
784 1546 885 1624 anguli
909 1545 1068 1620 radiorum,
1094 1545 1123 1607 h.
1149 1564 1175 1605 e.
1201 1544 1418 1618 coincidentia3
1442 1562 1507 1624 op-

124 1631 287 1712 positio
316 1635 383 1714 ipsa
406 1633 554 1696 diameter
576 1641 640 1708 est,
674 1651 758 1694 mera
789 1633 935 1695 identitas
967 1653 1019 1695 seu
1048 1655 1234 1710 corceone,
1271 1633 1446 1713 quintilis
1476 1640 1510 1694 et
1611 1701 1615 1708 ,

126 1720 164 1781 bi
178 1722 374 1801 quintilis
398 1723 546 1801 quadrata
566 1723 671 1802 juncta
694 1731 765 1783 sont
788 1723 826 1783 ad
851 1721 1030 1802 quadratum
1054 1722 1192 1795 diametri
1215 1729 1249 1784 ut
1272 1719 1292 1785 5
1317 1722 1357 1783 ad
1379 1718 1412 1785 4.
1449 1721 1508 1783 Di-

128 1807 204 1871 visa
230 1829 302 1870 non
326 1809 525 1885 adinvicem,
551 1830 604 1872 uec
627 1811 666 1872 ad
690 1811 870 1891 quadratum
893 1811 1042 1886 diametri,
1066 1821 1100 1874 ut
1118 1830 1257 1873 numerus
1281 1810 1320 1872 ad
1343 1829 1507 1886 numerum,
1614 1801 1618 1812 “

131 1897 193 1972 boc
242 1897 355 1979 itaque
390 1899 509 1961 nomine
542 1907 611 1961 suut
647 1900 713 1961 loco
744 1899 922 1978 posteriore.
974 1898 1053 1961 Vide
1090 1900 1263 1962 methodum
1294 1899 1509 1981 polygonorum

133 1985 315 2062 (Adriani)
339 1987 478 2050 Romani.
525 1989 590 2051 Neo
613 1987 691 2051 enim
713 1987 810 2067 prima
837 2007 892 2048 nec
915 1987 1063 2065 secunda,
1097 1990 1152 2052 sed
1175 1988 1267 2051 tertia
1290 1987 1407 2050 demum
1430 2007 1507 2069 qua·

135 2075 236 2137 drata
262 2076 297 2137 in
322 2077 453 2139 numeris
476 2085 651 2158 aequantur.
696 2076 839 2139 Potentia
867 2077 1133 2158 quinquangularis
1160 2077 1267 2139 lateris
1298 2076 1434 2156 aequalis
1460 2083 1511 2139 est
1620 2111 1623 2117 ,

134 2165 311 2244 potentiae
352 2166 566 2228 semidiametri
610 2176 643 2227 et
678 2166 832 2245 potentiae
876 2166 982 2226 lateris
1020 2165 1251 2246 deoangularis,
1302 2166 1380 2244 quod
1417 2165 1509 2227 habet

28 2291 33 2299 ·
138 2272 233 2315 suam
273 2254 554 2317 determinationem
588 2257 619 2317 in
643 2255 738 2335 gradu
761 2262 886 2316 remoto.
935 2253 1012 2315 lllud
1040 2254 1219 2337 quadratum
1243 2251 1285 2314 sit
1312 2253 1392 2328 ΑΒ,
1427 2254 1510 2333 cujus

132 2343 206 2421 jam
233 2344 321 2405 latus
345 2342 405 2406 AC
430 2344 534 2424 nequit
556 2342 680 2423 exprimi
704 2361 834 2406 numero.
878 2341 926 2404 Ab
949 2342 1005 2403 boo

139 2432 314 2512 quadrato,
339 2433 423 2513 eujus
447 2433 584 2513 cognitus
608 2439 657 2495 eet
679 2450 832 2506 numerus,
864 2431 1006 2493 eximitur
1048 2490 1054 2512 ὲ

141 2521 335 2601 quadratum
369 2521 464 2596 aliud,
499 2522 577 2602 qnod
605 2521 703 2600 ipsum
735 2539 802 2581 cum
831 2537 885 2582 suo
909 2520 1005 2581 latere

142 2618 257 2688 potest
281 2610 406 2690 exprimi
423 2629 554 2682 numero,
579 2610 652 2672 ΑΙ).
691 2607 821 2671 Secatur
835 2607 927 2688 igitur
940 2606 1004 2670 AC

145 2698 176 2760 in
201 2698 233 2760 tt
262 2700 384 2760 ratione
402 2699 540 2778 cognita3
574 2717 627 2758 nec
660 2705 761 2759 tameo
795 2716 916 2759 numero
949 2699 1005 2756 ea-

144 2787 241 2868 primi
267 2794 368 2868 potest
382 2785 452 2862 EO,
473 2806 539 2850 cum
562 2783 650 2866 ῥητον
663 2785 725 2848 ΑΕ
750 2786 788 2847 ab
811 2782 930 2867 ἀρῥητῳ
945 2782 1006 2847 ΑΟ

147 2877 290 2939 ablatum
305 2877 456 2958 relinquat
478 2872 606 2958 ἀῤῥηιον
619 2874 689 2938 ΕΟ.
724 2874 851 2954 Etonia
869 2872 938 2947 EC,
956 2871 1007 2954 ἀρ’·

147 2960 263 3045 emor,
296 2966 324 3026 in
348 2985 381 3026 se
405 2966 502 3043 ipsum
526 2966 647 3027 doctum
666 2963 741 3027 facit
759 2962 842 3037 DB,
869 2962 961 3043 igitur
976 2968 1008 3023 et

144 3054 219 3116 DB
246 3050 383 3135 ἇῤῥητον.
429 3054 477 3116 Ex
506 3073 562 3135 quo
592 3061 622 3116 et
650 3053 709 3115 alio
738 3047 816 3131 emp
847 3051 1005 3133 quadrato,
1041 3053 1061 3107 1

150 3162 180 3205 n.
208 3143 440 3217 semidiametri,
474 3142 661 3222 componitur
690 3142 868 3223 quadratum
900 3139 1007 3201 lateris

150 3231 381 3313 quinquanguli.
427 3233 492 3293 Hoc
520 3232 699 3313 quadratum
731 3246 790 3292 non
820 3237 869 3292 est
894 3223 951 3309 per
973 3247 1006 3290 se

151 3321 360 3402 comparabile
385 3320 424 3381 ad
447 3321 635 3392 diametrum,
660 3320 713 3383 sed
736 3337 790 3400 per
811 3318 1005 3381 ablationem.
1041 3335 1065 3387 ιι

150 3409 237 3473 Nam
251 3411 308 3472 ΑΒ
322 3409 390 3489 plus
413 3409 506 3471 habet
521 3429 609 3491 quam
623 3409 682 3471 AD
706 3417 736 3469 et
751 3408 816 3482 DB,
834 3426 940 3487 nempe
959 3408 1018 3469 FD
1033 3414 1064 3469 et
1082 3404 1150 3483 DC,
1178 3414 1211 3468 et
1225 3414 1275 3468 est
1290 3402 1509 3485 comparabile;

52 3561 61 3568 ,
153 3498 224 3562 AD
247 3499 352 3561 itidem
375 3508 423 3560 est
445 3498 658 3579 comparabile.
706 3498 740 3559 ld
765 3499 915 3572 ecfertum
940 3496 1028 3558 simul
1055 3504 1156 3559 autem
1179 3495 1291 3557 cadunt
1309 3494 1371 3556 ΡΙ)
1394 3489 1534 3566 senc,-

153 3587 415 3667 incomparabilia,
440 3587 571 3649 retiuent
594 3598 694 3648 tamen
719 3605 803 3648 suam
828 3584 1110 3648 determinationem
1133 3583 1171 3646 ab
1186 3583 1258 3658 AB,
1282 3582 1360 3658 AD,
1385 3598 1510 3660 compa·

155 3677 314 3750 rabilibus,
338 3685 372 3738 ut
394 3676 579 3757 relinquatur
602 3675 663 3736 DB
688 3676 857 3755 quaesitum
881 3673 1127 3752 incomparabile.

245 3765 305 3827 Est
331 3764 423 3845 igitur
452 3767 527 3828 haec
556 3783 670 3846 quoque
698 3764 844 3826 mirabilis
872 3761 1074 3843 quantitatum
1107 3769 1234 3832 natura,
1267 3759 1398 3821 sortieris
1426 3776 1513 3820 suam

157 3854 440 3918 determinationem
464 3854 502 3917 ab
525 3854 688 3916 ablatione.
735 3850 896 3926 Quamvis,
926 3859 960 3913 ut
982 3851 1038 3912 boc
1062 3850 1186 3923 addam,
1214 3856 1282 3911 tota
1304 3847 1380 3911 boec
1404 3863 1511 3910 essen·

157 3946 221 4008 tiae
244 3943 323 4006 ratio
346 3952 404 4005 est.
452 3944 551 4006 Aliter
577 3943 679 4024 itaque
708 3941 878 4004 subsistunt
910 3939 1123 4014 (subsistentia
1151 3931 1388 4018 quantitative),
1423 3936 1513 3998 aliter

158 4041 385 4114 comparantur3
423 4033 478 4094 hoe
507 4032 568 4094 illis
591 4031 703 4095 accidit
725 4052 745 4093 a
768 4038 878 4092 mente.
926 4027 989 4092 Sed
1012 4030 1050 4091 ad
1074 4047 1146 4090 rem.
1192 4027 1258 4089 Hoc
1280 4027 1383 4107 itaque
1407 4043 1516 4106 genus,

158 4132 192 4186 ut
215 4121 429 4205 quinquanguli
444 4122 534 4195 latus,
560 4121 700 4182 consistit
728 4120 756 4181 in
786 4126 903 4181 remota
926 4118 1150 4199 comparatione
1175 4124 1206 4178 et
1229 4115 1372 4177 abhorret
1395 4135 1415 4176 a
1438 4113 1510 4175 reli·

158 4213 233 4295 quis.
281 4215 347 4275 Hoc
370 4229 417 4272 me
440 4211 529 4272 valde
553 4209 696 4271 turbavit.
743 4208 916 4270 Videbatur
934 4207 1012 4270 enim
1036 4208 1092 4269 hoo
1114 4213 1205 4286 pacto
1230 4204 1302 4266 nibil
1325 4204 1430 4265 valere
1454 4201 1511 4263 de-

158 4303 244 4377 bere,
275 4318 343 4365 cum
367 4317 424 4361 non
450 4318 482 4360 se
505 4298 571 4379 ipso
595 4298 783 4378 intelligatur
806 4304 838 4359 et
859 4302 1060 4376 comparetur.
1108 4294 1215 4357 Erexit
1236 4311 1283 4354 me
1314 4297 1415 4352 tamen
1438 4309 1511 4352 mu·

158 4392 246 4456 sica.
293 4390 369 4454 Cum
393 4388 470 4450 enim
494 4387 587 4450 tertia
609 4387 707 4449 mollis
731 4387 814 4449 sita
837 4386 1012 4465 sexangulo,
1038 4383 1130 4446 tertia
1150 4381 1225 4442 dura
1247 4379 1512 4461 aquinquangulo,

158 4490 240 4545 certe
260 4477 419 4562 jucundior
443 4474 649 4557 (quantumvis
673 4476 764 4547 dura)
788 4482 837 4537 est
860 4474 952 4536 tertia
976 4475 1067 4547 dura,
1100 4469 1197 4533 mollis
1219 4487 1325 4547 parum
1350 4468 1456 4544 abest,
1478 4474 1514 4530 ut

158 4591 216 4635 nou
240 4574 393 4634 consonet.
441 4564 584 4646 Oportuit
597 4565 690 4646 igitur
703 4564 781 4626 ratio
805 4582 890 4625 ame
910 4560 1086 4642 excogitari,
1111 4578 1169 4640 qua
1191 4557 1284 4620 etiarn
1307 4557 1420 4620 multae
1434 4557 1513 4619 aliae
1554 4575 1560 4582 ·

156 4662 269 4742 ligurae
301 4655 514 4721 consonantias
540 4655 674 4717 facturae
698 4654 841 4728 luissent,
874 4670 941 4713 cum
969 4651 1059 4712 valde
1079 4643 1213 4729 ἀρῤιμοι
1242 4646 1321 4723 sint,
1354 4645 1410 4708 nisi
1443 4644 1512 4708 aliis

157 4750 258 4812 causis
285 4744 510 4826 impedirentur.
558 4746 609 4806 Ita
638 4743 723 4805 vides
756 4741 786 4802 in
818 4740 967 4821 prioribus
1000 4739 1112 4811 literis,
1145 4735 1273 4816 relinqui
1305 4734 1512 4817 decaogulum,

163 4833 233 4923 ³}„‚
259 4855 348 4899 uuam
371 4842 509 4896 octavam
533 4834 603 4906 dic,
631 4832 814 4912 multasque,
847 4829 907 4892 imo
931 4827 1063 4891 infinitas
1086 4826 1174 4890 alias.
1221 4823 1324 4887 Causa
1345 4843 1436 4900 vero,
1461 4841 1513 4885 cur

156 4929 185 4990 in
214 4925 380 5005 sexangulo
409 4923 598 5003 praepolleat
626 4920 719 4985 tertia
747 4919 823 4981 dura
850 4918 946 4994 molli,
981 4925 1029 4979 est
1060 4915 1165 4978 itidem
1192 4933 1230 4977 ex
1257 4913 1512 4978 demonstratione
