3609 5634
226 389 229 400 ·
293 371 360 452 tat
838 378 961 446 oeus
978 376 1103 440 neone

295 542 494 628 hypotheses,
519 538 584 601 sine
608 536 747 600 veritatis
770 536 965 600 necessitate.
1013 535 1056 596 At
1084 534 1236 596 enimvero
1264 551 1319 595 nec
1348 535 1405 596 hoc
1431 533 1551 616 quidem
1573 531 1656 596 Urso

295 633 395 706 lacile,
420 629 535 704 talium,
561 626 666 709 quales
689 627 755 706 ipsa
777 625 938 699 describit,
963 623 1076 685 formas
1098 622 1243 705 plurimas
1266 622 1445 704 contingere.
1489 621 1572 685 Nam
1595 619 1655 683 etsi

295 741 353 783 non
386 726 486 787 curat,
519 733 648 778 reraene
680 715 755 789 sint,
789 715 855 776 vult
876 722 978 775 tamen
1007 719 1041 774 ut
1072 719 1300 793 repraesentent
1327 712 1474 776 calculum
1502 718 1655 773 motuum:

294 810 373 892 qnod
391 827 450 870 non
473 806 568 868 cuivis
591 804 697 866 obviae
721 810 754 864 et
775 803 900 865 fictitiae
924 801 1085 883 hypothesi
1108 800 1266 881 contingit.

386 894 522 977 Septimo
547 893 684 954 sufficere
706 892 761 964 ait,
785 899 819 953 ut
841 890 1026 974 hypotheses
1041 890 1221 952 coelestium
1233 897 1367 951 motuum
1390 888 1506 951 calculo
1525 905 1655 968 respon·

296 988 398 1061 deant,
423 984 496 1047 licet
518 1000 576 1044 non
599 981 673 1061 ipsis
698 979 838 1043 motibus.
884 977 1024 1041 Mirabile
1047 979 1166 1060 dogma,
1190 977 1338 1058 siqnidem
1360 993 1445 1040 mens
1458 977 1532 1040 Ursi
1551 995 1590 1038 ex
1607 975 1656 1037 his

296 1073 396 1137 verbis
419 1072 536 1136 censeri
561 1069 662 1133 debet.
709 1067 789 1141 Quid
813 1076 863 1131 est
885 1069 991 1148 igitur,
1016 1067 1109 1144 Urse,
1138 1067 1292 1129 calculus?
1338 1064 1373 1127 Si
1395 1066 1492 1128 bonus
1515 1074 1566 1128 est
1587 1065 1655 1127 cal·

294 1164 379 1227 culos
416 1164 446 1224 h.
471 1181 499 1223 e.
529 1159 688 1222 methodos
716 1157 912 1238 computandi
951 1156 1020 1218 loca
1051 1156 1197 1230 siderum,
1236 1165 1307 1217 tnnc
1340 1173 1414 1216 sane
1446 1155 1578 1217 motibus
1606 1161 1657 1215 est

295 1270 445 1316 consonus
468 1259 499 1311 et
523 1267 561 1310 ex
583 1247 744 1331 hypothesi
767 1245 943 1318 exstruitur,
967 1263 1043 1325 qnae
1067 1245 1170 1307 itidem
1194 1253 1243 1306 est
1266 1244 1397 1306 motibus
1418 1262 1561 1307 consona.
1600 1240 1657 1305 Sin

296 1341 363 1422 quis
387 1339 521 1402 calculus
544 1347 644 1399 mutus
667 1356 725 1398 oon
749 1340 980 1416 repraesentat,
1008 1353 1102 1415 aeque
1131 1332 1225 1395 fallax
1248 1333 1377 1395 habetur
1404 1353 1441 1395 ac
1472 1331 1657 1417 hypotheses

297 1447 335 1491 ex
359 1428 466 1509 quibua
489 1426 692 1488 derivabatur.
739 1425 789 1486 Ita
817 1424 844 1485 si
866 1422 954 1485 nobis
983 1422 1025 1485 nil
1053 1441 1143 1485 curae
1166 1429 1228 1498 est,
1263 1429 1361 1484 utrum
1390 1422 1499 1502 aliquis
1522 1420 1657 1483 calculos

296 1517 426 1579 mutibus
450 1513 739 1596 respondeatnihil
759 1532 832 1574 sane
856 1510 992 1592 impedit,
1018 1531 1075 1593 quo
1098 1512 1195 1574 miuus
1218 1510 1363 1592 plurimas
1385 1512 1533 1591 fingamus
1557 1511 1656 1592 hypo·

295 1607 415 1680 theses,
450 1605 528 1684 qnod
561 1603 619 1665 sibi
652 1602 741 1664 facile
773 1600 938 1663 dictitabat
965 1600 1080 1676 Ursus,
1115 1600 1301 1681 totidemque
1331 1599 1513 1662 calculorum
1542 1601 1657 1661 iormas

295 1694 529 1766 constituamus,
554 1691 682 1753 vitiosas
705 1709 811 1769 nempe
836 1696 868 1750 et
890 1710 909 1750 a
932 1690 1017 1751 coelo
1041 1689 1189 1752 dissonas.
1237 1690 1340 1751 Macte
1365 1689 1441 1750 Urse
1464 1690 1523 1751 hac
1545 1689 1655 1750 inven-

294 1784 409 1845 tionum
429 1781 578 1843 ubertate.
625 1781 741 1841 Forsan
765 1787 797 1841 et
820 1779 877 1840 hoc
901 1778 978 1858 agis,
1003 1788 1037 1840 ut
1059 1778 1243 1860 hypotheses
1266 1777 1296 1838 in
1313 1778 1397 1839 solas
1411 1777 1532 1840 scholas
1551 1785 1656 1838 astru·

299 1869 433 1933 uomicas
467 1867 641 1941 concludas,
676 1875 710 1928 ot
737 1887 861 1948 quarum
888 1887 961 1928 usns
988 1867 1019 1928 iu
1047 1867 1103 1928 hoc
1134 1867 1200 1928 solo
1222 1866 1385 1944 consistat,
1418 1877 1452 1928 nt
1478 1872 1659 1947 praeceptor

296 1964 445 2022 monstret
468 1956 613 2036 discipulo
637 1956 666 2016 in
692 1956 893 2017 delineatione
916 1956 1121 2038 hypothetica,
1146 1973 1221 2035 quas
1245 1955 1284 2016 ob
1297 1973 1407 2017 causas
1431 1954 1656 2036 singolaprae·

297 2056 388 2129 cepta
410 2047 439 2108 in
464 2045 650 2108 calculandis
674 2043 858 2106 coelestibus
892 2043 1023 2106 motibus
1047 2043 1209 2106 observare
1237 2044 1358 2106 debeat.
1405 2041 1465 2115 Qui
1493 2063 1566 2105 usus
1597 2042 1658 2104 etsi

298 2154 355 2197 uon
381 2135 496 2197 alienos
520 2141 569 2195 est
591 2134 629 2194 ab
654 2131 881 2213 hypothesibus,
914 2134 1066 2212 posterior
1088 2141 1191 2194 tamen
1215 2140 1264 2193 est
1287 2139 1319 2194 et
1341 2133 1481 2196 inferiore
1496 2130 1658 2212 dignitatis

297 2224 403 2304 gradu.
450 2223 583 2284 Primum
607 2219 738 2281 enimin
763 2221 981 2303 hypothesibus
1006 2240 1104 2282 rernm
1128 2230 1268 2282 naturam
1291 2220 1494 2303 depingimus,
1523 2227 1597 2300 post
1619 2237 1658 2280 ex

296 2312 334 2373 ii's
367 2311 515 2372 calculum
543 2309 725 2371 exstruimus
754 2310 783 2370 h.
808 2328 836 2369 e.
861 2318 962 2370 motus
986 2309 1244 2382 demonstramus,
1277 2309 1405 2390 denique
1428 2310 1560 2373 indidem
1583 2327 1659 2370 vera

297 2399 406 2462 calculi
428 2406 593 2479 praecepte
615 2397 666 2458 via
688 2398 843 2477 reciproca
866 2396 1053 2458 discentibus
1076 2397 1272 2476 explicamus.

278 2555 284 2560 ,
385 2486 505 2551 Octavo
527 2487 570 2548 nil
593 2493 683 2566 putat
709 2486 830 2548 officere
860 2505 966 2548 sacras
994 2486 1099 2547 literas
1127 2485 1345 2568 hypothesibus
1369 2484 1656 2548 contradicentibus.

298 2577 352 2651 at,
375 2595 451 2658 quas
475 2576 539 2655 ipse
558 2574 658 2654 jactat
681 2573 875 2658 hypotheses,
899 2594 938 2635 ex
961 2574 1110 2652 scriptura
1132 2594 1165 2636 se
1185 2576 1411 2636 demonstrasse
1428 2584 1525 2655 putat.
1567 2571 1659 2644 Quod

298 2665 324 2727 si
338 2665 489 2747 proprium
513 2673 563 2724 est
584 2663 805 2745 hypothesium,
831 2670 864 2724 ut
886 2663 949 2724 sint
972 2663 1090 2724 falsae:
1114 2663 1299 2744 hypotheses
1323 2663 1388 2745 ipse
1407 2664 1507 2726 nullas
1521 2661 1656 2736 habebit,

298 2754 377 2835 quia,
402 2771 477 2834 quas
488 2752 600 2833 jactat,
624 2751 776 2814 infallibili
791 2751 959 2832 scripturae
983 2753 1167 2814 anctoritate
1181 2752 1313 2814 munitas
1327 2752 1492 2815 contendit.
1539 2752 1589 2814 Ita
1612 2750 1659 2812 sui

298 2843 392 2922 ipsius
415 2841 571 2904 immernor
595 2849 657 2914 est,
692 2839 720 2901 id
744 2840 843 2921 magis
875 2840 969 2902 etiam
998 2840 1029 2902 in
1060 2860 1096 2902 eo
1129 2841 1222 2922 quod,
1255 2857 1323 2903 com
1351 2841 1503 2922 proprium
1533 2839 1661 2903 ochas

297 2930 516 3014 hypotheseon,
540 2938 573 2993 nt
597 2929 658 2991 sint
681 2928 789 3002 falsae,
821 2930 945 2991 undem
968 2930 1091 3011 sequior
1113 2931 1295 2992 astronomis
1318 2929 1410 2993 licere
1433 2929 1541 3012 inquit,
1569 2927 1659 2991 effin-

296 3037 366 3100 gere
390 3020 575 3102 hypotheses
599 3018 663 3079 sive
686 3037 776 3081 veras
800 3019 864 3079 sive
888 3019 999 3080 falsas.

386 3108 484 3172 Nono.
541 3104 627 3177 Quae
659 3106 696 3167 de
720 3107 857 3169 falsitate
884 3107 1095 3189 hypothesium
1125 3108 1393 3170 astronomicarum
1420 3105 1514 3181 dixit,
1553 3105 1597 3167 ait
1629 3105 1660 3166 iu

298 3197 448 3276 plerisque
472 3195 541 3257 aliis
564 3195 711 3257 doctrinis
734 3195 807 3258 heri.
853 3195 888 3257 Id
914 3196 1034 3276 quidem
1057 3196 1100 3271 tit,
1125 3196 1180 3258 sed
1203 3197 1283 3259 male
1306 3205 1340 3258 at
1358 3196 1397 3258 ab
1422 3194 1579 3276 imperitis,
1602 3212 1660 3256 nen

299 3303 401 3346 verum
426 3292 479 3345 ant
502 3284 629 3358 bonum,
655 3284 711 3345 nim
734 3284 887 3347 rarissime
913 3293 945 3346 et
968 3285 1106 3359 fortuito,
1141 3286 1194 3346 sed
1219 3286 1328 3348 salsum
1353 3295 1383 3348 et
1406 3285 1554 3366 pernicies
1574 3284 1660 3363 justo

301 3373 406 3434 ordine
435 3371 638 3452 consequitur.
685 3373 729 3436 Ut
756 3372 786 3433 in
809 3373 975 3447 medicina,
1009 3374 1036 3435 si
1065 3384 1214 3455 quartana
1246 3376 1312 3455 quis
1341 3375 1458 3437 laboret
1490 3384 1522 3435 et
1549 3373 1659 3435 falsam

300 3460 378 3522 hanc
404 3461 585 3544 hypothesin
609 3462 765 3542 imperitus
788 3462 922 3524 medicos
947 3463 1126 3542 conceperit,
1150 3483 1274 3526 causam
1299 3464 1391 3526 febris
1410 3483 1478 3526 esse
1501 3461 1659 3541 asangui·

300 3551 345 3613 nis
369 3549 582 3624 redundantia,
605 3550 632 3611 is
656 3569 733 3612 vena
757 3559 843 3613 secta
865 3570 924 3613 non
949 3571 1022 3614 sane
1038 3551 1154 3615 felicius
1173 3553 1288 3634 juverit
1304 3572 1436 3634 aegrum,
1462 3571 1551 3634 quam
1564 3550 1660 3613 Ursus

302 3660 339 3701 ex
364 3641 444 3700 salsa
468 3639 628 3720 hypothesi
651 3648 751 3701 motus
775 3642 925 3703 coelorum
949 3642 1115 3722 colligeret.
1162 3633 1225 3704 Sed
1243 3642 1353 3705 Ursum
1376 3661 1430 3722 per
1452 3641 1592 3721 exempla
1605 3658 1661 3701 sua

302 3747 471 3808 sequamur.
519 3727 658 3807 Exempli
682 3747 809 3809 namque
833 3730 900 3791 loco
924 3731 1043 3808 regulas
1068 3730 1259 3810 sigebraicas
1286 3732 1440 3810 producit,
1457 3731 1518 3802 ,ubi
1541 3729 1662 3810 ponitur

302 3816 336 3890 is,
362 3816 410 3896 qui
435 3817 588 3896 quaeritur
611 3837 759 3891 numerus,
783 3818 884 3880 valere
909 3819 1055 3880 unitatem
1079 3819 1195 3881 cossice
1210 3820 1445 3896 denominatam,
1469 3839 1536 3881 cum
1559 3828 1659 3880 tamen

301 3905 327 3966 is
350 3923 408 3966 uon
441 3904 482 3966 sit
504 3906 613 3968 unitas.
658 3906 706 3968 Ex
734 3906 791 3969 hac
821 3915 920 3969 tamen
951 3908 1030 3968 falsa
1056 3908 1205 3987 positione
1237 3909 1268 3971 in
1298 3909 1500 3989 cognitionem
1522 3906 1660 3971 veritatis

304 3993 463 4073 perueniri.
510 3995 568 4066 At,
595 4013 612 4055 o
638 3995 730 4071 Urse,
755 4016 810 4058 nec
833 3997 964 4076 quadrat
987 3998 1156 4078 exemplum
1179 4016 1234 4060 nec
1257 4008 1340 4060 recte
1364 3999 1542 4079 explicator.
1585 3995 1660 4058 Com

301 4081 453 4143 nesciatur
483 4101 622 4143 uumems
655 4084 681 4144 is
716 4103 802 4163 quem
833 4085 1019 4165 quaerimus,
1056 4087 1191 4165 ignotum
1218 4085 1265 4148 illi
1292 4105 1399 4150 nomen
1432 4088 1538 4149 damus
1566 4104 1659 4165 eoque

302 4171 418 4232 nomine
448 4172 600 4252 pergimus
628 4173 674 4248 ad⁸
696 4174 779 4252 leges
808 4174 1029 4253 praescriptas,
1064 4175 1159 4237 donec
1187 4183 1253 4237 arte
1277 4194 1383 4239 nomen
1407 4176 1438 4238 id
1461 4176 1548 4238 nobis
1571 4175 1659 4237 inuo-

300 4266 409 4321 tescat.
456 4258 545 4331 Quod
569 4259 660 4339 igitur
682 4263 820 4341 ponimus
844 4262 989 4324 unitatem
1014 4282 1081 4325 esse
1101 4264 1342 4339 denominatam,
1373 4265 1483 4327 falsum
1506 4284 1564 4326 oon
1583 4263 1659 4325 dici·

254 4425 257 4432 1
300 4367 377 4410 mus.
424 4345 502 4411 Nam
533 4368 568 4410 eo
597 4350 680 4428 ipso,
715 4351 792 4430 quod
820 4370 928 4413 nomen
957 4351 1078 4414 additur
1108 4355 1233 4427 unitati,
1262 4354 1394 4416 innuitur
1417 4365 1517 4417 certus
1541 4353 1660 4435 qnidam

301 4456 450 4513 numerus,
474 4455 562 4517 quem
585 4438 611 4498 is
636 4438 686 4518 qui
709 4440 862 4519 quaeritur
885 4441 978 4503 semel
1008 4442 1122 4504 valeat.
1168 4443 1226 4505 Hic
1246 4461 1318 4524 ergo
1338 4444 1421 4506 oolla
1444 4441 1659 4523 islsapositio.

296 4530 347 4605 At
369 4528 398 4589 in
423 4527 633 4588 asbouomicis
657 4527 872 4610 hypothesibus
896 4529 970 4592 nihil
994 4530 1099 4593 simile.
1146 4529 1246 4603 Quam
1266 4533 1343 4595 enim
1358 4534 1482 4614 quisque
1505 4533 1661 4614 profitetur

303 4612 498 4695 hypothesin,
530 4634 588 4678 oon
618 4615 708 4679 aliter
734 4617 792 4680 nisi
815 4626 850 4681 ot
871 4627 975 4682 uotam
1005 4627 1037 4681 et
1060 4622 1248 4701 exploratam
1275 4623 1441 4703 profitetur.
1488 4622 1522 4684 ln
1546 4620 1659 4701 regula,

303 4720 391 4781 quam
414 4705 483 4767 salsi
508 4704 621 4778 dicunt,
645 4724 702 4786 qno
727 4708 825 4768 altero
847 4709 985 4788 exenrplo
1008 4718 1124 4789 pugnat
1138 4710 1243 4784 Ursus,
1268 4730 1327 4773 non
1355 4712 1415 4773 alio
1439 4730 1529 4791 quam
1543 4710 1661 4784 nomine

302 4791 424 4868 gloriari
447 4801 559 4873 potest.
606 4795 674 4855 lion
698 4798 777 4857 enim
800 4796 867 4858 ideo
892 4798 988 4858 falsus
1011 4799 1120 4860 dicitnr
1143 4818 1282 4860 uumerus
1304 4801 1436 4879 positus,
1467 4802 1541 4883 quia
1558 4815 1662 4861 rernm

303 4876 373 4942 inde
397 4883 541 4966 sequitur,
566 4882 645 4965 qnod
669 4884 696 4946 si
719 4885 814 4963 fleret,
838 4903 896 4948 non
921 4886 977 4949 hoc
1001 4886 1045 4949 illi
1066 4906 1174 4950 nomen
1198 4898 1301 4972 esset:
1325 4888 1381 4953 sed
1403 4889 1483 4969 ideo,
1506 4889 1579 4973 qnia
1600 4887 1661 4951 lal-
