3609 5634
742 375 947 432 mm
1262 349 1265 354 ’
1457 374 1522 442 ass

134 528 216 595 eiu
250 532 333 597 ratio
359 541 418 598 est.
460 534 541 598 Nam
566 532 734 598 rationibus
755 533 876 598 Eudoxi
899 541 1135 598 cousentaneum
1156 541 1219 610 est,
1248 540 1283 596 ut
1304 534 1352 596 hic
1377 532 1443 615 jam
1463 554 1522 598 non

135 620 254 694 vehat
276 624 381 698 nodos,
405 624 461 686 aad
484 624 656 685 revolvatur
679 622 708 684 in
731 621 865 686 Saturno
889 623 1010 704 quidem
1032 623 1122 686 annia
1143 620 1196 699 30,
1221 620 1343 685 inJovs
1366 624 1453 686 anuis
1471 621 1521 700 12,

133 707 172 769 ia
198 710 317 776 unes
339 710 492 774 mensibus
516 709 568 786 23,
593 712 624 774 in
648 713 771 774 Venere
793 721 826 775 et
847 714 998 776 Mercurio
1022 713 1175 776 mensibus
1203 709 1252 777 12

248 798 301 863 Sit
321 820 440 863 rursum
463 801 526 881 (hg.
551 799 587 874 2)
611 799 695 866 ABG
719 801 818 881 portio
846 803 972 864 fixarum
996 803 1145 882 sphaerae
1169 811 1202 864 et
1229 801 1259 864 in
1283 820 1320 863 ea
1342 800 1437 864 coluri
1458 802 1521 863 sci-

137 887 327 965 stitiorunr,
352 889 401 952 oui
423 890 606 978 respondeat
629 888 718 954 DEG
741 889 854 969 primus
876 890 996 954 Eudoxi
1019 890 1115 966 orbis,
1145 910 1233 972 quem
1256 890 1369 953 habent
1392 889 1411 952 5
1436 908 1521 952 erre-
1639 892 1647 905 “

137 993 220 1053 nes,
247 978 301 1059 qui
323 980 463 1041 volvatur
485 998 576 1058 super
599 979 657 1040 ΒΗ
679 979 759 1058 potia
782 988 816 1041 et
839 998 906 1054 axe,
931 980 980 1042 axi
1003 980 1090 1060 primi
1113 990 1212 1043 motus
1236 978 1434 1042 coincidente.
1473 977 1523 1042 Sit

136 1064 230 1129 TIV
255 1069 406 1131 secundus
429 1067 520 1143 orbis,
544 1067 628 1147 cujus
651 1068 712 1147 poli
736 1068 771 1139 T,
796 1069 826 1129 V
849 1069 980 1148 figantur
998 1069 1029 1130 iu
1050 1069 1169 1149 punctis
1193 1070 1227 1144 F,
1254 1067 1283 1129 G
1306 1065 1402 1147 primi,
1427 1076 1459 1128 et
1481 1067 1523 1129 sit

139 1151 209 1216 DF
237 1156 404 1238 obliquitas
428 1156 599 1236 eclipticas.
645 1155 744 1236 Super
767 1156 804 1219 iis
827 1157 907 1238 pulis
934 1158 1060 1237 planeta
1083 1165 1221 1222 movetur
1243 1158 1274 1218 in
1297 1155 1520 1236 consequentia,

139 1261 176 1305 v.
197 1264 231 1307 e.
257 1241 279 1322 1)
303 1245 390 1310 anais
414 1243 457 1309 30
480 1246 519 1307 ad
539 1245 620 1308 idem
639 1245 729 1325 primi
752 1247 800 1308 vel
824 1246 941 1309 zodiaci
954 1256 1098 1327 punctum
1113 1247 1246 1310 rediens.
1292 1245 1385 1310 KML
1400 1246 1441 1308 sit
1455 1254 1520 1308 ter-

141 1333 217 1396 tine
242 1336 335 1409 urbis,
360 1335 445 1414 cujus
468 1333 531 1414 poli
551 1335 596 1408 K,
619 1336 646 1396 L
670 1335 792 1397 suntin
816 1335 972 1416 superficie
992 1337 1116 1400 secundi
1138 1335 1314 1417 permedia
1336 1334 1519 1414 signarun-

143 1422 195 1506 tis
230 1424 321 1498 mm
362 1442 454 1504 super
488 1423 527 1484 iis
559 1431 698 1486 movetur
727 1424 876 1503 superiori
909 1433 996 1503 parte
1039 1426 1069 1486 in
1103 1424 1320 1505 consequentia
1357 1425 1522 1486 secundum

144 1519 293 1576 mactum
322 1511 425 1576 chorii
452 1511 574 1574 maximi
608 1512 700 1585 YIX,
733 1523 766 1576 et
792 1513 839 1576 eie
863 1520 1001 1575 movetur
1030 1523 1065 1576 nt
1094 1515 1248 1595 requirunt
1277 1512 1356 1576 nudi.
1404 1510 1522 1583 Quodsi

146 1599 264 1677 sz,
302 1621 375 1682 pare
405 1602 503 1664 lineae
530 1601 791 1681 repraesentantis
819 1600 1004 1682 eclipticam,
1045 1604 1212 1682 explicetur
1243 1612 1278 1666 ut
1303 1603 1359 1664 fiat
1380 1601 1547 1677 circulus.

94 1735 100 1742 -
147 1690 280 1754 soture
295 1691 367 1753 TIV
390 1692 444 1752 fiet
464 1690 495 1752 iu
518 1691 638 1770 pictura
658 1690 749 1765 linea,
774 1689 913 1753 similiter
930 1697 962 1752 et
976 1690 1064 1753 KYL
1078 1702 1110 1755 et
1128 1692 1170 1766 K,
1195 1692 1222 1754 L
1244 1692 1308 1772 poli
1331 1711 1398 1752 cum
1415 1700 1520 1753 centro
1626 1753 1635 1774 ⁰

148 1779 341 1843 coincidame
388 1778 472 1842 PRO
500 1779 543 1842 sit
571 1788 713 1859 quartus,
746 1779 831 1859 cujus
859 1780 922 1858 poli
940 1779 980 1856 P,
1005 1777 1033 1842 0
1062 1780 1115 1842 fixi
1144 1780 1207 1842 sint
1233 1780 1263 1841 in
1290 1779 1374 1842 tertii
1400 1779 1519 1860 punctis

148 1868 209 1941 M,
236 1868 282 1943 N,
311 1885 401 1949 super
424 1868 532 1948 quibus
553 1877 691 1930 movetur
713 1868 816 1930 itidem
840 1867 871 1929 in
893 1869 1110 1948 consequentia
1138 1869 1303 1932 secundum
1326 1877 1457 1931 tractum
1475 1868 1521 1930 sui

150 1957 266 2020 circuti
292 1957 416 2020 maximi
438 1955 510 2031 RS,
542 1957 706 2020 secundum
730 1977 820 2038 quam
843 1958 922 2019 viam
956 1958 1049 2020 steila
1076 1958 1285 2021 circumfortur
1312 1966 1449 2044 tempore
1473 1975 1519 2032 eo,

153 2047 241 2127 quod
263 2047 402 2126 postulat
423 2046 576 2108 anomalia
598 2046 850 2109 commutationis.
896 2046 982 2108 Haeo
995 2046 1113 2109 Eudoxi
1126 2047 1297 2127 phiiosophi
1311 2046 1521 2127 philosophica

15 2127 22 2146 “
153 2136 264 2219 opmio
286 2136 324 2197 de
348 2130 368 2197 5
392 2134 577 2204 errantibus,
605 2135 656 2215 qui
679 2136 808 2198 alteram
826 2134 1075 2216 inaequalitatem
1097 2136 1265 2218 ignoravit,
1296 2153 1372 2216 quae
1396 2145 1446 2197 est
1468 2153 1518 2198 re·

155 2234 269 2307 spectu
291 2224 373 2287 orbis
395 2224 546 2303 planetae.

253 2314 398 2391 „Tertiae
420 2331 491 2373 vero
515 2311 646 2374 omnium
670 2312 818 2391 sphaerae
841 2311 930 2392 polos
953 2331 1021 2374 esse
1045 2311 1075 2374 in
1099 2330 1135 2373 eo
1158 2312 1279 2387 cuculo,
1304 2312 1355 2392 qui
1377 2324 1520 2391 per‘me·

32 2469 43 2484 ,
156 2404 245 2467 dium
275 2403 429 2483 signorum
460 2401 593 2464 transit:
627 2408 661 2462 at
692 2408 819 2481 quartae
846 2401 1072 2463 couversionem
1101 2419 1170 2462 esse
1197 2419 1251 2481 per
1278 2400 1437 2475 circulum,
1470 2401 1520 2481 qui

157 2492 300 2574 obliquus
323 2501 373 2553 est
399 2490 439 2552 ad
461 2489 590 2552 medium
613 2488 756 2552 circulum
780 2489 877 2569 hujus.
922 2489 1002 2551 Esse
1024 2507 1113 2569 porro
1137 2490 1246 2552 tertiae
1261 2489 1409 2569 sphaerae
1431 2490 1518 2570 potos

158 2582 343 2662 reliquarum
367 2579 486 2660 quidem
506 2578 662 2640 stellarum
685 2578 837 2657 proprios,
867 2578 998 2640 Veneria
1021 2585 1178 2640 autem-et
1199 2576 1340 2640 Mercurii
1364 2578 1519 2642 eosdem.“

160 2671 205 2734 Ut
226 2671 304 2732 huuc
326 2687 397 2732 vere
422 2666 567 2729 Gordium
591 2667 701 2728 nodum
723 2686 790 2729 cum
813 2666 930 2728 ratione
954 2677 987 2729 et
1008 2666 1060 2729 via
1083 2673 1167 2729 certa
1190 2666 1377 2729 adoriamur:
1402 2666 1447 2730 sic
1470 2677 1520 2731 est

160 2759 248 2822 nobis
279 2759 437 2838 agendum.
493 2757 528 2817 In
551 2757 639 2818 Luna
664 2754 743 2818 vidit
767 2754 912 2817 Eudoxus
941 2753 961 2819 3
991 2763 1105 2818 motus:
1142 2756 1176 2829 1)
1200 2756 1338 2819 diurnum
1373 2752 1409 2829 2)
1432 2775 1518 2820 mon-

159 2858 280 2912 struum
302 2848 332 2909 iu
356 2844 528 2926 oppositum
559 2844 657 2924 primo
690 2852 722 2905 et
744 2844 896 2924 obliquum
920 2846 975 2907 sub
999 2845 1124 2908 zodiaco
1158 2841 1195 2920 3)
1219 2844 1269 2925 qui
1299 2845 1517 2925 digressionem

162 2940 229 3018 ejus
253 2939 292 3000 ab
315 2935 459 3017 ecliptica
485 2933 628 2996 variaret.
674 2933 726 2995 Ad
754 2951 907 2995 numerum
936 2934 1012 2996 hunc
1040 2941 1174 2996 motuum
1198 2934 1326 2996 totidem
1349 2934 1442 2997 etiam
1460 2954 1518 3016 po·

161 3028 255 3090 nebat
278 3026 377 3088 orbes.
424 3025 459 3088 In
487 3023 620 3102 planetis
644 3021 753 3084 ceteris
776 3019 798 3085 d
822 3021 1006 3091 observabat
1035 3031 1133 3085 motus
1163 3024 1322 3086 admodum
1345 3023 1517 3086 evidentes:

163 3117 195 3191 1)
219 3115 355 3179 diurrmm
383 3114 438 3180 snb
462 3120 626 3194 aequatore
655 3111 685 3173 iu
709 3111 923 3174 antecedentia
957 3110 994 3185 2)
1017 3112 1073 3174 snb
1096 3113 1220 3176 zodiaco
1247 3112 1278 3175 iu
1301 3112 1518 3193 consequentia

161 3203 198 3282 3)
221 3203 392 3269 latitudiuis
425 3203 463 3264 ab
488 3201 628 3280 ecliptica
656 3196 694 3274 d)
718 3219 775 3281 quo
802 3200 946 3280 planetae
969 3200 1014 3263 iili
1032 3220 1105 3281 prae
1127 3202 1321 3266 luminaribus
1344 3202 1402 3264 hoc
1424 3221 1518 3283 pecu

160 3295 235 3359 liare
262 3294 448 3366 obtinerent,
479 3299 514 3352 ut
539 3292 648 3351 fierent
673 3289 853 3369 retrogradi.
899 3289 947 3351 De
973 3290 1069 3372 primo
1097 3299 1129 3354 et
1156 3293 1287 3355 secundo
1310 3299 1409 3366 motu,
1440 3292 1519 3372 quod

160 3384 182 3445 ii
204 3384 268 3446 sint
290 3381 426 3444 omnibus
448 3398 628 3452 communes,
653 3377 831 3458 ipsaverba
842 3378 1021 3442 Aristotelis
1036 3379 1113 3444 satis
1133 3389 1296 3445 testantur.
1342 3379 1433 3452 Quod
1446 3399 1518 3443 vero

159 3480 192 3535 et
213 3472 321 3535 tertius
344 3468 513 3532 latitudinis
527 3468 632 3531 Lunae
656 3486 724 3530 cum
746 3468 793 3530 his
817 3465 837 3532 5
861 3469 1017 3532 errouibus
1040 3471 1205 3534 communis
1228 3471 1279 3546 sit,
1303 3472 1361 3533 etsi
1385 3488 1424 3532 ex
1445 3487 1516 3531 ver·

159 3561 207 3623 his
229 3558 408 3624 Aristotelis
431 3576 489 3620 uon
513 3556 666 3637 sequitur,
697 3576 756 3639 nou
780 3557 907 3619 latuisse
930 3565 1031 3620 tamen
1052 3558 1210 3622 Eudoxum
1238 3559 1316 3621 ratio
1343 3558 1516 3638 persuadet.

159 3651 238 3713 Nam
256 3650 283 3712 si
306 3667 364 3711 uon
387 3647 455 3728 plus
479 3645 653 3726 diligentiae
676 3645 704 3707 iu
730 3646 918 3708 observando
941 3646 1092 3721 adhibuit,
1118 3666 1207 3728 quam
1230 3655 1374 3728 quantum
1397 3647 1437 3709 ad
1460 3648 1515 3709 de·

159 3737 388 3819 prehendendas
412 3734 691 3815 retrogradationes
715 3735 840 3810 sufficit,
868 3754 928 3796 non
951 3735 1050 3814 potuit
1077 3753 1135 3796 uon
1159 3735 1279 3816 saepius
1306 3736 1336 3800 in
1360 3755 1439 3799 anno
1462 3755 1515 3800 rc-

159 3829 276 3909 spicere
304 3827 343 3889 ad
370 3826 559 3906 planetarum
588 3823 828 3904 conjunctiones,
866 3842 990 3903 quorum
1019 3844 1094 3888 uuus
1125 3824 1184 3886 alio
1212 3826 1261 3888 vel
1289 3824 1439 3888 borealior
1466 3827 1516 3888 vel

159 3917 335 3991 amtraiior,
368 3925 401 3978 et
423 3915 467 3976 sic
494 3915 633 3976 diversae
661 3912 699 3975 ab
723 3913 819 3975 altero
844 3911 1014 3976 latitudinis
1037 3921 1135 3988 esset,
1165 3932 1221 3976 nec
1249 3913 1289 3990 ad
1312 3932 1440 3993 unguem
1462 3932 1517 3994 per

66 4049 72 4058 .
160 4008 290 4070 medium
319 4006 472 4086 signorum
501 4004 639 4066 ferretur.
685 4001 727 4064 Et
755 4001 786 4064 in
814 4002 1016 4083 descriptione
1044 4001 1164 4084 quidem
1188 4002 1287 4084 quarti
1317 4022 1384 4066 cum
1410 4003 1518 4066 eadem

159 4095 221 4159 sint
242 4095 345 4170 verba,
369 4112 445 4175 quae
468 4111 560 4172 supra
582 4092 612 4153 in
636 4091 837 4171 descriptione
861 4092 961 4154 tertii:
986 4091 1136 4168 ,medium
1155 4092 1299 4155 cuculum
1314 4092 1414 4172 quarti
1436 4091 1515 4155 obli-

159 4204 247 4264 quum
274 4203 342 4248 esse
357 4183 412 4245 -ad
434 4182 564 4244 modium
587 4180 703 4257 teror,
728 4188 815 4243 tauto
839 4181 937 4243 minus
961 4191 1009 4244 est
1031 4200 1084 4244 cur
1107 4180 1291 4256 dubitemus,
1326 4181 1455 4243 alterum
1478 4198 1516 4242 ex

97 4326 103 4336 .
158 4274 205 4337 his
228 4273 379 4339 latitudini
402 4273 555 4352 planetae,
579 4270 707 4332 alterurn
734 4270 988 4350 retrogradationi
1003 4270 1151 4349 deputari.
1197 4271 1304 4351 ltaque
1323 4288 1382 4332 non
1404 4268 1515 4332 aethio

159 4363 324 4426 audiendus
350 4363 585 4432 Fracastoreus,
623 4359 672 4440 qui
701 4359 875 4421 latitudines
909 4360 1099 4440 planetarum
1127 4358 1167 4420 ab
1194 4358 1320 4422 Eudoxo
1348 4359 1513 4440 neglectae,

158 4453 407 4524 ambobus.vero
439 4449 486 4512 his
510 4447 630 4512 circulis
662 4467 753 4510 uuam
780 4448 1071 4528 retrogradatiouem
1099 4455 1361 4528 repraesentatam
1393 4447 1513 4524 asserit,
1548 4443 1550 4454 '

156 4540 316 4604 Eudoxum
338 4540 379 4603 ad
401 4559 457 4602 sua
479 4537 714 4600 Homocentrica
737 4537 834 4618 adque
859 4538 985 4600 formam
1007 4545 1142 4600 motuum
1172 4555 1192 4598 a
1214 4555 1247 4599 se
1271 4556 1345 4600 sane
1367 4555 1514 4618 perquam

30 4685 36 4694 .
157 4631 313 4711 ingeniose
345 4629 499 4692 inventam
526 4627 674 4689 violenter
702 4626 940 4690 accommodans.
995 4626 1039 4688 Et
1065 4625 1260 4689 obtinebitis
1293 4626 1413 4707 quidem
1438 4645 1513 4709 pro·

156 4719 297 4799 positum,
326 4719 361 4780 ht
382 4719 508 4798 planeta
529 4716 723 4795 retrogradus
750 4721 784 4776 et
805 4715 895 4776 velox
917 4722 950 4777 et
971 4714 1182 4789 stationarius,
1213 4714 1362 4796 positione
1389 4716 1515 4780 duorum

126 4839 133 4849 ·
157 4808 273 4872 orbium
296 4809 421 4871 Tenum
444 4807 474 4869 in
498 4813 602 4869 centro
625 4804 809 4878 habentium,
842 4821 967 4884 quorum
990 4804 1115 4885 alterius
1137 4802 1200 4884 poli
1222 4804 1252 4865 in
1277 4804 1418 4885 ecliptica
1440 4804 1513 4876 siut,

156 4906 257 4964 motus
280 4916 386 4961 versus
408 4897 495 4979 polos
518 4894 690 4978 eclipticae,
723 4892 850 4957 alteriue
872 4912 944 4960 vero
967 4893 1029 4975 poli
1052 4894 1091 4956 ab
1114 4893 1171 4956 hoc
1193 4892 1442 4958 circumferantur
1464 4893 1514 4959 di·
