3609 5634
734 398 821 442 mes
839 390 936 443 um
1451 390 1515 459 241

242 548 327 620 Quid
349 548 457 629 igitur,
485 568 523 611 an
547 568 607 611 non
637 549 814 613 alterutram
843 550 1054 632 hypothesium
1076 551 1159 613 circa
1180 549 1309 631 primum
1332 559 1445 614 motum
1468 555 1518 628 (ιιι

130 640 293 718 exemplo
318 640 489 718 loquamur)
513 639 622 700 salsam
646 658 714 701 esse
737 658 863 701 necesee
887 647 945 713 est,
971 647 1024 701 aut
1046 657 1125 712 eam,
1148 658 1225 720 quse
1241 641 1366 703 Terram
1389 641 1434 702 ait
1448 660 1517 704 mo-

132 727 211 788 veri
239 729 325 789 intra
347 728 478 797 coelum,
508 736 561 788 aut
583 746 660 802 eam,
685 747 762 809 qnae
785 729 901 790 coelum
923 728 989 790 vult
1017 729 1119 808 gyrari
1142 729 1224 791 circa
1245 730 1389 792 Terram?
1435 729 1517 793 Sans

131 815 164 877 si
193 816 443 878 contradictoria
465 816 553 878 simul
576 835 649 877 vera
671 825 822 897 nequeunt
837 835 915 891 esse,
940 835 1035 897 neque
1051 818 1126 879 baec
1140 818 1198 879 dno
1213 817 1302 881 simul
1319 837 1394 881 vera
1414 827 1518 893 erunt;

130 905 201 965 sed
233 906 364 967 alterurn
388 905 507 967 omnino
541 905 659 968 falsum.
706 906 752 967 At
778 915 906 985 utroque
936 906 1024 967 modo
1052 903 1131 968 idem
1159 907 1197 968 de
1226 907 1322 986 primo
1353 915 1436 969 motu
1460 908 1515 969 de·

131 1003 351 1056 monstratur.
397 993 532 1055 Eaedem
559 1002 723 1076 sequnntur
753 994 904 1074 signorum
935 980 1133 1071 emersiones,
1160 995 1251 1057 iidem
1275 997 1351 1073 dies,
1376 1005 1461 1058 ortus
1485 1002 1518 1056 et

133 1101 284 1145 occasus
308 1082 479 1156 stellarum,
513 1083 637 1145 eaedem
660 1082 824 1163 qualitates
854 1083 996 1145 noctium.
1048 1083 1097 1145 Ex
1125 1085 1203 1146 falso
1232 1085 1325 1166 igitur
1357 1104 1451 1164 aeque
1481 1104 1516 1146 ac

134 1191 183 1234 ex
211 1190 289 1234 vero
313 1191 414 1233 verum
437 1172 592 1252 sequitur?
636 1172 760 1233 Minime
785 1173 928 1251 gentium.
975 1173 1043 1235 Non
1059 1173 1136 1235 enim
1156 1174 1241 1250 haec,
1266 1193 1341 1254 qnae
1365 1174 1517 1236 recensita

134 1270 225 1323 snut
257 1268 291 1322 et
322 1261 403 1322 mille
426 1262 502 1333 alia,
531 1261 578 1322 vel
601 1268 725 1341 propter
746 1261 859 1323 Terrae
890 1261 940 1322 vel
971 1270 1096 1341 propter
1119 1262 1196 1324 coeli
1225 1272 1338 1325 motum
1362 1262 1515 1337 eveniunt,

135 1360 305 1430 quatenns
328 1349 355 1410 is
379 1350 491 1413 Terrae
514 1350 563 1412 vel
586 1351 663 1412 coeli
681 1358 780 1412 motus
804 1358 871 1413 est:
902 1350 954 1411 sed
979 1359 1127 1430 quatenns
1156 1351 1318 1414 intercedit
1339 1353 1420 1413 inter
1443 1368 1516 1413 coe-

138 1439 213 1501 lum
239 1447 273 1501 ει
295 1439 420 1500 Terram
445 1439 546 1519 aliqua
569 1439 722 1518 separatio
746 1458 836 1520 super
859 1446 959 1501 tractu
983 1439 1123 1519 quodem,
1149 1440 1199 1520 qni
1219 1439 1350 1520 legitime
1374 1439 1516 1502 adriam

138 1526 237 1590 Solis
262 1529 304 1590 sit
331 1528 475 1597 inflexus,
508 1536 691 1609 utrocunque
720 1529 785 1607 jam
809 1546 933 1607 corpore
962 1527 1016 1589 illa
1043 1529 1196 1605 separatio
1224 1529 1404 1608 perficiatur.
1451 1528 1516 1590 De-

141 1625 363 1679 monstrantur
383 1616 476 1695 igitur
499 1624 570 1677 ante
594 1616 677 1679 dicta
699 1635 754 1696 per
777 1618 852 1678 duas
876 1616 1075 1698 hypotheses,
1104 1626 1251 1698 quatenus
1273 1618 1345 1679 illae
1368 1627 1439 1680 sunt
1461 1617 1517 1679 snb

142 1726 212 1769 uno
227 1724 349 1786 genere,
371 1723 430 1767 non
454 1713 602 1786 quatenns
624 1706 703 1768 inter
717 1725 750 1767 se
765 1706 915 1768 differunt.
963 1703 1040 1768 Cum
1059 1724 1131 1785 ergo
1145 1725 1240 1769 cansa
1253 1706 1517 1768 demonstrationis

143 1813 245 1857 uuum
268 1795 345 1869 sint,
370 1813 463 1856 causa
486 1793 753 1857 demonstrationis
780 1795 873 1857 etiam
896 1813 956 1856 non
981 1804 1068 1857 eruut
1098 1794 1341 1857 contradictoria.
1388 1794 1436 1856 Ac
1459 1793 1538 1857 etsi·

144 1884 215 1947 illis
240 1884 408 1946 adhaereat
434 1883 633 1945 contradictio
657 1884 801 1964 physica,
836 1884 889 1945 illa
908 1892 1011 1945 minen
1035 1884 1322 1947 demonstrationem
1346 1884 1411 1964 jam
1443 1876 1521 1945 nihil

102 2032 113 2039 .
147 1974 278 2035 attinet
326 1973 394 2035 Non
418 1972 510 2052 igitur
532 1979 565 2034 et
588 1991 626 2034 ex
648 1991 721 2035 vero
745 1981 776 2035 et
799 1991 837 2035 sx
861 1972 939 2035 falso
963 1992 1065 2035 vsmm
1085 1973 1169 2054 sequi
1193 1974 1249 2035 boc
1269 1972 1388 2055 quidem
1412 1990 1517 2034 exem·

147 2064 205 2143 plo
239 2061 399 2141 probatum
426 2069 484 2123 est.
530 2059 593 2123 Sed
623 2061 722 2124 acrius
750 2062 882 2124 lortmm
905 2080 960 2122 nos
990 2062 1110 2141 urgebit
1137 2062 1326 2125 notissimum
1349 2061 1518 2140 exemplum

149 2153 193 2213 de
218 2150 409 2213 comentrico
432 2168 499 2212 cum
523 2150 672 2233 epicyclo,
705 2150 756 2232 qni
778 2150 963 2232 aequipollet
990 2151 1168 2213 eccentrico.
1215 2152 1363 2224 Annon,
1397 2149 1424 2211 si
1445 2150 1516 2230 pla·

150 2248 231 2303 neta
253 2258 307 2302 seu
330 2239 469 2319 quicquid
493 2239 525 2301 id
548 2246 596 2302 est
620 2241 699 2321 qnod
721 2239 875 2319 planetam
898 2238 1015 2314 incitet,
1041 2248 1176 2302 centrum
1196 2239 1355 2301 eccentrici
1380 2238 1410 2299 in
1434 2246 1517 2300 motu

153 2348 212 2392 sno
235 2328 370 2408 respicit,
395 2335 532 2391 centrum
555 2327 681 2409 epicycli
705 2328 795 2390 simnl
817 2346 874 2389 non
891 2328 1052 2406 respiciet?
1098 2325 1187 2399 Quod
1201 2328 1227 2390 si
1247 2327 1313 2408 quis
1328 2334 1518 2389 astronomus

153 2421 214 2481 boc
239 2417 404 2480 affirmabit
435 2417 515 2479 alter
536 2417 628 2492 illud,
665 2417 775 2479 falsum
797 2415 836 2479 ab
860 2417 1006 2478 alterutro
1030 2416 1088 2478 dici
1112 2435 1209 2478 nonne
1229 2435 1354 2478 necesse
1369 2423 1426 2490 est,
1452 2432 1518 2477 cum
1570 2430 1578 2444 ⁶

154 2518 260 2570 tamen
289 2507 370 2568 idem
400 2513 526 2587 uterque
557 2506 758 2579 demonstret,
799 2506 918 2585 aequali
950 2505 1068 2567 scilieet
1094 2512 1234 2566 manente
1264 2506 1407 2584 planetae
1434 2512 1517 2566 moto

155 2600 272 2659 moram
302 2604 404 2657 tamen
433 2595 499 2675 ejus
531 2595 561 2656 in
589 2613 647 2657 nno
676 2593 863 2656 semicirculo
896 2593 1060 2674 longiorem
1089 2592 1172 2655 lieri?
1224 2592 1273 2654 Ex
1305 2593 1383 2653 falso
1414 2592 1517 2672 itaque

156 2704 254 2766 aeque
277 2704 313 2746 ac
337 2703 375 2746 ex
398 2702 470 2745 vero
493 2702 599 2746 vemm
620 2702 718 2745 nonne
742 2683 786 2745 sic
806 2682 960 2763 seqnitur?
1005 2682 1128 2744 Minime
1143 2681 1292 2762 gentium:
1317 2681 1423 2743 eadem
1438 2681 1517 2751 enirn

156 2775 326 2856 respondeo
363 2770 439 2853 qnae
463 2791 563 2854 supra.
618 2773 654 2834 Id
682 2791 740 2853 quo
763 2772 933 2842 conficitur,
961 2789 1061 2833 moras
1095 2771 1124 2831 in
1154 2771 1298 2833 alterutro
1332 2769 1516 2832 semicirculo

158 2865 310 2944 longiores
333 2863 413 2938 deri,
439 2862 477 2923 ab
501 2870 627 2944 utroque
651 2862 774 2937 dicitnr,
808 2870 840 2923 et
862 2861 901 2922 ab
926 2879 961 2921 eo
992 2858 1042 2940 qni
1065 2859 1263 2922 eccentricnm
1285 2858 1389 2939 ponit,
1422 2866 1455 2920 et
1477 2858 1515 2919 ab

156 2972 194 3015 eo
219 2953 268 3034 qni
292 2952 512 3013 concentricum
544 2970 611 3012 cnm
635 2951 778 3033 epieyclo.
824 2950 903 3012 Nam
928 2958 1053 3029 uterque
1077 2948 1218 3027 generale
1241 2948 1298 3010 hoc
1322 2949 1424 3021 affert,
1448 2966 1515 3009 ma-

156 3044 253 3123 jorem
275 3040 379 3103 circuli
408 3040 571 3120 planetarii
600 3040 769 3118 portionem
791 3058 860 3100 esse
889 3038 918 3099 in
943 3037 995 3099 illo
1022 3036 1218 3098 semicirculo.
1263 3037 1330 3099 Hoc
1357 3034 1517 3117 genuinum

158 3128 425 3194 demonstrationis
452 3136 485 3189 st
507 3136 706 3208 coaequatum
729 3128 857 3189 medinm
881 3146 947 3188 cnm
970 3126 1043 3188 insit
1071 3126 1102 3187 in
1125 3135 1252 3207 utraque
1275 3124 1436 3207 hypothesi
1459 3143 1516 3204 ge-

158 3218 311 3295 nataliter,
336 3218 410 3280 nihil
429 3219 494 3298 jam
518 3216 804 3279 demonstrationem
829 3215 1008 3291 attinebant,
1029 3233 1105 3295 quse.
1128 3222 1253 3296 uterque
1268 3214 1342 3276 dicit
1359 3214 1388 3275 in
1404 3213 1515 3293 specie,

159 3309 224 3372 sive
247 3316 360 3388 pugnet
383 3307 437 3370 illa
470 3306 534 3368 sive
558 3325 628 3368 non.
673 3306 779 3386 Neque
803 3324 877 3367 sane
900 3305 1032 3384 planetis
1052 3304 1154 3366 oculos
1178 3313 1209 3366 et
1232 3305 1397 3366 discursum
1420 3303 1515 3365 intel-

161 3400 257 3460 lectus
282 3398 442 3459 humanum
465 3394 634 3469 tribuimus,
658 3402 692 3457 ut
715 3394 774 3456 sibi
797 3396 907 3457 circino
933 3394 980 3455 vel
1005 3395 1060 3455 hoc
1082 3394 1130 3454 vel
1146 3392 1220 3455 illud
1233 3401 1375 3473 punctum
1390 3392 1522 3471 signent,

159 3489 294 3567 haecque
324 3504 400 3567 quae
429 3484 492 3546 dixi
523 3483 671 3564 specialia
693 3483 739 3544 sni
771 3484 871 3562 potius
895 3490 1018 3563 captos,
1054 3500 1142 3563 qnam
1166 3483 1365 3561 explicandae
1395 3488 1521 3541 naturae

159 3596 254 3639 causa
277 3576 470 3638 introducunt
492 3573 634 3636 artifices.
679 3572 749 3634 Non
773 3581 822 3633 est
845 3571 936 3651 igitur
960 3572 1054 3654 digna
1067 3570 1183 3632 nomine
1199 3570 1403 3652 hypotheseos
1419 3576 1520 3630 astro

159 3666 295 3728 uomicae
324 3665 373 3727 vel
396 3664 472 3725 haec
501 3663 550 3724 vel
574 3662 627 3724 illa
650 3661 832 3740 suppositio,
867 3661 920 3721 sed
954 3660 984 3723 id
1014 3660 1115 3741 potius
1144 3660 1222 3739 quod
1245 3659 1362 3739 utrique
1385 3677 1521 3720 commu·

161 3757 240 3818 niter
259 3755 350 3830 inest,
375 3754 445 3814 dum
467 3771 510 3812 sc.
537 3749 701 3812 assumitur
724 3759 756 3812 et
780 3751 957 3829 supponitur
981 3760 1065 3811 certa
1088 3758 1119 3809 et
1135 3749 1272 3810 dimensa
1285 3747 1384 3828 portio
1408 3745 1519 3821 circuli,

161 3862 249 3925 quem
275 3844 400 3923 planeta
422 3841 570 3914 decurrit,
602 3838 743 3919 quaesit
771 3839 800 3900 in
825 3858 883 3900 uno
908 3838 1010 3900 circuli
1033 3837 1149 3899 zodiaci
1174 3837 1310 3901 semisse.
1358 3836 1442 3897 Haec
1470 3836 1519 3896 in-

160 3952 249 4014 quam
281 3932 404 3995 tandem
427 3937 476 3992 est
506 3928 682 4011 hypothesis
712 3928 811 4009 justa,
846 3947 904 4008 qna
935 3927 1090 4007 longitudo
1119 3944 1220 3987 morae
1247 3926 1392 4006 planetae
1415 3923 1445 3985 in
1469 3923 1521 3984 illo

163 4023 352 4085 semicirculo
375 4022 608 4082 demonstretur.
654 4018 762 4099 Itaque
786 4024 820 4079 ut
842 4016 1032 4086 concludam,
1063 4017 1160 4077 omnis
1183 4016 1213 4076 in
1238 4013 1424 4076 astronomia
1447 4031 1521 4074 con·

161 4113 255 4175 clusio
283 4130 342 4173 non
370 4110 429 4172 nisi
459 4108 497 4170 ab
528 4127 584 4170 uno
612 4115 645 4169 et
667 4108 772 4168 eodem
797 4106 893 4167 medio
923 4107 1075 4185 perficitur
1098 4113 1129 4165 et
1152 4105 1329 4166 uniformem
1353 4098 1523 4182 praemittit

162 4200 357 4282 hypothesin:
383 4198 441 4261 etsi
464 4198 519 4259 illa
542 4218 561 4259 a
584 4216 616 4258 se
639 4196 707 4277 ipsa
721 4195 854 4270 differat,
880 4202 1026 4274 qnatenus
1041 4201 1128 4255 extra
1146 4194 1223 4254 hanc
1237 4188 1524 4253 demonstrationem

162 4291 381 4352 consideratur.
427 4287 470 4349 Et
492 4285 642 4360 vicissim,
673 4285 827 4364 quaelibet
848 4283 1039 4367 hypothesis,
1074 4282 1101 4343 si
1125 4289 1266 4343 accurate
1290 4278 1522 4351 consideremus,

161 4381 313 4459 propriam
345 4397 399 4439 nec
418 4376 473 4439 ulli
496 4375 549 4437 alii
572 4373 733 4456 hypothesi
757 4374 942 4433 commn'nem
972 4372 1092 4451 penitus
1120 4369 1259 4449 producit
1290 4366 1521 4429 conclusionem.

161 4469 227 4531 Nec
251 4468 314 4530 fieri
336 4473 438 4546 potest
456 4466 486 4527 in
511 4462 710 4535 astronomia,
736 4470 771 4522 ut
793 4480 832 4520 ex
855 4461 935 4522 omni
957 4469 1043 4540 parte
1068 4478 1170 4520 verum
1194 4456 1251 4533 sit,
1281 4457 1359 4537 quod
1383 4454 1525 4516 extales

161 4557 300 4637 primitus
323 4555 484 4639 hypothesi
508 4554 564 4616 init
586 4558 770 4613 extructum:
796 4555 826 4609 et
850 4549 975 4637 proinde
992 4548 1207 4631 hypothesibus
1231 4546 1287 4607 hoc
1302 4552 1350 4606 est
1370 4544 1523 4623 proprium

164 4648 207 4721 (si
230 4647 330 4708 ideam
352 4647 501 4725 fingamus
525 4643 673 4723 justarum
703 4637 946 4720 hypothesium),
975 4645 1009 4699 nt
1036 4636 1098 4697 sint
1120 4635 1309 4715 undiquaque
1332 4649 1439 4695 verae:
1469 4650 1524 4693 nec

164 4743 214 4798 est
243 4734 424 4810 astronomi,
465 4731 610 4794 scientem
643 4729 739 4791 falsas
772 4744 940 4807 supponere
977 4727 1025 4788 vel
1055 4724 1212 4805 ingeniose
1249 4723 1395 4785 confictas
1424 4721 1522 4805 hypo-

163 4825 278 4897 theses,
301 4833 335 4886 ut
359 4842 398 4885 ex
421 4822 459 4884 iis
483 4828 582 4883 motus
605 4819 755 4881 coelestes
780 4817 977 4877 demonstret.

251 4914 322 4975 Jarn
344 4913 416 4976 Ursi
439 4911 587 4973 absurdas
610 4906 779 4971 sententias
801 4903 958 4986 paulisper
986 4902 1199 4983 expendamus.
1246 4901 1347 4962 Primo
1370 4901 1522 4982 hypothe·
1604 4934 1607 4941 ,

217 5019 306 5071 sepas
319 5017 419 5068 opens
1278 5003 1311 5057 lt
