3609 5634
707 391 743 442 us
761 392 834 442 aaa
853 393 1016 460 morona..
1235 326 1238 332 Ι
1478 394 1543 478 357

179 551 209 613 si
233 558 268 612 to
290 548 447 630 intelligis,
472 547 609 630 Oedipus
632 549 705 613 mibi
728 559 810 626 esto,
833 551 899 630 ipse
923 571 981 613 noo
1006 552 1152 634 intelligo,
1176 573 1232 616 nec
1250 554 1373 636 scripsi,
1398 562 1432 618 nt
1454 556 1541 637 lege-

180 647 297 711 rentur,
319 639 374 700 sed
397 646 432 700 ut
454 657 501 700 me
525 658 697 702 exercerem
720 660 780 702 uns
801 641 880 703 vice.
926 639 1068 704 Extorsit
1090 641 1230 705 Schelius
1253 642 1441 706 mirabiliter.

253 745 376 801 Tandem,
396 744 546 795 concludens
565 745 688 810 Kepiaras
705 745 753 796 has
770 745 855 796 literas
872 746 996 813 longiores
1015 745 1064 810 (to
1081 749 1231 814 paginarum
1254 750 1280 798 iu
1298 745 1383 811 tolio).
1409 749 1442 800 ad
1465 764 1541 814 quas·
1606 746 1610 751 ’

181 819 290 868 :donem
318 817 510 866 astronomicam
536 817 788 881 respondit·Fabricii
807 815 908 879 („Scirs
933 819 1020 883 euplo,
1046 833 1080 870 an
1097 818 1239 884 hypothesis
1259 812 1284 885 Ω
1311 814 1377 884 etQ
1402 819 1435 871 ad
1457 836 1542 871 serum

179 895 277 939 mom
295 886 360 938 Solis
382 888 463 951 potius
481 888 627 951 respondere
651 888 743 938 debeat
760 895 802 938 tuo
825 889 934 950 iudicio,
960 895 989 940 ut
1013 893 1163 955 superiores,
1184 887 1229 941 'sel
1255 890 1288 941 ad
1312 891 1420 941 medium
1436 899 1540 942 motum.

180 957 292 1021 Quaeso,
311 959 345 1008 sni
363 959 575 1022 praestantissime
594 967 620 1007 et
637 959 709 1007 simul
729 960 899 1009 amantissime
918 961 1042 1025 Ksplere,
1069 976 1113 1025 pro
1132 961 1243 1012 Uranics
1261 963 1373 1012 amicitia
1389 964 1540 1026 respondeas

180 1032 216 1081 ad
233 1032 392 1094 quaestiones
410 1029 510 1078 dirersis
528 1030 769 1094 literis'propositas.
807 1029 849 1081 Sic
872 1045 913 1081 me
931 1032 1061 1095 plurimum
1083 1032 1180 1094 jurabis
1199 1040 1225 1083 st
1247 1048 1287 1082 ms
1310 1033 1343 1084 ad
1361 1034 1445 1082 omnia
1469 1034 1540 1085 alac·

107 1166 111 1170 ῃ
178 1104 270 1152 riorem
293 1101 389 1152 reddas.
428 1100 467 1150 ‘Fu
485 1101 545 1151 mibi
571 1103 605 1150 sis
622 1101 725 1164 Apollo,
753 1108 782 1151 tu
802 1101 932 1164 Cynosura
949 1113 1018 1160 esto,
1044 1108 1072 1152 tu
1090 1103 1187 1164 oculus,
1214 1110 1242 1154 tn
1260 1104 1362 1154 baculus
1386 1118 1456 1153 meus
1476 1112 1538 1155 esto.

179 1172 271 1223 Nullus
290 1173 351 1222 mihi
370 1173 403 1221 ad
426 1174 608 1238 rotummsgis
632 1172 756 1223 mosiacit
784 1180 810 1222 et
836 1173 982 1224 satisfacere
1000 1179 1095 1237 potest,
1120 1187 1196 1239 quem
1213 1182 1249 1224 tu.
1285 1175 1455 1239 Vale-igitur,
1482 1179 1539 1241 siga

180 1251 209 1293 et
227 1244 302 1300 dore,
330 1250 358 1292 st
375 1243 503 1293 Mardalta
520 1243 661 1293 felicissime
680 1250 707 1292 st
725 1244 842 1294 citissime
861 1245 976 1300 absolve.
995 1251 1021 1295 et
1038 1246 1137 1308 saepius
1154 1243 1203 1294 hac
1220 1246 1357 1310 perscribe,
1385 1260 1432 1296 nec
1450 1247 1536 1297 amisi-

178 1317 243 1365 tiam
261 1315 387 1378 inceptam
405 1314 500 1370 desere,
519 1315 581 1364 forte
598 1321 654 1378 post
672 1329 765 1364 annum
782 1331 823 1366 ms
834 1331 892 1365 non
910 1316 1013 1366 babebis
1031 1317 1204 1380 superstitsmr
1233 1316 1259 1378 ό
1279 1317 1380 1367 duecte
1398 1330 1458 1382 pras
1478 1317 1536 1368 fori·

178 1387 241 1437 bus!
278 1385 348 1435 Deus
365 1385 425 1434 mibi
444 1386 521 1434 adsit!
557 1386 663 1435 Amen.“
1283 1441 1287 1448 ¹

253 1455 280 1506 ².
299 1453 367 1518 (12.)
386 1457 445 1520 Apr.
465 1454 544 1506 1605.
564 1456 666 1507 Oatslae
684 1457 824 1506 Frisiorum.
1028 1457 1099 1508 Tuas
1116 1456 1293 1508 Praestantiae
1311 1458 1502 1510 smdiosissisnus

1036 1529 1041 1544 ⁸
1147 1528 1181 1579 D.
1200 1530 1377 1580 Fabricius.

268 1624 309 1675 Ad
327 1623 391 1675 baec
409 1638 467 1689 ergo
487 1615 692 1695 Keplerus:
726 1617 840 1678 Verum
870 1616 952 1679 Solis
981 1625 1092 1678 motum
1121 1636 1177 1695 ego
1205 1638 1261 1698 per
1287 1619 1389 1679 omnia
1416 1637 1535 1699 sequor,

179 1706 274 1768 etiam
296 1704 327 1766 in
350 1705 471 1766 Venere
495 1712 528 1765 et
550 1705 708 1781 Mercurio,
733 1724 788 1767 ceu
811 1705 964 1768 Ariadnes
987 1706 1079 1768 filum.
1125 1705 1204 1768 Nam
1227 1726 1293 1769 cum
1312 1707 1442 1769 medium
1456 1707 1534 1769 Pto-

177 1794 312 1856 lemaeus
337 1800 520 1872 sequeretur,
546 1812 620 1873 opus
644 1794 702 1873 ipsi
726 1795 782 1856 fuit
803 1802 964 1874 praeterea
986 1794 1131 1877 epicyclio
1150 1814 1203 1857 sen
1218 1804 1479 1859 eccentreccentro
1498 1796 1536 1858 ob
1568 1855 1572 1860 .

178 1889 361 1964 sequentem
384 1880 466 1943 Solis
490 1881 669 1960 ignoratum.

266 1972 369 2051 Atque
383 1970 428 2031 ita
450 1970 500 2031 vel
522 1971 647 2032 tandem
660 1971 738 2032 vale.
781 1969 897 2049 Scripsi
917 1970 966 2033 li.
983 1970 1053 2033 Oct.
1073 1967 1168 2035 1605.
1219 1970 1330 2034 Saluta
1344 1972 1381 2034 D.
1401 1971 1534 2035 Cancel-

180 2060 297 2122 larium.
344 2058 449 2120 Scribe
474 2059 564 2121 situm
588 2057 715 2120 Ostelae
739 2059 777 2119 ad
801 2058 944 2135 Emdam,
969 2057 1111 2122 Auricum
1135 2061 1190 2122 duc.
1220 2069 1251 2122 et
1274 2062 1359 2122 mitte
1384 2062 1536 2124 crastinae

180 2148 304 2230 eclipsis
327 2148 500 2209 observata.
1221 2149 1293 2212 Jot
1316 2148 1445 2232 Kepler.

256 2253 401 2310 Proximas,
429 2267 494 2317 quse
512 2252 559 2302 bas
586 2251 735 2302 subsecutas
758 2258 816 2301 snut
841 2252 929 2302 literas
947 2251 1050 2318 Keplsrl
1071 2254 1148 2304 datas
1166 2254 1191 2304 d.
1207 2253 1229 2303 l.
1242 2258 1309 2320 Aug.
1330 2253 1407 2304 root.
1427 2259 1537 2307 maxima

180 2341 212 2376 ea
229 2331 301 2389 parte
319 2323 408 2374 Marsis
426 2324 547 2373 theoriam
567 2324 684 2380 attinent,
702 2337 779 2388 qnare
796 2323 842 2372 has
860 2324 908 2373 boc
925 2324 980 2373 loco
998 2328 1225 2387 praetermittentes
1242 2328 1375 2376 transimus
1390 2327 1423 2376 ad
1435 2326 1536 2377 ultimas

179 2411 197 2446 a
214 2396 324 2460 Keplero
343 2396 375 2444 ad
393 2395 533 2444 Fabricium
552 2394 625 2443 datas
644 2392 667 2442 d.
688 2393 729 2442 10.
748 2393 812 2443 Nos.
836 2391 911 2451 1608,
931 2410 945 2444 s
964 2396 1050 2459 quibus
1068 2411 1151 2460 pauca
1167 2397 1216 2447 hnc
1236 2397 1369 2447 referenda
1386 2405 1453 2448 sunt.
1484 2398 1534 2447 lni-

178 2469 241 2517 tium
258 2466 422 2530 respondendi
440 2466 502 2514 tacit
521 2465 553 2514 ad
570 2465 655 2514 literas
675 2465 780 2513 Fabricii
800 2465 823 2515 d.
844 2466 867 2514 d.
887 2463 912 2513 2.
933 2463 1001 2528 (12.)
1022 2466 1077 2517 Oct.
1100 2464 1180 2526 1608,
1205 2470 1231 2517 in
1250 2469 1338 2533 quibus
1355 2468 1423 2519 baud
1440 2483 1535 2534 pancas

179 2538 383 2603 deprehendimus
401 2537 559 2601 quaestiones
580 2536 612 2585 ad
632 2536 791 2599 astrologiam
808 2537 970 2599 pertinentes,
989 2538 1113 2588 scribens:

270 2626 357 2698 Quod
383 2635 524 2706 aspectus
548 2634 711 2705 operantur
734 2625 763 2686 in
786 2625 860 2705 ipsis
884 2628 1014 2706 punctis,
1039 2626 1078 2698 id,
1103 2626 1157 2699 ais,
1184 2644 1252 2687 esse
1275 2625 1417 2690 indicium
1439 2646 1534 2707 pecn-

180 2716 264 2779 liaris
289 2716 484 2778 ordinationis
507 2714 576 2776 Dei.
624 2712 691 2784 Quo
715 2714 815 2775 verius
839 2714 944 2776 dixisti
968 2713 1205 2794 theologice,
1241 2715 1297 2776 hoc
1321 2716 1417 2777 minus
1442 2735 1533 2778 accu-

180 2813 247 2868 rate
271 2806 308 2866 ad
331 2803 511 2888 physicas
535 2804 628 2883 leges.
676 2802 751 2864 Levi
776 2805 986 2864 emendatione
1017 2802 1110 2864 coibit
1141 2810 1194 2864 tua
1217 2805 1456 2865 sententiarum
1478 2824 1534 2866 ve·

183 2894 283 2956 ritate.
339 2893 484 2955 Iudicium
518 2901 565 2952 est
591 2891 749 2967 nimiruum,
785 2910 842 2953 non
876 2912 943 2953 esse
974 2891 1161 2952 materialem
1198 2892 1419 2966 conditionem,
1457 2912 1533 2972 quas

183 2992 338 3062 aspectum
361 2981 557 3056 determinat,
583 2980 660 3042 sicut
684 2988 732 3042 est
755 2981 921 3041 materialis
945 2980 1096 3055 conditio,
1121 2999 1197 3060 quae
1222 2980 1403 3042 determinat
1425 2999 1535 3060 opera·

182 3072 295 3133 tionem
318 3071 394 3133 radii
411 3068 502 3142 Solis,
523 3069 640 3131 scilicet
664 3078 747 3131 recta
771 3068 891 3148 objecta
906 3069 1016 3130 Terrae
1037 3069 1219 3149 superficies.
1266 3070 1347 3133 Nam
1367 3069 1535 3150 quominus

179 3168 265 3228 recte¹
286 3160 405 3239 objecta
429 3166 477 3219 est
501 3158 603 3238 aliqua
626 3156 809 3237 superficies,
834 3159 890 3219 hoc
906 3158 1003 3219 miuus
1027 3159 1135 3219 efficax
1151 3166 1199 3218 est
1213 3158 1291 3219 ictus
1315 3159 1391 3219 radii
1408 3158 1533 3221 Solaris.

179 3248 242 3311 Sed
265 3258 372 3310 contra
397 3248 426 3309 in
452 3247 641 3326 aspectibus,
675 3247 824 3326 quianon
850 3247 1082 3328 aequiparantur·
1110 3246 1155 3308 illi
1180 3246 1337 3308 continnae
1362 3247 1534 3328 quantitati,

179 3337 233 3398 sed
260 3338 361 3416 potius
390 3336 553 3409 discretae,
588 3354 645 3396 non
675 3344 800 3415 agentes
829 3337 928 3414 magis
957 3343 988 3396 et
1016 3334 1113 3397 minus
1141 3331 1195 3416 pro
1224 3337 1328 3415 majori
1356 3338 1404 3398 vel
1428 3337 1535 3399 minori

180 3426 373 3488 inclinatione
397 3426 520 3486 duorum
535 3425 694 3501 radiorum,
719 3424 785 3485 ideo
806 3425 952 3498 indicant,
977 3424 1073 3487 Deum
1089 3426 1246 3487 ordinasse
1261 3425 1424 3487 facultates
1440 3446 1534 3507 qnas-

183 3516 252 3576 dam
278 3514 423 3575 animales
447 3514 477 3575 in
502 3513 549 3574 bis
569 3513 682 3589 Terris,
705 3514 816 3575 mentis
840 3515 1059 3595 quodammodo
1083 3514 1247 3594 participes
1265 3514 1304 3574 ad
1327 3513 1536 3592 percipiendas

178 3603 379 3684 geometricas
405 3602 653 3683 pulchritudines,
679 3622 732 3664 seu
757 3604 848 3663 etiarn
873 3602 1059 3684 quantitates
1075 3602 1235 3676 discretas,
1260 3601 1366 3681 quibus
1381 3602 1533 3682 perceptis

178 3694 263 3772 ipsae
287 3701 392 3754 essent
414 3710 560 3771 operosae
586 3692 614 3752 in
640 3691 821 3752 excudendis
844 3691 1017 3769 vaporibus.
1064 3691 1148 3752 Haec
1177 3697 1226 3751 est
1248 3689 1339 3769 igitur
1362 3690 1416 3752 illa
1438 3710 1532 3771 pecu-

178 3782 261 3843 liaris
284 3781 341 3842 Dei
365 3781 523 3855 ordinatio,
550 3781 712 3842 facultates
737 3780 806 3840 illae
831 3789 902 3840 sunt
924 3779 1072 3858 imagines
1091 3779 1158 3854 Dei,
1183 3778 1383 3859 percipientes
1407 3797 1532 3859 geome-

177 3870 287 3938 tricam
309 3869 569 3950 pulchritudinem,
591 3876 624 3929 ut
646 3868 739 3929 Deua.

264 3967 375 4018 Deinde:
399 3958 595 4038 Astrologica
608 3956 770 4037 interjicis:
797 3956 844 4035 qui
859 3955 985 4036 planeta
1008 3955 1046 4015 ab
1070 3953 1129 4016 alio
1144 3955 1288 4035 patiatur,
1314 3975 1352 4016 an
1372 3957 1422 4036 qui
1435 3955 1532 4019 minor

176 4056 209 4108 et
232 4047 396 4124 obscurior,
422 4067 459 4108 an
483 4065 555 4108 vero
579 4046 629 4125 qni
652 4045 793 4108 inferior?
838 4044 906 4124 Ego
931 4042 1127 4123 astrologiam
1150 4042 1229 4106 inter
1252 4045 1415 4106 facultates
1430 4051 1529 4107 terre-

175 4143 256 4198 stres
280 4156 416 4198 exerceo.
469 4136 503 4197 In
528 4127 623 4196 coelo
637 4135 718 4195 nulla
743 4144 790 4197 est
812 4142 916 4198 mutua
938 4133 1051 4213 passio,
1077 4134 1131 4195 sed
1154 4133 1184 4193 in
1199 4133 1396 4210 imaginativa
1411 4135 1531 4195 occulta

175 4226 372 4286 nascentium.
420 4222 481 4286 Sed
505 4224 627 4304 propius
656 4225 694 4285 ad
717 4224 866 4303 principia
890 4223 1085 4301 astrologica.
1133 4220 1352 4300 Significatoris
1381 4229 1429 4281 est
1453 4221 1528 4302 pati,

175 4314 366 4391 promissoris
390 4333 490 4394 agere.
537 4312 619 4392 Ergo
644 4332 709 4373 com
733 4313 762 4374 iu
787 4312 898 4373 saniori
923 4310 1089 4390 astrologia
1112 4310 1331 4389 significatores
1361 4310 1433 4370 nulli
1457 4310 1527 4379 sint,

174 4402 232 4463 nisi
256 4402 323 4478 Sol,
357 4403 457 4478 Luna,
489 4402 618 4464 medium
642 4401 732 4471 coeli,
766 4401 947 4474 ascendens,
972 4399 1028 4461 soli
1052 4399 1143 4479 igitur
1170 4398 1209 4459 bi⁴
1224 4397 1386 4480 patientur.
1432 4398 1529 4461 Simul

172 4499 272 4553 tamen
298 4501 328 4552 et
352 4491 406 4554 Sol
430 4500 461 4554 et
485 4492 573 4553 Luna
596 4498 688 4570 agent
710 4490 738 4551 in
764 4490 978 4551 ascendentem
1002 4495 1033 4549 et
1055 4488 1184 4549 medium
1208 4487 1300 4558 coeli,
1325 4487 1396 4568 qnia
1418 4487 1472 4553 Sol
1496 4499 1528 4553 et

172 4579 259 4642 Luna
283 4589 353 4643 sunt
376 4581 468 4642 etiam
491 4579 700 4661 promissores.

215 4687 357 4820 29Ιέἷιιίςιιο
375 4688 488 4737 Fabricio
508 4684 696 4752 ,prognostios“
716 4685 812 4749 petenti
830 4683 947 4740 condat,
966 4695 999 4731 sa
1025 4681 1178 4732 conscribere
1193 4696 1229 4772 ἕο
1255 4682 1414 4733 intermisisse
1433 4682 1524 4751 (comp.

170 4773 195 4823 p.
282 4793 289 4807 .

241 4847 352 4898 Ultimae
370 4846 519 4896 Fabricii
538 4846 625 4895 literae
645 4843 676 4893 sd
689 4844 825 4907 Keplerum
843 4841 920 4891 datae
938 4847 997 4890 sunt
1014 4840 1038 4889 d.
1059 4838 1099 4889 12.
1121 4838 1275 4902 (22.)Mart.
1297 4838 1375 4900 1609,
1395 4857 1408 4893 s
1426 4845 1521 4908 quibus,

170 4925 198 4968 ut
207 4918 281 4986 buius
292 4918 419 4968 literarum
432 4919 572 4972 commercii
583 4918 658 4968 finem
669 4916 799 4970 iaciamus,
817 4912 882 4964 haec
893 4926 978 4979 pauca
990 4911 1164 4964 desumsimnsr
1184 4926 1239 4979 ego,
1251 4914 1339 4980 inquit,
1358 4920 1427 4978 puto,
1440 4914 1522 4969 Deum
