3609 5634
678 403 709 454 o·
727 403 799 453 esse
817 405 981 470 armrogres.
1450 401 1516 489 ³5⁵.

156 557 346 638 impossibile
370 578 409 621 ex
423 562 508 624 coelo
522 562 697 642 praedicere
711 572 829 639 ventos,
854 564 911 625 nisi
932 583 1055 640 annuos,
1080 581 1138 624 nou
1162 563 1244 643 prius
1259 563 1382 642 cognita
1397 565 1517 627 interna

159 647 313 727 qualitate
338 651 538 729 quarumlibet
571 660 732 727 terrarum,
764 661 798 714 ut
821 653 968 727 sciemus,
1002 671 1059 733 quo
1088 661 1222 732 tempore
1247 649 1372 731 quilibet
1398 649 1516 716 tractus

160 735 298 798 abundet
321 738 454 800 humore.
502 739 547 800 Tn
570 759 641 802 vero
665 742 785 821 quaeris
809 744 971 804 etiamnum
995 760 1061 803 curn
1082 740 1256 821 vulgaribus
1280 742 1453 821 astrologis,
1477 762 1516 804 an

159 825 237 886 certi
260 826 402 904 planetae
427 835 576 892 certorum
605 830 666 891 siut
688 838 844 893 ventorum
875 838 1022 904 motores‚
1053 829 1138 911 quasi
1169 829 1298 890 influxus
1326 831 1518 908 planetarum

158 923 223 974 tam
238 914 301 975 siut
314 916 515 995 particulares
540 926 572 979 et
591 938 692 980 curam
708 929 803 998 agant
822 919 1033 981 distinctarum
1054 920 1165 979 Terrae
1180 917 1323 998 partium.
1370 917 1518 999 Equidem

160 1009 226 1063 tam
257 1012 306 1065 est
331 1022 427 1084 parra
450 1005 570 1082 Tellus,
604 1014 667 1068 tam
696 1016 813 1070 remota
835 1009 911 1070 haec
934 1015 1053 1083 nostra,
1079 1024 1154 1087 quae
1177 1007 1261 1080 fiunt,
1287 1027 1306 1066 a
1328 1006 1518 1085 planetarum

161 1092 318 1166 sensibus,
352 1094 378 1155 si
403 1112 477 1174 quos
500 1093 544 1157 illi
567 1095 696 1168 habent,
729 1104 763 1158 ut
786 1097 904 1159 omuino
927 1096 1011 1157 Deos
1034 1114 1102 1157 ease
1126 1112 1251 1156 necesse
1276 1094 1332 1169 sit,
1364 1095 1390 1156 si
1413 1096 1519 1157 harum

161 1199 263 1242 rerum
295 1182 409 1243 habent
437 1184 586 1245 notitiam.
633 1185 713 1246 Nam
741 1185 806 1247 sine
834 1185 945 1249 notitia
969 1184 1179 1248 administrare
1208 1184 1269 1244 ista
1297 1201 1356 1244 uon
1379 1193 1517 1262 possunt.

162 1267 269 1346 Dices,
294 1289 349 1350 per
373 1272 597 1353 sympathiam?
641 1273 717 1336 Dico
741 1293 814 1355 ego,
838 1275 951 1337 nullam
976 1292 1044 1335 esse
1068 1273 1281 1355 sympathiam,
1306 1290 1384 1351 quae
1407 1291 1466 1334 non
1488 1272 1520 1334 iu

162 1357 241 1418 haec
266 1359 323 1420 duo
347 1377 462 1438 genera
485 1362 589 1435 cadat,
620 1382 775 1444 corporum
805 1372 837 1425 et
861 1365 1034 1424 animorum.
1082 1361 1264 1442 Sympathia
1292 1361 1371 1422 iuter
1393 1379 1521 1441 corpora

165 1454 215 1507 est
239 1450 424 1527 magnetica,
460 1459 493 1510 ut
522 1470 615 1512 causa
644 1453 700 1513 loci
723 1460 755 1513 et
779 1454 922 1533 temporis
950 1451 1031 1512 idern
1059 1451 1112 1512 fiat
1142 1451 1178 1511 de
1212 1467 1284 1523 uno,
1315 1450 1393 1529 quod
1421 1451 1456 1512 fit
1483 1451 1520 1511 de

117 1537 122 1546 ’
166 1536 281 1607 altero,
310 1546 344 1598 ut
371 1556 516 1600 converso
548 1549 688 1619 magnete
720 1541 829 1603 ferrum
854 1559 970 1622 quoque
998 1547 1200 1601 convertatur.
1247 1539 1292 1600 At
1315 1538 1413 1618 qualis
1437 1557 1520 1620 sym·

167 1624 284 1702 pathia,
310 1635 352 1700 ut,
378 1646 443 1688 curn
467 1628 592 1707 planeta
616 1629 764 1710 quispiam
779 1639 925 1710 perpetuo
939 1637 1105 1702 moveatur,
1130 1634 1238 1687 ventus
1261 1628 1354 1707 ipsius
1373 1627 1523 1689 interdum

169 1713 284 1774 saltem
307 1715 494 1795 consurgat?
541 1715 574 1778 si
590 1719 687 1799 quoad
703 1719 809 1780 directi
833 1720 880 1780 vel
897 1717 1066 1797 retrogradi
1090 1723 1162 1777 sunt
1184 1716 1341 1794 planetae,
1365 1725 1524 1777 ventorum

165 1803 355 1882 propriorum
370 1805 462 1867 flatus
478 1805 622 1867 durarent
636 1807 736 1881 iidem,
760 1815 831 1869 tuuc
855 1807 931 1868 haec
946 1813 1029 1867 esset
1051 1804 1234 1887 sympathia.
1281 1803 1391 1865 Altera
1405 1804 1524 1866 animo·

172 1910 240 1952 rum
263 1893 436 1973 sympathia
459 1901 530 1954 tunc
554 1895 582 1955 iu
607 1896 706 1957 ventis
728 1897 826 1957 locum
850 1896 956 1966 habet,
984 1913 1051 1958 curn
1074 1907 1127 1955 aut
1148 1891 1280 1974 planetis
1303 1892 1446 1973 relinquis
1468 1911 1526 1954 no·

167 1979 268 2041 titiam
291 1989 458 2056 ventorum,
483 1992 537 2044 aut
561 1982 674 2045 Terrae
697 1983 837 2046 notitiam
862 1993 1049 2063 aspectuum.
1094 1982 1184 2060 Elige
1208 1988 1307 2042 utrum
1324 1980 1412 2043 velis.
1457 1980 1525 2062 Ego

167 2067 197 2129 in
222 2070 376 2130 sententia
400 2090 520 2145 maneo,
546 2072 575 2133 in
600 2073 720 2135 Tellure
745 2093 812 2135 esse
837 2074 1015 2134 facultatem
1040 2080 1215 2151 aspectuum
1237 2070 1468 2149 perceptricem‚
1494 2077 1526 2131 et

168 2157 289 2238 quoties
314 2159 449 2220 incidunt
472 2169 624 2240 aspectus,
648 2161 829 2223 naturaliter
852 2159 993 2241 instigari
1017 2160 1094 2221 hanc
1114 2160 1153 2221 ad
1169 2158 1374 2219 exsudandum
1393 2159 1423 2218 id
1447 2157 1526 2240 qnod

167 2244 273 2318 habet,
298 2265 357 2326 qua
379 2257 468 2328 parte
492 2249 593 2310 habet.
641 2249 788 2312 Sudorem
810 2250 914 2330 pluvia
936 2250 1003 2328 ejus
1027 2248 1101 2324 loci,
1134 2247 1266 2327 pluviam
1289 2246 1371 2307 venti
1395 2246 1525 2308 circum-

170 2335 252 2396 circa
283 2345 463 2417 sequuntur,
497 2347 605 2400 ventos
637 2338 913 2419 circumjacentium
941 2338 1097 2416 regionum
1126 2342 1303 2414 tempestas.
1349 2334 1394 2396 Ut
1425 2344 1526 2397 sutem

171 2419 269 2485 Terra
283 2424 366 2485 intus
384 2426 451 2505 jam
466 2424 599 2496 humeat,
618 2427 684 2506 jam
709 2435 805 2503 areat,
829 2445 887 2488 non
911 2426 1008 2506 magia
1032 2443 1070 2486 ex
1085 2425 1170 2486 coelo
1194 2432 1252 2496 est,
1276 2439 1365 2502 quam
1381 2430 1415 2484 ut
1437 2423 1525 2484 homo

171 2512 236 2592 jam
260 2513 362 2589 sitiat,
393 2515 458 2593 jam
482 2514 581 2590 bibat,
609 2517 672 2597 jam
696 2517 843 2596 quiescat.
889 2514 1046 2594 Perpende
1075 2523 1176 2575 tamen
1200 2511 1270 2572 hoo:
1304 2509 1389 2571 venti
1411 2511 1526 2573 eminus

175 2601 373 2664 advenientes
396 2622 537 2666 serenare
560 2604 715 2667 ridentur:
745 2605 795 2684 qui
818 2622 889 2665 vero
912 2602 1031 2682 pluvias
1056 2603 1192 2675 afferunt,
1217 2618 1234 2661 e
1256 2599 1422 2679 propinquo
1446 2599 1526 2663 oriri.

174 2689 254 2751 Hinc
283 2690 446 2753 orientales
470 2692 582 2767 sereni,
617 2694 687 2774 quia
710 2695 833 2756 eminus.
881 2691 1020 2767 Emiuus,
1052 2691 1122 2772 quia
1151 2712 1169 2752 a
1197 2688 1271 2752 locis
1300 2687 1460 2750 humilibus
1488 2688 1527 2750 ad

50 2845 59 2856 ,
175 2780 305 2853 altiora,
341 2779 369 2841 iu
403 2789 469 2842 tota
493 2782 612 2862 quidem
644 2802 719 2862 pene
743 2783 878 2862 Europa,
911 2781 1060 2860 etiamque
1084 2780 1113 2841 in
1131 2778 1288 2843 Amerina.
1336 2774 1528 2839 Contrarium

173 2868 203 2931 iu
229 2867 399 2943 Lusitania,
426 2870 466 2931 ibi
491 2872 568 2932 enim
592 2872 794 2934 occidentales
819 2889 960 2932 serenare
984 2888 1109 2931 necesse
1133 2876 1226 2940 esset,
1250 2885 1315 2927 cum
1330 2867 1430 2946 magni
1444 2865 1527 2928 fluvii

175 2957 204 3019 iu
232 2957 418 3018 occidentem
444 2960 592 3033 ferantur,
617 2961 715 3022 etsie
739 2959 880 3021 occiduae
903 2967 1007 3040 partes
1031 2966 1102 3020 sunt
1125 2956 1237 3018 ordinis
1261 2954 1436 3016 humilioris.
1484 2956 1529 3016 At

175 3046 204 3108 iu
229 3053 296 3107 tota
310 3046 428 3127 reliqua
441 3047 563 3129 Europa
586 3047 791 3111 occidentales
810 3058 880 3111 suut
902 3047 1012 3127 pluvii:
1041 3047 1111 3128 quia
1132 3041 1303 3126 ponderosi,
1328 3061 1395 3104 cum
1419 3043 1526 3104 devol-

175 3144 287 3197 vantur
309 3153 364 3214 per
387 3136 528 3211 declivia,
555 3138 718 3200 orientales
742 3138 841 3211 leves,
866 3139 917 3217 qui
940 3136 1157 3217 quodammodo
1181 3133 1358 3196 ascendunt
1404 3132 1527 3194 Ponde-

175 3244 246 3286 rosa
274 3233 374 3286 autem
407 3234 439 3285 et
462 3226 605 3288 devoluta
636 3246 653 3287 e
683 3226 848 3307 propinquo
880 3226 983 3286 venire
1010 3243 1135 3286 necesse
1166 3230 1224 3285 est
1269 3221 1380 3283 Adhuc
1408 3220 1527 3301 quidem

174 3312 291 3376 somnio
299 3332 309 3388 ;
342 3314 456 3395 poterit
490 3314 544 3377 hoc
573 3315 670 3377 excoli
702 3316 760 3378 alio
790 3324 935 3394 tempore.
982 3313 1071 3375 Adde
1105 3321 1206 3375 tamen
1230 3319 1262 3372 et
1284 3311 1356 3383 hoc,
1389 3309 1528 3372 boreales

175 3421 331 3476 serenare,
363 3403 412 3483 qui
446 3403 484 3465 ad
512 3404 588 3466 haec
616 3404 836 3484 mediterranea
866 3404 957 3466 etiam
982 3401 1198 3483 quodammodo
1227 3399 1404 3461 ascendunt.
1450 3399 1529 3460 Item

174 3491 241 3565 hoe,
267 3511 286 3552 a
309 3490 422 3552 nivosis
445 3491 617 3572 regionibus
641 3494 724 3555 venti
746 3492 909 3573 longinqui,
934 3501 968 3553 ut
991 3492 1030 3554 ab
1050 3492 1210 3553 Americae
1234 3487 1395 3561 montibus,
1420 3507 1439 3547 a
1462 3488 1528 3549 Lu·

175 3599 232 3641 uae
256 3578 408 3641 montibus
432 3580 461 3641 iu
485 3581 602 3656 Africa,
628 3603 646 3643 a
669 3581 816 3661 Rhodope
837 3581 985 3643 Thraciae
1018 3580 1133 3642 etesiae
1154 3577 1348 3650 Graecorum,
1373 3595 1393 3635 a
1414 3575 1529 3637 nivosis

175 3667 296 3751 Styriae
327 3669 479 3731 montibus
508 3671 590 3731 venti
623 3670 652 3732 in
676 3672 860 3751 planitiebus
885 3668 1052 3750 Ungariae,
1087 3668 1125 3730 ab
1149 3664 1310 3745 Apennino
1343 3669 1375 3724 et
1397 3662 1552 3746 Alpibus.

62 3839 67 3844 .
177 3758 289 3820 nivosis
314 3758 407 3837 gelidi
429 3758 474 3820 illi
492 3759 585 3835 renti,
611 3768 731 3822 aestate
756 3755 941 3836 anui1603,
967 3766 1000 3820 ut
1024 3755 1124 3819 estin
1149 3774 1217 3816 mea
1239 3751 1438 3832 praelatione.

242 3847 333 3921 '(Ad
355 3844 404 3920 5.)
452 3844 583 3909 Causam
617 3848 788 3911 lenissimae
817 3846 923 3908 hiemis
954 3866 1012 3908 nou
1036 3845 1138 3918 miror,
1173 3843 1264 3905 miror
1293 3840 1395 3923 potius
1423 3842 1530 3902 eodem

175 3931 309 4016 tempore
333 3931 549 4016 rigidissimam
582 3937 675 3999 luisse
711 3937 840 3998 hiemem
867 3937 898 3998 iu
922 3935 1022 3998 Italia.
1069 3932 1149 4004 Quid
1179 3933 1326 4003 dicemus,
1358 3927 1418 3991 uisi
1450 3929 1529 4010 quod

174 4024 350 4104 Apenninus
374 4034 405 4086 et
428 4025 525 4106 Alpes
549 4025 770 4107 exspiraverint
792 4025 848 4086 hos
871 4031 994 4100 ventos,
1028 4022 1049 4084 ii
1073 4041 1144 4102 ergo
1174 4019 1260 4083 nobis
1284 4028 1354 4082 suut
1377 4019 1528 4080 australes

175 4113 302 4195 ideoque
326 4112 433 4188 calidi,
464 4115 552 4177 Italis
574 4133 646 4176 vero
670 4114 807 4176 boreales
831 4112 957 4195 ideoque
983 4110 1093 4193 frigidi,
1118 4109 1252 4172 simodo
1280 4126 1398 4182 verum,
1423 4125 1527 4167 ornnes

174 4202 312 4264 boreales
336 4201 473 4282 frigidos,
497 4204 648 4266 australes
672 4204 796 4266 calidos.
844 4201 979 4266 Causam
1002 4220 1112 4282 quaero
1137 4198 1276 4261 similiter
1308 4197 1338 4258 iu
1363 4194 1528 4258 visceribus

174 4291 297 4353 Terrae.
342 4291 412 4354 Nisi
436 4293 514 4354 enim
537 4292 632 4353 Terra
655 4301 718 4354 tarn
747 4292 857 4354 luisset
879 4291 1001 4353 humida
1023 4297 1088 4351 toto
1113 4295 1254 4348 autumno
1278 4284 1351 4345 anui
1373 4279 1472 4358 1604,
1497 4291 1530 4344 et

173 4379 270 4442 hieme
299 4389 446 4460 sequente
474 4399 532 4442 uou
561 4380 670 4442 luisset
699 4390 761 4442 tarn
791 4380 867 4442 lenis
891 4381 995 4441 hierus.
1044 4376 1144 4456 Tepor
1171 4374 1219 4435 hic
1248 4371 1378 4435 obtinuit
1407 4389 1474 4432 curu
1498 4371 1529 4433 in

174 4466 295 4544 Suesia,
320 4477 383 4542 tum
397 4469 437 4550 ‚in
461 4468 575 4551 Styrla,
599 4470 629 4531 iu
650 4470 788 4550 Ungaria
810 4487 881 4529 vero
906 4467 1067 4548 aliqnando
1091 4466 1220 4526 immane
1244 4462 1356 4542 lrigus,
1388 4467 1423 4521 ut
1443 4460 1530 4523 multi

173 4557 286 4620 milites
314 4557 376 4620 siut
398 4559 512 4620 amissi.
561 4555 676 4620 Contra
704 4557 910 4619 humidissima
938 4564 970 4618 et
998 4557 1060 4617 fere
1093 4570 1211 4632 semper
1238 4550 1341 4630 pluria
1373 4548 1469 4611 hiems
1498 4550 1529 4612 iu

173 4645 334 4723 Bohemia,
369 4646 538 4709 siccissima
564 4647 593 4709 in
618 4646 737 4728 Styria,
771 4655 805 4707 ut
827 4644 995 4707 diutissime
1023 4661 1083 4704 uon
1105 4641 1233 4724 pluerit,
1266 4639 1368 4719 pulvis
1392 4639 1528 4701 aestivus

173 4735 274 4799 luerit.
321 4736 409 4798 Adeo
432 4735 552 4798 variant
573 4736 636 4797 ista
657 4754 712 4816 per
734 4735 884 4815 regiones.
932 4731 1086 4812 Superiori
1100 4731 1240 4810 Augusto
1263 4728 1368 4808 primis
1396 4726 1438 4790 10
1460 4728 1528 4789 die-

173 4824 229 4886 bus
257 4825 334 4887 adeo
360 4824 464 4888 valida
493 4824 551 4887 luit
578 4824 752 4895 commotio,
782 4824 858 4885 adeo
886 4821 1061 4902 prodigiosa
1087 4817 1243 4881 inundatio
1267 4821 1396 4881 omniurn
1419 4818 1529 4881 fluvio-

173 4931 249 4991 rum,
275 4914 325 4995 qui
348 4935 368 4976 a
390 4913 541 4977 montibus
555 4913 705 4998 Styriacie
728 4914 873 4989 oriuntur,
896 4918 932 4974 ut
954 4912 1105 4976 homiuum
1127 4907 1455 5047 memoriqqr*suporet
1493 4907 1530 4968 In
