3609 5634
273 328 337 406 118
676 395 680 410 ,
782 329 894 396 Mrm'l
914 331 1114 399 (ΜΨ-ΡΜ

272 490 330 554 luoc
353 489 474 556 circello
497 491 566 553 dein
591 489 631 552 sd
654 489 780 555 Saturni
810 490 1056 571 amplitudinem,
1091 500 1124 555 et
1150 491 1189 554 ab
1216 490 1274 556 bae
1296 490 1337 554 ad
1359 490 1485 556 uranu
1507 487 1646 554 inaesti-

272 578 415 642 mabilem
439 578 630 641 altitudinem
654 580 756 641 oculos
781 580 919 654 intende,
943 588 976 641 et
999 581 1126 660 deniqne
1150 580 1310 654 conclude,
1341 588 1441 642 utrum
1463 579 1545 640 facta
1566 595 1645 640 cre-

272 667 396 747 dituque
420 666 551 743 facilius,
575 668 750 748 punctulum
775 667 847 730 illud
872 668 954 731 intra
971 669 1002 731 A
1019 669 1181 743 circellum,
1207 677 1239 731 et
1262 668 1306 731 sic
1321 667 1471 730 Tellurem
1494 666 1525 727 in
1547 682 1644 728 unam

272 757 397 837 plagam
420 757 525 831 rotari,
550 775 587 817 an
612 774 684 817 vero
706 764 804 818 totum
828 757 969 818 mnndum
992 757 1096 819 decem
1112 756 1263 820 distinctis
1277 757 1409 819 motibus
1433 755 1520 837 (quia
1533 754 1643 815 decem

273 845 313 907 ah
337 843 464 907 iurieem
487 843 580 906 soluti
603 844 708 918 orbes)
723 845 856 906 'infanda
878 845 1043 925 rapiditate
1065 846 1108 907 ire
1133 847 1162 908 in
1185 846 1308 926 plagam
1327 845 1464 919 aiteram,
1489 861 1545 905 nee
1560 861 1642 924 qno-

275 951 364 1014 qaem
386 932 444 994 nisi
468 934 507 994 ad
531 933 604 996 illud
626 933 816 1012 punctulum,
841 933 972 998 Telluris
994 933 1231 1015 imagunculam,
1263 953 1388 1014 eamque
1412 934 1508 995 solam
1530 931 1643 992 immo-

274 1020 379 1096 bilem,
404 1019 572 1101 respicere,
597 1021 668 1102 quia
690 1030 778 1098 extra
799 1023 874 1085 nibil
898 1030 955 1085 est.

749 1197 794 1261 ΙΝ
818 1197 959 1262 CAPUT
981 1196 1160 1261 PRIMUM.

801 1318 916 1370 sonan
935 1316 1114 1370 aucncaus.

352 1421 381 1490 a)
405 1425 531 1480 Occurrit
553 1425 617 1482 huic
631 1427 761 1496 scrupulo
776 1427 947 1497 Cepernicus
961 1427 1021 1497 ipse
1043 1426 1070 1479 in
1094 1425 1269 1496 praelatione
1292 1425 1327 1477 ad
1340 1423 1459 1478 Paulum
1472 1422 1519 1476 111.
1533 1421 1640 1476 Pontis,

273 1503 400 1569 nanim„
425 1506 473 1559 sed
496 1505 581 1575 paulo
604 1506 796 1576 rigidiuseule:
812 1506 891 1576 enjus
909 1506 1049 1582 ¹orationis
1071 1521 1177 1576 poenas
1199 1504 1251 1558 luit
1270 1503 1400 1574 denique,
1424 1503 1584 1573 plusquam
1600 1501 1640 1555 ‘lu
1687 1529 1697 1536 ν

272 1585 352 1639 annis
367 1586 403 1639 ab
418 1584 537 1639 editione
552 1585 615 1639 libri
630 1601 701 1655 aque
715 1593 803 1640 morte
817 1603 870 1640 sua
889 1587 1009 1657 elapsis:
1037 1602 1204 1654 ,suspensus
1219 1584 1290 1638 enirn
1305 1583 1377 1647 est,“
1406 1582 1495 1654 inquit
1508 1597 1639 1645 oensma,

276 1666 379 1727 „donee
392 1665 574 1735 corrigatur‚“
597 1664 693 1735 opinor
707 1673 801 1721 autern
814 1667 899 1722 etiam
913 1667 966 1721 hoe
980 1664 1162 1736 subintelligi,
1182 1667 1289 1718 donec
1311 1664 1527 1732 explicetur.
1563 1663 1639 1724 Quo·

273 1745 437 1799 modo'enim
451 1762 505 1798 non
519 1744 556 1798 sit
570 1746 725 1815 scripturae
742 1748 906 1809 contrarius,
928 1747 1030 1817 quippe
1041 1745 1068 1798 in
1082 1742 1400 1815 propositelongissime
1415 1742 1532 1805 diverso,
1554 1758 1639 1795 cona·

273 1830 319 1880 tus
333 1840 393 1879 snm
408 1822 555 1879 ostendere
569 1825 723 1881 rationibus
746 1832 776 1879 et
794 1827 931 1898 exemplis
954 1827 982 1882 in
997 1823 1198 1880 introductione
1212 1825 1240 1877 in
1255 1821 1458 1878 Commentaria
1471 1823 1504 1875 de
1518 1821 1639 1876 arcubus

274 1903 383 1958 Martis.
424 1904 514 1974 Ipsius
538 1906 622 1960 etiam
637 1906 780 1976 Cepernici
803 1910 890 1962 rerba
921 1905 1062 1976 explicari
1082 1903 1225 1959 dilucidius
1249 1904 1277 1956 in
1298 1904 1353 1956 llne
1376 1901 1439 1956 libri
1453 1902 1474 1957 l.
1495 1901 1661 1973 Epitomes¹

272 1984 480 2040 Astronmiae:
505 1985 602 2055 quibus
624 1986 690 2040 loeis
705 2003 787 2055 spero
800 1987 939 2059 religiosis
965 1985 1141 2040 satisfactum
1162 1984 1208 2039 iri:
1238 1984 1380 2038 dummodo
1404 1989 1434 2035 et
1455 1981 1594 2053 ingenium
1608 1987 1641 2034 et

274 2063 458 2135 cognitionem
473 2065 657 2120 astronomiae
682 2067 766 2122 talem
779 2068 881 2122 adhoc
899 2066 1033 2135 ¹judicium
1048 2066 1174 2128 afferant,
1201 2070 1234 2117 ut
1246 2063 1340 2134 gloria
1362 2062 1513 2116 divinorum
1527 2077 1641 2131 operum

275 2142 424 2197 visibilium
436 2144 558 2213 ipsorum
580 2146 733 2214 patrocinio
755 2153 816 2200 tuto
831 2147 904 2201 credi
925 2145 1024 2218 possit.
1047 2151 1056 2168 ⁶
1069 2145 1122 2198 Est
1136 2160 1203 2198 sane
1218 2143 1313 2213 aliqua
1336 2142 1434 2214 lingua
1447 2141 1509 2205 Dei,
1534 2143 1581 2194 sed
1596 2147 1643 2193 est

275 2223 359 2277 etiam
375 2223 475 2294 aliquis
490 2223 594 2295 digitus
609 2224 671 2279 Dei.
712 2226 751 2279 Et
765 2227 825 2297 quis
840 2234 927 2298 neget
940 2226 1066 2298 linguam
1079 2224 1132 2278 Dei
1148 2240 1210 2277 esse
1225 2229 1440 2293 attemperatum
1453 2229 1484 2274 et
1497 2220 1653 2291 proposito.

276 2309 325 2357 s'uo
341 2309 370 2355 et
384 2303 420 2356 ob
434 2303 461 2356 id
475 2303 589 2374 linguae
604 2305 733 2374 populari
758 2305 917 2360 hominum?
958 2307 989 2360 In
1008 2306 1090 2359 rebus
1105 2302 1192 2375 igitur
1212 2301 1422 2356 evidentissimis
1442 2307 1571 2371 torquere
1584 2299 1639 2354 Dei

276 2375 409 2452 linguam,
434 2389 467 2436 ut
480 2382 532 2437 illa
546 2382 662 2454 digitum
678 2383 730 2438 Dei
745 2385 772 2440 in
787 2392 890 2440 natura
902 2385 1017 2448 rehrtet,
1042 2383 1069 2436 id
1083 2381 1307 2455 religiosissimus
1323 2375 1436 2453 quisque
1459 2380 1577 2434 maxime
1592 2396 1640 2433 ca·

275 2460 362 2514 rebit.
397 2462 500 2534 Legat,
518 2463 561 2515 cui
576 2478 660 2517 curae
675 2470 741 2519 sunt
754 2467 851 2519 laudes
867 2464 1008 2520 Creatoris
1023 2470 1054 2517 et
1066 2462 1176 2518 Domini
1190 2462 1285 2525 nostri,
1301 2463 1391 2534 legat,
1405 2461 1525 2531 inquam,
1540 2458 1640 2513 librum

274 2557 364 2595 meum
378 2541 501 2611 quintum
516 2542 757 2599 Harmonicorum:
781 2553 812 2599 et
830 2551 966 2616 percepta
985 2550 1106 2598 moturum
1125 2542 1225 2613 politia
1245 2542 1458 2612 exquisitissime
1481 2539 1641 2595 harmonica

275 2620 413 2688 deliberet
426 2638 526 2684 secum,
547 2623 629 2677 satin'
640 2623 747 2692 justae,
772 2626 855 2679 satin¹
870 2631 1061 2696 praegnantes
1075 2639 1177 2677 cauma
1192 2622 1295 2677 fuerint
1308 2621 1454 2693 quaesitae
1468 2620 1638 2675 conciliatio·

274 2698 317 2754 nis
341 2699 412 2753 inter
434 2699 558 2771 linguam
582 2709 612 2755 et
625 2702 742 2773 digitum
755 2704 821 2767 Dei;
846 2721 919 2759 anne
940 2703 1080 2774 expediat,
1104 2719 1140 2757 ea
1162 2701 1355 2756 conciliatione
1376 2700 1524 2771 repudiata
1537 2700 1638 2753 famam

274 2779 346 2832 hanc
370 2795 484 2848 operum
503 2780 653 2835 divinorum
676 2782 889 2852 pulchritudinis
913 2784 1062 2838 immensae
1086 2782 1207 2836 censuris
1227 2781 1400 2851 opprimere;
1422 2797 1493 2851 quae
1517 2780 1592 2834 fama
1605 2787 1638 2834 ut

278 2859 313 2911 ad
326 2857 401 2911 rudis
415 2860 519 2928 populi,
535 2861 600 2931 quin
618 2860 671 2915 imo
685 2868 718 2915 ut
731 2864 766 2917 ad
780 2863 859 2934 vulgi
873 2864 1046 2918 literatorum
1066 2862 1192 2918 notitiam
1205 2860 1251 2914 rel
1266 2860 1354 2914 levem
1376 2860 1530 2931 perveniat,
1552 2858 1636 2912 nullis

277 2952 399 3007 unquam
412 2936 534 3009 imperiis
548 2939 621 2993 effici
632 2941 731 3010 possit.
773 2942 877 2997 Renuit
897 2942 1007 2997 inscitia
1029 2941 1167 3012 respicere
1182 2941 1209 2994 iu
1230 2940 1433 3003 auctoritatem,
1457 2941 1492 2993 ad
1515 2955 1639 3010 pugnam

276 3017 354 3070 ultra
366 3018 503 3085 provolat,
526 3019 600 3073 freta
612 3020 786 3075 multitudine
809 3029 840 3076 et
861 3028 939 3076 scuto
960 3021 1164 3075 consuetudinis
1185 3020 1249 3074 telis
1271 3019 1399 3074 veritatis
1422 3018 1638 3090 impenetrabili,

356 3095 439 3148 Acies
453 3113 518 3150 vero
533 3099 665 3152 dolabrae
681 3099 709 3153 in
723 3099 824 3154 ferrum
839 3102 914 3155 illisa
936 3109 1035 3171 postea
1049 3119 1099 3154 nec
1113 3100 1141 3154 in
1154 3099 1262 3171 lignum
1276 3100 1354 3153 valet
1369 3099 1495 3170 amplius.
1538 3097 1641 3168 Capiat

278 3174 332 3227 hcc
355 3172 432 3241 majus
456 3175 582 3231 interest.
601 3169 636 3244 ⁸¹)

357 3246 389 3319 b)
412 3253 536 3308 Eandem
556 3255 717 3311 instantiam
737 3258 764 3311 in
790 3258 953 3329 particulari
975 3260 1060 3313 etiam
1078 3259 1229 3329 hypothesi
1253 3257 1468 3312 eceentricitatis
1482 3256 1596 3311 dhcasai
1610 3256 1640 3310 in

278 3330 486 3385 Commentariis
499 3334 599 3389 Martis
612 3351 673 3405 cap.
689 3336 737 3390 21.
759 3338 930 3408 ostendique,
955 3341 1057 3408 quade
1071 3354 1158 3392 musa
1174 3345 1204 3394 et
1218 3347 1355 3410 quatenus
1378 3338 1452 3393 falsa
1473 3336 1639 3409 hypothesis

278 3408 415 3464 interdum
435 3427 529 3466 rerum
550 3415 659 3481 prodat.

358 3483 387 3555 c)
408 3489 533 3545 Nondum
556 3491 685 3558 sciebam,
710 3497 780 3565 quod
802 3503 902 3565 postea
925 3496 953 3550 in
967 3496 1116 3552 Commeat.
1131 3498 1231 3553 Martis
1245 3494 1447 3552 demonstrari:
1472 3496 1639 3551 anomaliam

277 3568 351 3628 orbis
374 3569 468 3638 magni
492 3587 542 3624 seu
565 3574 799 3639 commutationis,
825 3592 897 3645 quae
918 3577 1173 3647 retrogradationes
1195 3586 1343 3641 causatur,
1367 3575 1476 3631 restitui
1500 3575 1639 3646 adipsum

277 3662 372 3701 rerum
386 3646 458 3700 Solis
473 3655 575 3703 motum
589 3657 619 3704 et
633 3651 728 3705 locum.
765 3654 794 3707 ld
808 3671 874 3709 vero
889 3655 918 3711 in
931 3656 1020 3710 reteri
1034 3656 1219 3713 astronomiae
1238 3657 1327 3712 forma
1342 3656 1428 3710 multo
1443 3655 1532 3709 adhuc
1546 3654 1637 3726 magis

280 3725 373 3781 mirari
397 3732 542 3797 coguntur,
567 3729 613 3799 qui
636 3747 697 3784 eam
718 3733 848 3789 retinent.
889 3738 1022 3807 Adeoque
1046 3754 1083 3790 ex
1101 3736 1155 3791 hcc
1175 3736 1235 3807 ipso
1251 3735 1469 3791 demonstrativa
1485 3742 1637 3788 nascuntur

259 3867 263 3880 .
280 3810 454 3878 argumenta,
476 3809 731 3878 retrogradationes
747 3827 801 3865 non
816 3814 879 3868 oriri
894 3817 931 3870 ab
947 3814 1039 3887 aliquo
1054 3824 1130 3870 motu
1142 3815 1213 3872 reali
1226 3817 1272 3870 rel
1285 3818 1469 3886 planetarum,
1489 3816 1535 3868 rel
1549 3815 1636 3868 totius

280 3884 442 3956 systematis
465 3885 610 3949 coelestis,
641 3889 688 3940 sed
711 3906 749 3942 ex
769 3899 844 3946 motu
865 3895 985 3949 Telluris
1008 3896 1106 3949 unicae
1131 3913 1182 3966 per
1204 3894 1431 3968 imaginationem
1453 3895 1482 3948 in
1505 3895 1636 3964 planetas

279 3979 371 4018 omnes
387 3963 541 4018 transferri.
582 3965 668 4019 Porro
683 3970 824 4022 sententia
838 3989 969 4042 sequens:
997 3975 1119 4038 „Quibus
1135 3976 1252 4030 omnib.“
1269 3983 1323 4030 ete.
1348 3975 1500 4029 oscitanter
1514 3981 1558 4028 est
1571 3990 1635 4028 con·

279 4049 376 4112 cepta;
411 4042 465 4096 hoc
484 4043 556 4098 enim
579 4044 669 4098 disere
691 4046 832 4102 volebam:
864 4067 924 4105 cum
946 4054 975 4106 in
997 4054 1148 4124 Cepernico
1178 4062 1317 4127 appareat
1339 4056 1404 4109 ordo
1425 4053 1635 4125 pulcherrimus,

280 4122 370 4194 qualis
394 4128 439 4177 est
460 4122 533 4176 inter
556 4138 668 4178 oausam
691 4133 721 4177 et
744 4141 808 4179 suos
832 4129 955 4194 effectam,
979 4149 1091 4186 necesse
1111 4151 1181 4200 esse,
1206 4142 1237 4189 ut
1255 4134 1327 4190 haec
1341 4135 1404 4206 ipsa
1417 4134 1536 4190 sitrera
1548 4149 1637 4189 causa

277 4200 559 4273 retrogradationum‚
575 4219 657 4274 quam
667 4203 833 4274 Cepernicus
848 4207 922 4271 dicit,
937 4215 970 4262 ut
983 4226 1021 4263 sc.
1034 4211 1200 4281 hypothesis
1214 4213 1271 4269 ista
1284 4233 1339 4269 non
1353 4214 1390 4268 sit
1402 4213 1502 4269 liebus
1516 4219 1634 4269 tantuna

358 4278 390 4346 d)
414 4280 495 4344 Quia,
518 4288 552 4336 nt
568 4282 629 4352 jam
644 4281 776 4353 sequitur,
800 4301 855 4338 non
873 4292 907 4339 ut
928 4304 965 4341 ex
988 4289 1101 4356 speciali
1125 4308 1219 4347 earum
1240 4293 1464 4358 conformatione,
1489 4295 1537 4347 sed
1551 4301 1584 4347 nt
1597 4311 1636 4349 ex

278 4359 415 4431 generali,
441 4376 513 4432 quae
536 4366 582 4415 est
595 4362 746 4433 Cepernico
770 4380 830 4420 cum
844 4365 954 4420 Braheo
976 4368 1132 4432 eommunis,
1155 4375 1324 4441 quorundam
1340 4373 1578 4435 causaredditurr
1606 4379 1637 4427 at

232 4439 236 4446 '
278 4440 471 4493 nonnullorum
494 4446 588 4495 tamen
611 4458 697 4497 cause
718 4459 755 4496 ex
778 4442 820 4506 iis,
844 4450 878 4498 ut
899 4462 936 4499 ex
957 4444 1073 4514 speciali
1096 4448 1238 4518 Cepernioi
1260 4453 1398 4514 redditum
1424 4452 1497 4517 item,
1522 4450 1634 4523 quiesi

176 4543 191 4562 s
277 4517 539 4585 particularissimas
553 4517 750 4590 hypothesium
760 4521 903 4590 Cepemiei
918 4524 1086 4579 conditiones
1096 4526 1330 4601 dimensionesque
1345 4530 1533 4600 respiciamus,
1549 4547 1635 4585 causa

280 4595 457 4651 minutiarum
470 4597 664 4654 nonnullarum
678 4600 706 4653 iu
720 4600 959 4657 observationibus
980 4605 1056 4659 reddi
1075 4623 1129 4660 non
1152 4607 1256 4677 potuit,
1281 4625 1370 4680 eaque
1384 4612 1417 4662 ds
1432 4625 1518 4665 causa
1531 4610 1633 4681 (loper-

279 4674 396 4728 nioanae
418 4676 591 4746 hypotheses
615 4678 688 4732 circa
710 4679 894 4749 particularia
917 4688 974 4737 tam
998 4686 1086 4753 quom
1105 4685 1228 4751 formam,
1253 4703 1335 4762 quam
1349 4689 1439 4758 quoad
1453 4688 1634 4743 dimensiones

279 4767 298 4806 a
319 4769 362 4807 me
386 4754 487 4826 corrigi
511 4759 545 4810 ad
565 4759 765 4828 praescriptum
789 4762 1011 4816 observationum
1035 4764 1197 4818 debuerunt.
1238 4765 1299 4821 Etsi
1321 4782 1393 4838 quae
1415 4766 1444 4819 in
1466 4767 1556 4821 forma
1577 4767 1634 4821 dixi

270 4833 450 4889 emendanda
472 4834 565 4901 lubae,
590 4837 642 4892 illa
663 4837 736 4893 talia
749 4846 821 4906 sunt,
844 4846 878 4895 ut
890 4843 926 4896 ad
939 4841 1136 4915 perfectionem
1159 4844 1252 4916 potius
1273 4843 1468 4921 hypothesium
1481 4845 1633 4920 copernici,
