3609 5634
245 357 324 426 3⁸2*
374 350 380 360 '
671 359 1183 426 thaumastus-mquam

242 522 451 595 Ptolemaeum
474 518 609 581 invenies
632 518 777 582 Metineta
799 541 1017 600 maepeqpnpsu
1038 522 1268 601 (quadrantes),
1299 518 1461 600 inquibus
1485 535 1615 590 annone

248 611 438 685 (versantur)
461 609 621 687 planetae;
646 608 829 689 quadrantes
848 609 941 689 igitur
958 610 1084 672 zodiaci.
1132 608 1247 681 Quales
1271 610 1363 672 verul
1405 607 1612 685 Ἀπιιιιιιιιι,

243 701 361 777 lumea,
385 697 464 770 toa,
486 696 714 771 masam,
736 695 944 773 damiam,
966 699 1023 761 hoc
1045 706 1110 774 est,
1136 698 1174 760 ab
1197 697 1352 760 horizome
1375 696 1473 758 urtice
1498 704 1531 756 et
1552 714 1611 757 ec-

244 787 332 851 cidnn
355 788 493 866 incepta,
526 786 556 846 in
579 785 805 867 nonagesimum
828 786 922 867 igitur
944 796 1032 850 extra
1054 787 1251 850 meridianum
1273 785 1477 848 terminantia.
1525 784 1610 846 Nam

244 897 303 939 nou
328 875 437 938 dicitnr
459 893 702 954 mesopontus,
725 875 783 938 nisi
804 877 959 956 periectas
982 877 1148 956 quadrans,
1175 895 1232 938 nec
1254 891 1328 955 pure
1351 873 1522 946 omnm,
1546 872 1608 933 nisi

244 963 479 1045 anonagesimo
503 964 651 1043 inceptus.
698 963 876 1027 Decimo:
909 974 959 1026 est
986 965 1088 1046 aliqua
1111 967 1230 1038 nonna,
1259 982 1337 1043 quau
1366 963 1475 1026 dicitur
1498 959 1610 1024 izm-

246 1075 342 1132 φιρας
374 1053 585 1132 hevusedae
617 1071 688 1114 vero
712 1054 852 1116 tribuitur
879 1054 975 1132 signis
998 1054 1124 1116 zodiaci.
1171 1054 1287 1114 Domus
1309 1053 1402 1132 igitur
1423 1050 1608 1128 intelligitur

243 1145 281 1204 de
309 1161 380 1204 aren
407 1141 542 1216 zodiaci,
574 1141 625 1203 ille
653 1160 723 1203 vero
753 1142 862 1204 dicitur
890 1147 1146 1221 dodauuepnopsnr.
1194 1141 1419 1204 Undecimo:
1453 1141 1499 1202 sic
1532 1138 1608 1200 alibi

244 1232 380 1311 appellat
411 1252 447 1293 aa
477 1235 698 1304 auaedcqreroe
730 1227 842 1303 ζωὸιοι.
888 1234 990 1293 Zeten
1022 1241 1093 1294 sunt
1120 1229 1235 1293 zodiaci
1258 1239 1362 1309 partes
1386 1228 1606 1292 duodecimae:

243 1338 320 1399 ergo
343 1319 459 1394 domus,
484 1337 561 1400 quae
585 1324 806 1395 acaodnaepeeus
820 1320 939 1396 dicitur,
964 1329 1013 1383 est
1035 1320 1149 1382 zodiaci
1163 1339 1236 1399 pars
1249 1319 1322 1382 ΧΠ.
1377 1315 1606 1381 Duodecimn

243 1409 323 1471 ratio
353 1408 494 1484 accedat,
531 1426 598 1470 cum
622 1409 659 1468 de
683 1408 744 1470 situ
773 1409 904 1488 partium
928 1409 1043 1471 zodiaci
1076 1409 1262 1486 disputatur,
1295 1409 1372 1472 unde
1405 1408 1468 1470 illic
1500 1405 1605 1486 potius

243 1496 386 1574 incipiat,
421 1516 510 1577 quam
533 1517 552 1557 a
573 1504 686 1575 puncto
717 1497 876 1559 altissimo.
926 1498 1005 1559 Hinc
1027 1498 1221 1560 Ptolemaeus
1245 1497 1327 1566 alibi,
1356 1515 1422 1560 cum
1447 1495 1540 1557 utiam
1565 1495 1605 1555 de

242 1606 343 1656 mere
365 1581 666 1667 comminuente
689 1585 769 1666 agit,
803 1587 940 1667 appellat
962 1607 1022 1647 nce*
1042 1607 1118 1648 ιαια
1147 1605 1277 1664 repuens
1300 1607 1391 1648 renus
1421 1585 1606 1666 quadratum

241 1675 280 1738 ab
313 1675 490 1753 horoscopo.
536 1673 770 1736 Tredecimo:
805 1696 824 1737 a
853 1695 928 1737 voce
956 1675 1050 1737 Medii
1069 1673 1166 1738 (leoli.
1213 1672 1248 1736 Si
1271 1674 1350 1736 enim
1381 1675 1524 1735 zodiacus
1552 1679 1605 1733 est

238 1763 268 1826 io
293 1764 397 1825 domos
421 1762 644 1825 distribuendus
666 1773 791 1843 propter
813 1763 1003 1843 planctatam
1033 1764 1061 1825 in
1087 1781 1123 1824 eo
1146 1763 1334 1825 ementium
1357 1771 1459 1825 status
1483 1777 1603 1841 expen-

239 1852 364 1926 dendos,
388 1860 510 1930 oportet
530 1851 635 1930 ntique
660 1852 726 1931 ejus
745 1853 874 1915 medinm
894 1872 953 1914 nen
968 1853 1090 1916 verbale
1109 1869 1179 1913 esse
1202 1852 1232 1912 in
1247 1852 1422 1927 meridiano,
1445 1850 1502 1912 sed
1518 1850 1604 1911 reale

240 1949 329 2002 extra
351 1938 548 2002 meridianum
571 1939 601 2000 in
625 1940 830 2021 nonagesimo.

330 2026 432 2101 Satis,
466 2028 588 2110 opinor,
627 2028 742 2094 obtinui
775 2030 960 2108 propositum
972 2047 981 2102 ;
1022 2047 1100 2091 nuno
1131 2028 1291 2090 audiamus
1322 2045 1411 2106 porro
1440 2025 1600 2089 Stadiumr

239 2117 474 2191 „Pt0lemaens‚
511 2117 562 2179 ubi
594 2117 632 2178 de
663 2118 843 2179 deductione
874 2126 1103 2198 prorogatorem
1126 2116 1210 2196 agit,
1249 2118 1292 2177 Μ.
1318 2114 1354 2179 C.
1379 2116 1408 2176 in
1433 2115 1602 2191 matidiano

239 2205 433 2268 coustituit.“
478 2205 537 2266 Est
559 2223 632 2285 crgo
656 2206 767 2286 duplex
791 2207 833 2270 M.
860 2206 896 2270 O.
921 2224 976 2285 pro
999 2205 1111 2286 duplici
1133 2205 1286 2279 instituto,
1306 2204 1432 2266 duobus
1454 2204 1599 2277 motibus,

238 2294 355 2355 duobus
377 2294 530 2374 primariis
553 2293 672 2357 circulis
695 2313 855 2375 eorumque
877 2297 967 2375 polis,
989 2303 1024 2357 et
1046 2293 1238 2357 latitudinum
1261 2292 1517 2373 verticalibnsque
1535 2292 1600 2353 elr-

238 2382 324 2444 cnlis.
370 2381 450 2444 Nam
478 2384 506 2444 si
534 2382 572 2444 de
605 2382 665 2445 situ
694 2383 812 2462 agimus
839 2384 973 2459 zodiaci,
1007 2385 1050 2446 M
1077 2380 1113 2445 Ο.
1142 2389 1192 2443 ιιι
1219 2382 1249 2442 is
1273 2382 1369 2484 mado
1392 2380 1600 2460 nonagesimi,

239 2472 286 2534 sin
311 2479 412 2533 autem
437 2472 474 2533 de
497 2479 580 2534 motu
602 2471 708 2551 primo,
733 2482 767 2534 ιι
790 2471 819 2533 in
843 2474 983 2535 doctrina
1006 2471 1212 2544 directionum
1238 2480 1292 2533 ant
1315 2471 1341 2533 si
1359 2471 1599 2557 consideramus,

239 2569 383 2641 qnantum
408 2560 503 2622 distet
525 2559 598 2636 Sol,
623 2561 726 2636 Luna,
751 2560 799 2622 vul
823 2564 975 2641 planetae,
1001 2561 1116 2623 ratione
1140 2566 1241 2621 motus
1264 2560 1352 2638 primi
1374 2580 1394 2621 a
1421 2541 1597 2631 meridiano,

238 2650 277 2711 ab
301 2668 337 2710 eo
360 2667 404 2709 sc.
428 2656 550 2727 puncto,
575 2649 604 2709 in
629 2667 687 2729 qne
711 2650 754 2712 illi
778 2669 813 2710 eo
837 2650 885 2712 die
909 2651 973 2714 fieri
996 2658 1124 2729 possunt
1147 2647 1298 2721 altissimi,
1325 2657 1359 2709 ιι
1382 2648 1448 2708 llt'
1439 2667 1469 2709 nn
1494 2647 1598 2726 capite

238 2739 276 2799 de
299 2736 499 2816 dignitatibus
522 2746 555 2799 ιι
578 2738 668 2800 alibi:
693 2747 764 2801 tnnc
788 2739 831 2799 M.
857 2739 893 2801 (l.
919 2748 968 2801 eet
990 2740 1022 2801 in
1045 2737 1225 2810 meridiano,
1249 2737 1321 2817 quin
1343 2755 1379 2797 eu
1403 2736 1451 2798 die
1474 2736 1603 2816 planetu

238 2843 296 2887 nou
320 2825 455 2887 absolvit
475 2826 650 2901 zodiacum,
685 2828 738 2889 sed
767 2828 965 2907 parallelum,
998 2829 1082 2907 cujus
1113 2834 1257 2906 punctum
1288 2826 1471 2888 altissimum
1495 2834 1545 2885 eet
1569 2823 1600 2885 in

236 2912 411 2976 meridiano.
459 2913 590 2978 Secutus
613 2924 663 2978 est
685 2916 742 2979 hoc
765 2915 957 2979 (lardanne'
949 2937 978 2979 ιι
1002 2915 1138 2978 centuria
1160 2914 1332 2994 genesium,
1358 2915 1391 2975 et
1413 2913 1500 2976 multi
1524 2922 1599 2974 ante

236 3021 314 3065 ιιιι.
360 3002 537 3080 Exemplum
561 3023 599 3066 ex
622 3024 689 3066 mea
703 3005 829 3086 genesi:
853 3025 911 3068 non
936 3014 985 3067 est
1006 3006 1097 3067 altior
1119 3004 1232 3083 gradus
1245 3002 1361 3064 zodiaci
1379 3019 1469 3082 quam
1482 2999 1596 3073 wli,

236 3090 307 3172 qnia
329 3091 424 3153 oritur
446 3086 559 3164 25011.
606 3094 651 3154 At
674 3094 786 3172 gradus
809 3094 852 3156 M.
878 3092 914 3156 O.
949 3092 1107 3160 (Car-dano
1131 3091 1242 3153 dicitur
1264 3110 1324 3153 cor
1347 3091 1443 3160 coeli)
1471 3084 1599 3152 22‘0m

236 3180 314 3242 satie
337 3197 446 3259 magno
471 3199 542 3241 areu
567 3191 615 3241 est
638 3182 790 3252 humilior,
824 3201 912 3262 quarn
935 3179 1045 3254 25434.
1093 3181 1243 3243 Solvere
1266 3181 1295 3240 in
1324 3176 1477 3256 ιοῆιι
1501 3178 1597 3239 meri-

236 3268 326 3329 diano
350 3267 471 3347 quidem
495 3268 736 3344 diuitissimos,
761 3280 796 3332 at
819 3290 855 3332 ιι
879 3269 958 3332 hanc
982 3271 1101 3351 quidem
1125 3288 1159 3332 eo
1184 3271 1232 3348 die
1256 3268 1430 3347 assequitur
1452 3267 1597 3329 altitudi-

236 3375 314 3430 nem,
341 3374 429 3436 qnam
454 3357 546 3418 habet
569 3353 699 3431 22⁰ae,
724 3360 778 3420 sed
802 3360 896 3423 multe
920 3359 1075 3422 minorem.
1123 3360 1230 3438 Itaque
1253 3357 1371 3420 ratione
1385 3358 1464 3420 situs
1479 3351 1600 3418 22⁰ae

237 3445 350 3506 unllam
373 3445 468 3507 habet
490 3446 666 3521 ellicaciam,
692 3456 725 3509 ιι
748 3448 840 3510 habet
862 3466 1005 3527 magnam
1030 3448 1147 3510 ratione
1171 3455 1280 3508 motus.
1327 3444 1370 3508 Mt
1390 3454 1482 3518 ncta,
1506 3459 1542 3505 ιι
1563 3463 1599 3505 ee

234 3533 328 3595 habet
351 3534 428 3596 situs
452 3535 491 3596 ad
514 3553 642 3615 cerpus,
677 3536 721 3598 sic
749 3555 783 3598 ee
811 3537 904 3598 habet
927 3544 1040 3609 motus,
1075 3537 1113 3597 ad
1142 3537 1246 3597 vitam.
1292 3535 1326 3595 In
1350 3534 1598 3596 consideratione

234 3622 326 3703 igitur
350 3623 485 3703 corporis
509 3632 542 3685 et
564 3644 640 3705 quae
665 3625 830 3687 adbaerent
852 3644 908 3705 pro
931 3626 974 3686 M.
1000 3626 1036 3688 Ο.
1063 3626 1274 3704 nonagesimus
1289 3632 1338 3684 est
1356 3622 1596 3685 oonsldurandus

234 3710 345 3790 magis:
371 3723 404 3773 at
427 3712 456 3774 in
480 3713 721 3776 consideratione
745 3716 842 3788 vitae,
866 3715 896 3777 h.
922 3735 949 3777 e.
974 3714 1127 3776 actionum
1149 3712 1293 3784 hominis,
1319 3719 1350 3773 et
1373 3730 1451 3791 quae
1474 3711 1595 3774 adhae-

234 3809 316 3872 rent,
341 3808 375 3860 ιι
397 3810 430 3861 ιι
451 3802 481 3862 in
506 3801 738 3876 directionibus,
768 3804 888 3865 omnino
911 3803 1080 3884 praepollet
1104 3803 1147 3863 M
1172 3800 1243 3863 0.
1234 3820 1265 3862 ιι
1289 3800 1465 3862 meridiano.
1512 3800 1595 3862 Dili-

235 3897 343 3967 genter
365 3887 458 3967 igitnr
480 3889 730 3953 considerandum
755 3893 844 3973 quale
866 3893 910 3954 M.
936 3891 972 3955 O.
998 3891 1105 3982 quovis
1120 3888 1288 3953 Ptolemaei
1311 3889 1377 3951 loco
1402 3889 1592 3962 adhibeatur,

235 3983 268 4036 ιι
290 3975 413 4037 sublata
437 3977 494 4039 erit
517 3979 613 4040 omnis
637 3979 810 4042 difficultas.

326 4064 432 4144 Pergit
455 4064 598 4128 Stadiue:
631 4068 814 4131 meridianus
839 4068 878 4130 ab
902 4068 1056 4130 horizonte
1085 4085 1206 4146 semper
1232 4086 1286 4128 sex
1311 4066 1393 4128 horis
1417 4064 1596 4145 aequalibus

236 4151 341 4223 dietat,
364 4163 398 4215 nt
422 4154 512 4217 docet
533 4156 762 4219 Ptolemaeus.“
808 4160 853 4219 At
870 4158 962 4226 haec,
986 4176 1003 4218 o
1024 4156 1123 4229 Stadi,
1148 4154 1327 4233 ἁινριλογια
1349 4163 1407 4226 est,
1432 4173 1489 4216 nen
1504 4172 1594 4216 usur-

236 4252 312 4319 pata
335 4261 354 4303 n
377 4243 554 4305 Ptolemaeo
578 4245 634 4306 hoc
659 4246 735 4310 leco.
772 4246 872 4308 Nullis
896 4246 979 4307 horis
1002 4246 1120 4307 dietant
1142 4244 1172 4306 bi
1186 4245 1299 4312 circuli,
1325 4244 1379 4305 sed
1403 4243 1489 4304 simul
1514 4249 1594 4305 sunt.

234 4328 367 4392 Plaueta
400 4350 470 4393 rere
503 4351 571 4395 enm
604 4341 653 4394 est
684 4334 713 4395 in
744 4334 918 4403 horizonte,
952 4334 1041 4396 abest
1073 4356 1092 4396 a
1122 4333 1288 4395 meridiano
1317 4350 1437 4412 semper
1469 4328 1595 4394 (iberis

155 4464 158 4468 .
235 4436 292 4479 noo
309 4420 487 4500 aequalibus
502 4440 623 4501 semper
641 4430 673 4484 et
687 4422 824 4485 omnibus
847 4423 965 4498 diebos,
989 4424 1043 4485 sed
1067 4422 1285 4502 temporalibus
1308 4419 1519 4500 inaequalibus
1540 4438 1597 4500 per

235 4506 301 4569 dies
324 4509 471 4582 diversus,
497 4530 573 4591 quae
597 4520 699 4572 ιιιιιι
723 4520 794 4573 sunt-
816 4512 960 4592 aequales
984 4512 1013 4573 in
1038 4513 1087 4575 die
1112 4530 1170 4572 ιιι
1194 4510 1274 4572 inter
1296 4530 1331 4571 se
1353 4510 1450 4590 ipsae.

323 4595 411 4668 Quae
435 4600 465 4660 in
489 4598 597 4663 Studio
620 4607 802 4680 sequnntur,
840 4619 897 4662 non
927 4600 1063 4681 indigent
1086 4599 1349 4663 commentatione.
1396 4598 1464 4660 Non
1488 4615 1595 4677 repre·

235 4682 332 4745 hendo
358 4686 600 4751 distributionem
624 4689 779 4751 domnum
785 4689 1035 4769 Regiomontani,
1067 4689 1093 4752 si
1117 4706 1175 4750 uon
1199 4706 1252 4767 pro
1276 4686 1464 4750 Ptolemaios
1486 4686 1596 4748 vendi-

235 4779 327 4835 tetur
374 4774 485 4837 Posset
513 4777 641 4856 aliquis,
675 4787 708 4839 ιι
736 4796 877 4858 superum
908 4777 1195 4860 hemisphaerium
1188 4796 1218 4838 m
1243 4772 1262 4839 6
1286 4785 1445 4856 segmenta
1467 4775 1594 4848 dividat,

236 4859 276 4922 ad
300 4860 528 4926 similitudinem
551 4865 784 4945 Regiemcntani
807 4887 862 4950 per
885 4868 1037 4931 sectiones
1059 4877 1181 4931 mutuas
1204 4866 1368 4928 horizontis
1390 4873 1423 4926 ιι
1442 4862 1596 4929 verticalis
