3609 5634
729 316 904 425 em
1442 354 1485 442 ss

128 546 189 588 nou
214 527 432 601 moveatbaec
456 529 625 592 calumnia?
665 528 820 594 Recordor
842 532 924 596 illius
946 533 991 596 tui
1016 533 1065 596 ovi
1089 532 1484 615 Christophorocolumbani.

128 614 261 678 Scilicet
281 616 412 694 homini,
441 638 508 681 cum
534 620 668 694 videret,
696 620 807 683 babere
834 641 881 684 me
910 623 1055 685 adversos
1078 625 1179 703 magni
1203 624 1329 686 nominis
1352 624 1433 686 viros
1455 624 1486 686 in

22 710 23 715 ’
129 724 228 767 cansa
255 705 401 787 conjugii,
431 708 546 787 placuit
573 709 670 771 oleum
698 710 814 772 camino
844 712 955 776 addere
978 720 1012 774 et
1033 731 1130 776 meam
1154 712 1405 775 existimationem
1428 732 1488 775 una
1515 762 1519 771 ,

55 814 58 817 ’
129 812 201 857 cum
223 793 416 946 coqugioiu
446 797 543 861 fumos
566 817 668 879 agere.
714 795 777 862 Sed
804 801 890 864 nenio
920 801 958 863 sd
990 801 1125 864 tabulam
1157 820 1227 882 pag.
1251 798 1293 865 76
1316 802 1370 865 ec.
1402 801 1490 877 (vide

129 891 235 946 annot.
303 887 329 958 ).

223 972 374 1036 Existimo
397 993 444 1037 me
468 975 556 1037 hodie
578 976 608 1038 in
632 976 773 1040 tribunali
796 978 912 1041 sedere.
954 978 1055 1060 Usque
1079 978 1155 1039 adeo
1179 979 1287 1042 obmor
1308 980 1369 1041 tuis
1393 998 1487 1042 excu-

131 1062 314 1125 sationibus.
360 1063 438 1127 Ecce
462 1084 551 1146 quam
573 1083 717 1145 operosus
746 1086 780 1128 es
809 1068 839 1129 in
869 1067 989 1148 negotio
1012 1069 1194 1130 mendorum.
1239 1069 1307 1131 Non
1331 1089 1396 1131 sum
1420 1087 1486 1148 ego,
1518 1096 1520 1115 ·

133 1152 302 1215 clarissime
326 1154 354 1217 d.
377 1154 577 1235 Praeceptor,
603 1174 642 1216 ex
664 1174 766 1218 eorum
789 1176 924 1232 numero,
954 1157 1017 1237 qui,
1046 1157 1104 1219 nisi
1127 1158 1298 1237 ephippium
1322 1177 1388 1219 cum
1412 1175 1486 1239 equo

135 1243 241 1312 dones,
265 1261 374 1324 equum
387 1244 496 1306 nudum
511 1245 676 1307 remittunt.
713 1246 778 1307 Nec
801 1247 889 1309 aliter
913 1255 1079 1309 erratorum
1102 1248 1273 1326 catalogum
1296 1246 1373 1324 misi,
1398 1266 1488 1328 quam

135 1341 171 1396 ut
193 1330 238 1392 ita
260 1333 458 1414 subjungatur
480 1334 557 1395 calci
580 1333 687 1407 libelli,
712 1335 739 1397 si
761 1354 820 1397 non
843 1344 962 1417 tempus
986 1335 1016 1398 id
1038 1336 1209 1416 prohibeat.

225 1420 357 1484 Rursum
380 1442 449 1484 ecce
472 1423 533 1485 alia
557 1423 712 1486 excusatio
732 1424 768 1486 ds
783 1424 906 1488 Rhetici
925 1426 1106 1500 narratione,
1130 1425 1214 1506 cujus
1237 1443 1293 1506 ego
1317 1442 1375 1485 nou
1398 1422 1490 1485 aliam

135 1511 272 1585 obrem,
297 1530 387 1592 quam
408 1520 532 1592 propter
554 1521 679 1587 sumtus,
703 1513 884 1577 mentionem
908 1516 975 1578 leci.
1021 1514 1168 1595 Equidem
1192 1516 1291 1587 credo,
1316 1511 1489 1574 existimare

136 1609 186 1673 te,
217 1598 297 1660 lecto
325 1620 383 1663 uuo
411 1609 502 1682 atque
525 1601 620 1663 altero
643 1601 735 1664 verbo
758 1603 838 1666 illius
861 1623 946 1666 meae
975 1604 1141 1683 epistolae,
1174 1611 1205 1666 tc
1232 1603 1351 1684 penitus
1375 1620 1491 1663 omnem

136 1706 261 1768 operam
283 1688 402 1751 inanem
424 1691 551 1764 locasse,
576 1691 689 1772 tibique
713 1692 778 1771 ejus
802 1694 881 1773 apud
893 1713 951 1774 ‚me
974 1712 1092 1755 omnem
1110 1692 1235 1773 periisse
1253 1691 1392 1772 gretiam.
1430 1688 1492 1753 Cur

136 1785 241 1840 autem
264 1777 343 1840 illius
366 1797 413 1840 me
434 1778 628 1842 Narrationis
650 1782 822 1860 poeniteat,
855 1801 944 1863 quam
975 1781 1086 1862 primns
1113 1801 1170 1862 ego
1197 1782 1373 1862 cupiebam,
1405 1779 1491 1842 utin

135 1867 268 1947 epistola
290 1867 330 1928 ad
352 1868 390 1930 D.
416 1867 455 1931 D.
480 1869 697 1932 Halerefferum
720 1869 899 1934 Stuccardia
921 1871 1016 1934 missa
1039 1881 1170 1934 testatus
1199 1890 1278 1945 sum,
1309 1870 1491 1951 subjungere

98 1955 109 1962 ’
136 1976 204 2019 meo
229 1957 396 2039 opusculo?
442 1957 518 2020 Tum
540 1967 642 2020 autem
664 1959 714 2023 ille
737 1959 935 2025 dissuaserat.

226 2043 377 2108 Carminis
399 2046 439 2109 ad
462 2047 607 2127 tabellam
629 2048 747 2111 authori
770 2049 936 2121 Leibfrido,
960 2050 1097 2132 quamvis
1121 2048 1223 2124 ignoto
1246 2049 1287 2109 de*
1308 2048 1394 2123 lacis,
1419 2065 1491 2126 gra·

136 2135 197 2197 tias
222 2154 281 2216 ago
300 2153 354 2215 pro
374 2135 576 2199 honestasse
598 2137 753 2200 voluntate
777 2147 809 2201 et
826 2139 941 2218 judicio
965 2140 1001 2202 de
1025 2158 1090 2201 me:
1115 2138 1216 2219 illique
1241 2137 1372 2200 vicissim
1387 2155 1491 2199 exem·

138 2225 206 2305 plar
228 2224 365 2304 opusculi
387 2226 474 2299 dono,
499 2225 568 2287 dum
590 2225 660 2306 quid
683 2227 727 2289 illi
753 2245 841 2307 porro
866 2247 982 2309 quoque
1005 2229 1117 2291 servire
1141 2226 1265 2306 possim,
1289 2226 1464 2306 intelligam.

227 2314 326 2376 Venio
358 2314 397 2375 ad
429 2313 560 2376 Schema
593 2313 667 2395 Gap.
700 2313 753 2379 22.
806 2316 848 2379 Et
879 2337 968 2393 sane,
1011 2318 1060 2398 qui
1092 2318 1244 2396 hucusque
1275 2316 1402 2397 legendo
1435 2333 1493 2377 nou

139 2402 278 2482 concepit
299 2403 498 2483 suspicionem
520 2404 646 2484 alicujus
670 2412 741 2467 tuae
763 2406 950 2483 offensionis,
974 2407 1001 2469 is
1019 2408 1086 2486 jam
1109 2405 1276 2485 concipiet:
1301 2404 1371 2466 dum
1395 2403 1495 2466 omnia

140 2493 232 2556 etiam
253 2493 348 2555 verba
369 2492 499 2573 regeris,¹
526 2494 612 2574 quasi
640 2494 772 2575 litiganti
794 2495 867 2559 milri
889 2495 1034 2559 tenereris
1058 2495 1242 2575 singulorum
1265 2494 1397 2566 rationes
1420 2493 1492 2555 red·

140 2583 219 2645 dere.
264 2582 346 2662 Ego,
376 2601 452 2664 quac
476 2583 676 2662 superioribus
700 2583 796 2646 literis
820 2587 857 2647 de
881 2585 938 2647 hac
960 2604 993 2647 re
1016 2585 1137 2665 scripsi,
1162 2602 1220 2645 non
1242 2582 1364 2662 scripsi,
1388 2591 1422 2644 ut
1444 2582 1493 2643 in·

142 2671 283 2744 dicerem,
305 2690 352 2733 me
376 2672 473 2734 adbuc
496 2672 609 2753 aliquid
632 2672 819 2749 desiderare3
844 2675 899 2736 sed
922 2681 956 2738 ut
978 2674 1111 2747 videres,
1136 2691 1225 2755 quam
1248 2672 1290 2734 sit
1311 2671 1383 2733 mihi
1406 2678 1494 2751 grata

141 2760 296 2835 correctio,
321 2769 355 2822 ut
377 2761 428 2842 qui
450 2762 542 2824 etiam
562 2761 630 2841 plus
649 2762 757 2843 corrigi
776 2763 915 2843 optarim.
952 2764 1032 2826 Dum
1051 2771 1151 2825 eutem
1164 2762 1255 2841 juxta
1268 2767 1494 2843 praeceptorem

140 2869 237 2912 meum
260 2868 349 2929 agere
372 2868 430 2913 non
454 2850 591 2924 desistis,
622 2859 654 2911 et
675 2852 828 2931 negotium
856 2854 894 2914 de
922 2861 1070 2933 aequante
1099 2851 1258 2931 explicas,
1278 2850 1369 2924 sacis,
1400 2856 1434 2911 ut
1456 2868 1494 2909 nc

140 2958 217 3001 nuuc
241 2940 359 3020 quidem
382 2958 429 3000 me
452 2946 536 3001 tuum
554 2938 674 3019 jactare
693 2941 870 3021 discipulum
891 2941 1037 3003 desistere
1056 2941 1179 3021 possim,
1203 2938 1290 3000 modo
1306 2940 1363 2999 sim
1377 2936 1492 3000 docilis.

140 3028 182 3091 Et
205 3048 279 3090 sane
304 3029 368 3107 jam
398 3029 515 3090 demum
538 3030 689 3110 negotium
712 3030 859 3109 intelligo.
906 3031 971 3094 Nec
994 3031 1090 3092 miuus
1114 3046 1219 3090 sanum
1243 3034 1275 3089 et
1297 3026 1368 3088 illud
1393 3025 1494 3089 consi·

140 3117 214 3181 lium
236 3117 274 3178 de
297 3118 489 3180 moderandis
512 3118 558 3180 his
582 3118 847 3197 speculationibus.
879 3119 960 3182 Ecce
975 3119 1011 3181 de
1026 3119 1113 3181 Luna
1128 3115 1365 3197 philosophema,
1389 3123 1494 3177 uatum

140 3208 220 3270 inter
242 3206 445 3282 scribendum,
473 3206 525 3268 vix
552 3207 675 3270 dimisso
703 3210 820 3284 nuntie,
850 3228 883 3271 se
911 3209 1008 3288 ipsum
1037 3207 1108 3270 milri
1132 3207 1168 3267 ds
1194 3206 1328 3267 falsitate
1350 3203 1492 3284 prodidit.

141 3295 267 3359 Scilicet
279 3296 390 3358 accidit
403 3295 484 3371 mihi,
510 3296 588 3378 quod
601 3297 648 3371 iis,
674 3298 724 3378 qui
743 3307 855 3360 motum
873 3306 1049 3377 perpetuum
1072 3296 1297 3358 machinantur:
1321 3303 1356 3356 ut
1378 3293 1496 3357 scilicet

140 3405 194 3467 pro
218 3394 301 3448 motu
324 3385 530 3466 aequilibrium
553 3385 693 3460 habeant,
717 3396 799 3448 motu
822 3396 936 3448 motum
959 3394 1189 3466 compensante:
1215 3383 1258 3444 sic
1277 3383 1372 3457 Luna,
1397 3402 1494 3463 quan·

140 3485 202 3538 tum
216 3493 330 3556 pernox
352 3475 520 3555 promoveri
542 3475 681 3550 debebat,
705 3484 821 3537 tantum
841 3476 934 3537 silens
959 3475 1150 3554 impediretur
1174 3473 1285 3552 (comp.
1307 3480 1409 3533 annot.
1426 3468 1493 3544 62).

228 3564 299 3627 Jam
323 3565 505 3651 adnpaotum
528 3563 606 3646 quod
634 3564 763 3626 attinet:
792 3565 884 3626 etiam
912 3584 958 3626 me
986 3571 1088 3626 sumtu
1118 3563 1218 3624 levare
1242 3568 1404 3624 statueras.
1450 3561 1495 3621 At

142 3673 197 3734 ego
220 3654 303 3730 nolo,
328 3672 394 3715 cum
417 3672 509 3734 opera
531 3652 623 3715 etiam
645 3652 802 3731 pecuniam
825 3653 968 3716 insumas.
1015 3651 1095 3724 Quin
1121 3662 1154 3713 ut
1177 3669 1269 3731 nuper
1293 3649 1414 3731 scripsi,
1439 3668 1493 3711 ac·

143 3744 218 3824 cipio
242 3741 307 3808 222
329 3742 521 3827 exemplaria,
545 3743 658 3823 tibique
681 3740 734 3804 illa
757 3738 953 3824 nescioquo
978 3742 1048 3804 doni
1071 3744 1146 3817 loco,
1171 3741 1199 3805 si
1220 3759 1322 3803 eorum
1344 3739 1400 3801 tibi
1423 3758 1494 3801 usus

144 3842 200 3894 est.
246 3832 301 3899 Sin
327 3841 510 3896 autemnon
532 3826 658 3893 totidem
681 3831 736 3893 tibi
763 3850 838 3910 opus
867 3839 930 3905 est,
959 3851 1013 3906 ea,
1044 3831 1150 3913 quibus
1179 3829 1314 3891 abundas
1342 3828 1495 3891 intereos

144 3920 322 3984 distribuere
349 3920 477 4002 patiaris
508 3920 638 4000 aliquem
665 3920 908 4000 stipendiarium,
944 3939 1066 4001 quorum
1099 3920 1146 3980 hic
1174 3918 1287 3998 accipis
1315 3918 1496 3997 catalogum.

146 4008 261 4081 Quibus
283 4029 372 4091 porro
395 4009 525 4072 dandum
549 4017 703 4082 autumas,
732 4028 778 4071 mc
802 4009 922 4071 omnino
945 4009 1152 4071 consentiente
1177 4007 1305 4070 dederis.
1353 4008 1496 4068 Fortasse

145 4108 273 4182 quatuor
294 4099 418 4163 decanis
440 4098 542 4161 danda
568 4099 696 4179 singula.
743 4096 873 4161 Omnino
901 4107 1024 4178 praeter
1051 4117 1105 4174 ea,
1140 4096 1246 4177 quibus
1277 4113 1331 4175 pro
1363 4103 1394 4156 te
1422 4113 1497 4175 opus

145 4190 249 4265 babes,
273 4188 474 4271 quadraginta
497 4187 526 4250 iu
545 4188 778 4266 Wirtembergia
800 4196 953 4250 maneant.
991 4186 1025 4249 si
1049 4206 1123 4268 quos
1147 4193 1261 4247 sumtus
1283 4184 1314 4245 in
1337 4182 1498 4263 ligaturam

146 4280 267 4353 leceris,
297 4298 353 4359 ego
376 4279 550 4358 praestabo.
571 4266 576 4279 ’
598 4277 710 4341 Verum
733 4277 871 4339 existimo
899 4277 1041 4357 pleraque
1070 4274 1150 4338 nuda
1178 4273 1398 4346 distribuenda,
1430 4291 1497 4335 cum

146 4386 203 4430 non
227 4367 341 4431 iaciant
359 4369 473 4448 justum
497 4366 638 4429 libellum.
683 4365 729 4427 De
752 4366 879 4446 pecunia
902 4384 990 4446 spero
1014 4384 1061 4426 me
1091 4365 1171 4426 intra
1193 4360 1215 4424 2
1238 4380 1356 4424 menses
1379 4360 1417 4423 ab
1441 4381 1495 4424 ac·

147 4457 242 4539 ceptis
265 4452 483 4537 exemplaribus
503 4454 754 4535 Gruppenbachio
772 4462 1008 4535 prospectui-um.
1046 4451 1221 4532 Marpachio
1245 4458 1371 4529 expecto
1399 4448 1438 4513 12
1452 4451 1494 4528 2.,

147 4545 321 4627 Waiblinga
341 4537 402 4629 8¹1,
431 4546 478 4616 2.,
505 4544 669 4623 Esselinga
690 4564 709 4604 a
733 4544 861 4624 quodam
889 4552 1027 4606 curatore
1051 4540 1298 4619 Wirtembergico
1321 4539 1495 4603 Heerwerto

151 4633 258 4711 1011,
288 4654 378 4716 quam
400 4653 547 4699 summam
569 4633 643 4717 ejus·
656 4632 733 4694 iilius
757 4633 804 4695 bic
828 4653 847 4694 a
870 4652 916 4694 me
940 4640 1041 4694 mutuo
1065 4629 1185 4702 sumsit,
1216 4636 1247 4689 et
1269 4646 1323 4707 per
1344 4647 1415 4691 snos
1436 4648 1494 4709 pa-

147 4733 248 4787 rentes
277 4743 371 4806 usque
398 4724 438 4786 ad
466 4725 576 4786 festum
598 4723 797 4785 Pentecostes
820 4718 1073 4801 Gruppenbachio
1101 4723 1322 4779 numeraturum
1348 4718 1494 4798 promisit.

148 4814 230 4877 Nihil
253 4813 300 4876 hic
323 4812 422 4876 oneris
444 4812 501 4883 tibi
524 4813 674 4892 imponere
697 4811 803 4873 audeo.
850 4811 918 4888 lpse
942 4816 1042 4870 tamen
1067 4804 1334 4887 Gmppenbacbius
1355 4806 1495 4869 Esselin-

97 4932 98 4936 ¹
148 4921 271 4986 gennem
293 4911 325 4965 et
341 4901 601 4984 Waiblingeusem
623 4919 769 4964 summam
793 4899 888 4979 (apud
910 4896 991 4962 illius
1014 4896 1073 4960 loci
1095 4897 1239 4961 decanum
1261 4895 1399 4972 Lucium)
1422 4915 1494 4978 pro·

217 5006 418 5062 ammonas.
1236 4996 1286 5073 ,t
