3609 5634
307 390 370 461 191
761 317 790 442 ln
808 388 954 454 aymus
971 382 1209 454 moenum

376 552 526 605 llsestiinus
544 566 576 605 ex
592 552 654 601 libro
671 549 806 601 55555155
825 550 960 599 amicorum
977 550 1079 599 sacrato
1096 548 1143 600 boo
1161 549 1310 614 descriptum
1328 548 1494 599 meumst:

385 643 548 716 Mysterium
564 639 835 713 Cosmographicum,
851 639 992 694 inrentum
1006 639 1050 693 die
1068 641 1113 695 10.
1127 639 1175 696 20.
1189 640 1256 694 ¹iulii
1276 639 1359 695 1595.

385 724 513 795 Quisquis
533 740 564 776 55
585 718 769 795 1555551155,
792 720 838 791 qui
856 720 933 774 vides
952 727 982 774 et
1000 719 1152 792 intelligia;
1176 739 1227 775 uec
1246 716 1442 796 cisapsdpsqrssc
1464 719 1597 791 rejicias,
1628 732 1688 772 nec

303 801 517 880 siysspaqursse
529 819 672 859 numeres:
693 808 724 856 et
736 802 901 871 stupendam
916 800 1048 855 creatoris
1063 801 1199 857 attonitus
1214 817 1347 856 venerare
1360 800 1532 870 sapientiam

598 898 819 962 (1511555151
840 898 1109 991 555555551155.
1126 936 1180 954 ...

598 1057 700 1129 Aspice
715 1064 870 1112 tentantem
883 1074 936 1127 per
942 978 1069 1129 qulllll
1075 1019 1181 1111 ’docem
1194 1058 1311 1130 figuras.

598 1137 736 1208 Ib’ugibus
751 1137 878 1201 inventis,
894 1138 993 1208 quibus
1007 1138 1093 1192 estin
1106 1138 1210 1209 glande
1225 1138 1370 1209 voluptas:

599 1219 667 1273 Cum
681 1235 771 1291 grege
785 1235 932 1288 porcorum
945 1219 1060 1289 capiant
1074 1237 1111 1274 ex
1125 1218 1209 1273 lintre
1224 1218 1342 1275 subulci.

523 1334 569 1388 Ps.
588 1333 633 1388 19.
675 1334 729 1388 Tot
743 1334 805 1387 luce
819 1333 989 1387 flammarum
1003 1348 1144 1387 coruscum

729 1414 818 1469 Cerne
832 1412 919 1468 oculis
934 1414 1079 1485 animoque
1094 1412 1210 1468 coelum.

678 1494 750 1548 Hinc
764 1495 851 1558 disce,
866 1496 987 1564 prudens
1001 1511 1084 1565 quarn
1098 1493 1152 1548 linit
1165 1492 1278 1547 artilex.

385 1593 464 1647 Haec
477 1591 506 1647 in
519 1591 573 1646 mei
586 1591 744 1646 memoriam
764 1591 862 1661 scripsi
886 1592 1097 1663 elegantissimo
1115 1599 1147 1647 et
1164 1590 1320 1646 doctissimo
1332 1588 1433 1647 iuveni
1453 1596 1485 1644 51
1501 1586 1591 1645 amico
1611 1603 1683 1643 555

306 1672 418 1728 Urbano
431 1672 557 1727 Lubeoia
568 1672 730 1736 Pomerano,
753 1673 791 1727 Μ.
809 1672 933 1726 loannes
952 1672 1093 1743 Keplerus
1111 1672 1235 1734 Suerusc
1256 1671 1301 1726 lll.
1317 1670 1429 1743 styriae
1448 1685 1594 1741 proaem
1613 1683 1683 1724 55·

304 1752 480 1808 menesteus.
517 1751 625 1808 Graetii
639 1752 682 1806 die
700 1752 745 1808 15.
761 1751 823 1807 051.
842 1751 928 1807 1595.

375 1915 425 1980 27)
443 1933 467 1982 p.
488 1913 530 1967 17.
569 1917 642 1970 Liber
659 1918 726 1969 Baro
745 1916 919 1985 sigismundus
938 1917 970 1968 ab
988 1914 1149 1967 Herbersteiu
1169 1914 1262 1982 (neque
1280 1930 1338 1968 5555
1355 1916 1514 1974 1151551515.
1531 1920 1561 1965 51
1579 1928 1681 1965 nomeu

259 1988 264 1991 ’
304 1991 450 2055 impressum
469 1998 508 2039 est
525 2004 549 2054 5.
569 1986 616 2051 48)
641 1990 707 2040 filius
725 1990 801 2040 151555
820 1988 918 2039 ridetur
936 1987 1089 2055 sigismundi
1106 1988 1171 2039 illius
1190 1986 1220 2051 (†
1239 1985 1321 2050 1119)
1340 2003 1412 2053 quem
1430 1986 1545 2039 laudibus
1563 1986 1680 2039 51155551

304 2061 425 2112 Freherus
444 2066 470 2111 51
487 2061 599 2111 Adamas
617 2063 642 2111 in
663 2063 735 2121 ,ritis
754 2060 932 2111 eruditorum“.
970 2059 1070 2109 Donum
1089 2059 1154 2125 quod
1172 2066 1307 2124 acceperat
1324 2059 1449 2124 Keplerus
1467 2060 1499 2111 ab
1516 2058 1575 2118 illo,
1594 2071 1678 2122 pocu-

306 2132 357 2182 lum
375 2138 530 2198 argenteum,
551 2132 689 2182 transmisit
707 2132 840 2183 1155511155
859 2130 922 2194 (rid.
940 2147 964 2196 p.
985 2127 1041 2191 18).
1079 2130 1306 2193 Zebeutmayerus,
1324 2132 1473 2181 secretarius
1491 2129 1677 2191 115155515151.

304 2204 448 2268 5555155155
466 2202 603 2267 Keplerum
627 2218 671 2268 555
696 2204 780 2253 literas
807 2203 884 2261 adiit,
913 2218 944 2252 ex
969 2210 1041 2267 55515
1065 2204 1136 2265 jussu
1163 2202 1299 2261 ,Generosi
1322 2202 1375 2252 sui“
1402 2198 1676 2266 (5555511555511555

304 2290 328 2339 5.
354 2270 522 2335 121-111).
548 2274 637 2339 ilioque
664 2282 728 2324 teste
751 2274 942 2325 lierberstenius
967 2274 1107 2324 intercessit
1131 2289 1174 2338 pro
1197 2273 1307 2338 Keplero
1330 2273 1401 2323 55515
1420 2272 1518 2336 Styriae
1542 2269 1579 2335 (a.
1602 2267 1677 2320 1598

304 2341 436 2407 511199).
456 2361 499 2410 pro
517 2348 626 2410 praemio
646 2354 745 2410 propter
764 2345 945 2395 dedicationem
958 2344 1092 2404 Prodromi,
1112 2350 1138 2395 et
1157 2346 1257 2410 saepius
1274 2343 1379 2410 55511555
1396 2359 1501 2396 munera
1518 2345 1586 2394 5151
1602 2342 1676 2394 bauli

306 2417 466 2482 5555555515
482 2430 526 2481 pro
544 2417 717 2467 nativitatibus
736 2431 752 2468 a
770 2416 879 2481 Kepiero
898 2417 1061 2467 concinnatis.

376 2557 424 2622 28)
443 2575 468 2624 5.
493 2556 549 2609 199.
587 2560 657 2622 Quas
675 2561 737 2611 dicit
755 2559 879 2625 Kepierus
896 2559 983 2610 literas
1002 2558 1153 2611 (1511155151
1174 2558 1298 2622 ’15515515
1317 2556 1361 2620 (15
1375 2553 1521 2618 Prodromo)
1539 2556 1573 2607 51
1590 2556 1673 2621 ipsum

303 2633 385 2689 datu,
405 2631 557 2682 exhibuimus
576 2633 601 2681 iu
619 2633 743 2696 prooemio
762 2647 786 2696 p.
807 2630 842 2680 ⁴0
860 2638 887 2681 et
905 2628 953 2688 s³;
977 2631 1047 2682 Ursi
1064 2631 1152 2681 literae
1169 2631 1286 2696 leguntur
1302 2633 1328 2681 15
1344 2631 1427 2681 libello
1446 2627 1672 2687 ..555155115555“

304 2703 462 2753 Prodromum
480 2704 588 2765 proxime
606 2710 735 2768 sequente,
755 2704 806 2761 ubi,
825 2711 855 2752 ut
867 2703 980 2759 diximus,
1000 2717 1032 2752 55
1044 2716 1108 2767 quae
1119 2704 1246 2765 pertinent
1258 2703 1291 2753 51
1309 2702 1500 2752 controversiam
1519 2702 1584 2750 inter
1600 2699 1674 2749 111555

303 2782 331 2826 51
347 2773 491 2838 Typhonem
509 2773 692 2840 chlerumque
712 2781 802 2836 ortam,
820 2775 920 2838 propius
938 2774 1102 2839 attinguntur.

376 2845 496 2910 Georgius
514 2844 699 2906 Limnaaus,
718 2845 835 2896 mutirem.
849 2845 912 2909 proi.
928 2844 1054 2903 Jeususis,
1072 2844 1136 2895 haec
1148 2843 1257 2909 Replero
1275 2844 1387 2907 scripsit:
1415 2842 1550 2908 Nunquam
1561 2839 1615 2890 Vlr.
1628 2837 1670 2890 (ll.

307 2931 323 2968 5
340 2916 509 2967 uetustissima
526 2915 571 2966 illa
588 2916 771 2968 Platonicorum
789 2916 945 2981 philosophia
963 2915 1026 2966 adeo
1044 2916 1079 2965 lui
1098 2915 1209 2972 alienus,
1228 2920 1257 2964 ut
1275 2928 1332 2965 eam
1350 2930 1406 2964 cum
1424 2914 1527 2964 minutis
1545 2910 1672 2962 aounullls

306 2990 384 3039 nostri
401 2989 520 3051 temporis
538 2987 688 3052 pbilosophis
707 3001 767 3053 agro
786 2995 812 3037 51
829 2988 919 3036 finibus
938 2986 1010 3052 Reip.
1029 2986 1156 3037 literarise
1175 2986 1345 3052 expellendam
1364 3000 1420 3036 esse
1445 2985 1598 3036 5555555155
1624 2981 1673 3032 ssd

303 3063 422 3122 maiorem
440 3073 538 3122 semper
554 3059 590 3108 iiii
608 3060 689 3108 155555
707 3060 856 3122 sapientiam
874 3072 981 3122 eamque
998 3059 1203 3115 eruditissimam,
1221 3059 1319 3120 maiora
1335 3058 1461 3120 mystesia,
1480 3069 1545 3120 quse
1563 3055 1673 3117 511555

304 3139 411 3181 satane
428 3128 569 3193 penetralia
586 3130 704 3179 facillime
723 3129 848 3179 1115555155
866 3129 991 3180 deducere
1015 3136 1131 3194 possent,
1157 3131 1178 3179 si
1201 3130 1278 3180 duoes
1295 3136 1323 3178 51
1339 3128 1451 3193 magistri
1477 3133 1563 3177 emeat
1576 3127 1605 3176 15
1621 3124 1672 3175 lsoc

304 3201 442 3251 studiorum
460 3213 551 3264 genem
569 3202 690 3249 muutriti.
719 3198 786 3249 Dum
799 3215 856 3249 vero
872 3200 920 3250 boc
933 3202 1054 3264 exoptavi,
1075 3203 1189 3264 exoptavi
1202 3208 1285 3251 autem
1298 3201 1452 3263 saepissime,
1471 3211 1530 3250 5555
1542 3196 1671 3247 nundina

306 3269 531 3321 Francoiordensss
549 3271 619 3321 nobis
638 3272 827 3320 transmiserunt
844 3270 1004 3320 Prodromum
1026 3280 1098 3321 tuum
1116 3272 1366 3337 cosmogrspbicum,
1391 3271 1479 3321 librum
1503 3269 1673 3319 vetustissima

307 3348 410 3393 atsere
427 3341 551 3403 sapientia
569 3342 694 3391 refertum.
733 3341 878 3390 Gratulatus
896 3343 974 3406 igitur
991 3340 1046 3391 555
1063 3342 1137 3401 mihi,
1162 3343 1213 3392 tale
1231 3343 1291 3408 quid
1308 3356 1405 3406 5555555
1423 3342 1455 3392 51
1474 3340 1608 3391 artificibus
1626 3353 1669 3389 ex·

305 3413 426 3478 pectauti,
446 3410 585 3475 gratulatum
597 3427 652 3461 sum
664 3412 779 3462 studiosis
791 3411 829 3462 rel
842 3414 948 3462 5555155
961 3414 1136 3470 astronomiae,
1155 3427 1245 3463 noram
1260 3416 1314 3477 jam
1332 3413 1365 3463 ad
1382 3413 1489 3463 siderum
1502 3412 1670 3478 5555115555

304 3485 369 3534 mam
388 3484 447 3546 ipsis
466 3497 521 3532 esae
539 3484 701 3547 patefactam,
722 3483 862 3548 gratulatus
879 3484 929 3532 imo
948 3498 1002 3532 sum
1019 3486 1065 3533 toti
1083 3484 1156 3549 Reip.
1175 3484 1310 3546 literatius,
1329 3484 1432 3534 1551555
1447 3483 1580 3548 aliquando
1597 3488 1668 3532 reta·

305 3556 439 3604 atisaimam
456 3553 643 3618 philosophandi
662 3557 782 3604 rationem
801 3557 872 3619 quasi
888 3559 1063 3605 5555551151555
1076 3570 1130 3607 esse
1148 3554 1194 3606 15.
1224 3557 1278 3606 'l'ibi
1298 3556 1329 3607 de
1347 3556 1448 3621 optimis
1466 3554 1670 3616 5555111551555

304 3626 460 3691 gratulamur
472 3629 497 3673 51
508 3639 645 3687 precamur,
665 3633 694 3675 nt
706 3626 912 3691 quemadmodum
925 3640 1023 3677 emaum
1035 3628 1164 3678 instituisti
1177 3627 1290 3685 lelitlter,
1309 3628 1347 3679 lta
1360 3627 1456 3678 15115155
1474 3627 1501 3676 15
1520 3639 1549 3676 eo
1568 3638 1669 3691 pergas,

306 3696 446 3747 ieiiclssime
466 3696 573 3746 eundem
592 3696 717 3748 coniicias.

375 3767 716 3832 Τ55155151555551515.
742 3772 812 3831 culus
834 3770 893 3833 quia
909 3769 969 3818 mihi
987 3768 1140 3833 exemplaria
1156 3770 1258 3828 misisti,
1284 3770 1379 3836 gratias
1404 3782 1468 3836 ago,
1493 3773 1521 3819 51
1543 3767 1576 3818 15
1593 3771 1668 3833 partu

307 3852 379 3889 meae
399 3838 520 3894 Uraniae,
539 3840 629 3889 51555
647 3853 693 3903 par
710 3855 815 3899 munus,
836 3839 935 3905 aliquod
952 3847 1038 3890 tamen
1056 3843 1205 3904 repromitto.

375 3908 416 3959 De
434 3909 531 3958 Braheo
551 3909 623 3959 Dauo
642 3919 772 3974 praeterea
790 3912 895 3976 quaeris.
929 3911 954 3960 15
972 3918 1011 3961 551
1029 3910 1113 3974 Tycha
1132 3911 1224 3970 Bralse,
1243 3925 1274 3962 55
1292 3912 1444 3962 5511155155
1453 3909 1554 3962 Dauiae
1570 3910 1670 3961 1551115

305 3981 433 4035 emundas,
459 3982 500 4044 qni
524 3988 552 4029 ut
576 3981 658 4030 ierunt
675 3981 752 4047 Regis
775 3982 895 4032 beneficio
913 3983 1019 4033 obtinuit
1036 3983 1143 4033 insulam
1162 3982 1265 4034 celebris
1288 3984 1396 4047 porthmi
1414 3982 1507 4032 Danici
1524 3981 1668 4039 fluennam,

305 4066 379 4116 quam
398 4052 440 4100 alii
458 4051 626 4102 Scarlatinam
643 4060 741 4109 vocant,
760 4055 786 4102 in
804 4069 854 4117 qua
873 4067 957 4104 arcem
975 4060 1001 4103 51
1019 4054 1212 4117 observatorium
1231 4056 1368 4105 construxit
1380 4054 1570 4119 Uranibmgum.
1598 4053 1667 4103 Dex-

305 4125 403 4172 terrime
422 4137 478 4172 eum
497 4124 679 4174 observationes
697 4132 820 4174 tractasse
838 4125 864 4174 11
882 4124 991 4175 artifices
1008 4139 1057 4174 uuo
1076 4140 1118 4175 ore
1137 4140 1222 4175 omnes
1234 4126 1353 4183 15155155.
1372 4126 1479 4176 maxime
1497 4124 1542 4181 illi,
1560 4125 1603 4190 qui
1620 4124 1666 4174 51·

306 4194 422 4258 quamdiu
441 4208 497 4243 cum
516 4208 545 4243 55
563 4201 621 4243 sunt
639 4196 738 4251 5555511,
758 4197 823 4245 15155
841 4210 902 4260 quos
922 4196 1033 4245 amicitia
1050 4196 1110 4245 mihi
1128 4200 1284 4261 5551155511
1301 4197 1334 4248 N.
1350 4197 1381 4247 R.
1403 4196 1481 4248 Ursus
1499 4202 1526 4246 51
1544 4196 1669 4246 Adrianus

305 4264 396 4315 1151155
415 4266 594 4315 Alomarianus.
623 4266 653 4315 ln
671 4266 751 4316 iucem
770 4267 847 4316 edidit
865 4267 1049 4317 observationes
1067 4268 1154 4319 5151155
1173 4268 1330 4334 prodigiosae
1344 4266 1489 4319 55511172
1508 4273 1535 4317 51
1547 4267 1667 4318 cometae

305 4338 365 4386 5551
385 4333 460 4386 1577.
498 4337 573 4386 Extat
591 4338 667 4387 etiam
687 4339 862 4388 Germanicum
879 4340 998 4401 scriptum
1016 4339 1047 4388 de
1071 4340 1148 4404 signis
1166 4340 1265 4392 futurae
1282 4342 1429 4392 5515115515
1449 4341 1513 4390 assis
1530 4339 1616 4403 petitis
1633 4338 1666 4388 ab

304 4407 452 4457 animalibus
470 4409 572 4472 aliisque
584 4410 657 4458 rebus
668 4409 788 4458 inferioris
799 4416 914 4470 naturae,
931 4411 1076 4474 impressum
1088 4409 1245 4475 Urauiburgi,
1264 4413 1327 4464 alius
1341 4413 1454 4463 ,55515515
1473 4412 1582 4468 5515151,
1599 4408 1666 4475 qud

307 4485 393 4528 155555
411 4478 535 4542 Tychonis
554 4494 609 4529 5555
627 4480 711 4529 multis
729 4480 788 4529 mihi
807 4480 953 4543 persuadeo.

376 4549 448 4599 Haec
466 4552 510 4600 tibi
529 4550 560 4599 V.
581 4550 617 4600 Gi.
636 4552 702 4601 solui
719 4552 884 4614 perscribere,
911 4558 937 4602 51
954 4558 983 4600 51
1001 4553 1168 4616 expectationi
1185 4560 1247 4603 tuae
1264 4555 1436 4611 satisfaciam,
1462 4560 1489 4604 et
1506 4551 1668 4603 5551151555

307 4622 463 4669 occasionem
481 4621 640 4686 negligerem.
677 4622 743 4672 Nam
762 4638 818 4673 cum
837 4623 936 4686 aliquod
954 4623 1146 4673 observatorium
1170 4624 1229 4674 mihi
1255 4626 1461 4690 comparaverim,
1490 4624 1606 4676 constitui
1624 4637 1669 4686 per

307 4690 391 4739 literas
409 4706 465 4740 cum
483 4693 617 4743 5511151155
638 4695 763 4744 nonnuliis
789 4696 924 4745 amicitiam
949 4694 1110 4749 ooneaherec
1137 4709 1240 4759 quorum
1262 4712 1276 4747 5
1300 4712 1402 4749 nummo
1428 4711 1484 4748 cum
1508 4703 1535 4747 te
1558 4708 1613 4746 ease
1637 4709 1667 4744 55

307 4759 438 4812 Prodromo
455 4768 498 4812 tuo
517 4767 687 4830 cognoverim,
705 4765 774 4816 baud
791 4772 893 4832 gravate
911 4779 981 4816 meas
999 4765 1210 4830 interpellationes
1227 4767 1306 4831 15555.
1332 4783 1389 4819 cum
1407 4771 1470 4822 1515
1487 4768 1618 4819 occasione
1636 4766 1668 4815 15

307 4831 394 4882 studiis
412 4836 580 4887 communibus
597 4837 720 4887 interdum
739 4837 832 4903 aliquid
848 4838 968 4901 scripsero
986 4834 1032 4888 dc.
1069 4836 1141 4888 Vale.
1173 4835 1631 4905 1151551511555521.Δ55.1599.
