3609 5634
279 364 346 435 lat
846 369 889 422 D·
906 368 1086 421 ΝΜ

279 529 442 611 stagras
465 508 592 610 pariaris
620 527 735 594 soora
762 528 908 593 aeaeae
935 528 1074 592 nauare
1105 528 1260 593 munem
1287 528 1435 602 um
1464 524 1541 608 qn·
1565 542 1653 587 cas·-

278 628 413 685 mentum
435 619 519 682 calce
542 627 673 695 constat,
699 637 775 699 quae
799 637 866 681 curu
888 618 1004 681 habeat
1025 618 1172 682 exedendi
1195 626 1228 681 et
1249 615 1444 681 commeadi
1456 612 1637 698 potentin,

167 772 172 803 ο
278 710 387 773 eadem
410 707 558 790 qualitate
580 708 687 771 imbuit
710 717 743 770 ct
763 708 880 771 radium
905 726 993 789 quem
1011 709 1152 771 reflectit.
1199 707 1351 788 Imprimis
1364 713 1467 770 utem
1486 703 1528 767 ad
1542 703 1638 765 lucem

277 799 430 881 propriam
452 797 604 879 pertinere
631 797 752 860 videtur
778 797 879 879 aliqua
901 796 1105 878 pelluciditss.
1151 797 1232 859 Nam
1261 796 1288 858 si
1311 816 1372 877 qua
1397 796 1428 858 in
1454 812 1490 858 re
1515 790 1640 872 propris

278 890 330 951 lnx
353 888 441 963 inest,
466 886 520 948 illa
542 905 601 949 non
625 886 655 949 in
679 886 836 967 superficie
858 887 965 948 haeret
987 886 1100 968 utique,
1123 885 1178 948 sed
1200 886 1283 948 intus
1304 884 1336 947 iu
1349 883 1499 965 profundo
1520 879 1639 943 radices

278 976 353 1057 egit,
377 984 412 1039 nt
435 975 464 1038 in
488 974 615 1056 gemmis
639 975 795 1039 cernimus.
842 977 950 1055 ltaque
977 982 1012 1037 nt
1033 982 1226 1056 transparsre
1248 974 1360 1056 possit,
1389 971 1542 1055 pellucido
1564 987 1639 1050 opus

202 1062 204 1070 '
278 1070 336 1128 est.
382 1064 531 1137 Quamvis
554 1066 650 1128 multa
672 1084 746 1127 sans
770 1064 836 1147 ipso
860 1071 947 1127 aestu
968 1064 1122 1146 pellucido
1142 1064 1231 1141 dant,
1266 1082 1362 1146 eaque
1383 1062 1416 1125 in
1436 1057 1638 1141 dispositius
1790 1094 1791 1159 3

278 1155 477 1217 retineantur.

824 1240 962 1304 Thesis
985 1239 1089 1304 XXX.

365 1332 530 1412 Ignoscant
552 1330 624 1392 mihi
637 1329 809 1411 philosophi
834 1331 1057 1410 argumentanti
1077 1352 1097 1393 a
1110 1329 1294 1411 corporibus,
1319 1346 1396 1411 quae
1409 1344 1501 1390 mann
1514 1332 1633 1389 aecta

279 1440 357 1496 mus,
382 1421 421 1482 ad
446 1438 582 1500 corpora
596 1419 752 1483 coelestia.
798 1420 879 1482 Nam
893 1419 951 1500 ipsi
974 1438 1047 1482 sane
1071 1420 1170 1482 nullas
1188 1416 1307 1481 omnino
1326 1415 1516 1480 differentias
1528 1422 1633 1477 osten-

279 1512 353 1572 dunt
382 1528 538 1590 corporum
571 1507 699 1571 illorum.
746 1508 848 1580 Quare
877 1509 947 1584 has,
982 1509 1026 1571 uti
1048 1508 1212 1589 putabunt,
1242 1507 1393 1587 ignobiles
1420 1512 1454 1567 et
1473 1511 1635 1568 tamem

278 1598 464 1662 differentias
489 1616 583 1678 aequo
607 1598 706 1660 animo
734 1599 814 1661 inter
836 1598 983 1660 coelestia
1014 1598 1123 1660 ferant
1168 1596 1315 1681 incestat
1342 1595 1421 1657 enim
1447 1592 1564 1674 aliquid
1585 1592 1634 1655 di·

277 1707 355 1762 cere,
380 1689 458 1769 quod
481 1687 511 1749 in
535 1686 648 1748 nnllam
670 1687 854 1768 palpabilem
869 1687 1089 1750 absurditatem
1103 1686 1252 1761 incurrat,
1276 1703 1366 1765 quam
1383 1682 1507 1747 omnino
1520 1689 1647 1766 bacam.

277 1779 325 1839 Ac
347 1776 449 1838 nescio
473 1794 561 1850 saue,
595 1795 633 1837 an
661 1794 719 1837 non
743 1776 846 1838 divina
868 1782 901 1837 et
924 1775 1065 1838 coelestis
1092 1775 1194 1857 potins
1218 1774 1350 1855 qualitas
1380 1771 1509 1835 dicenda
1537 1770 1581 1832 sit
1601 1770 1631 1832 in

278 1864 459 1927 carbunculo
487 1882 617 1944 gemma,
651 1883 728 1944 qnae
751 1865 881 1928 luculum
909 1865 993 1927 illam
1026 1865 1055 1928 ei
1078 1863 1235 1938 conciliat,
1269 1881 1359 1943 qnam
1386 1858 1580 1924 elementaria
1601 1859 1633 1922 in

278 1953 350 2016 Sole
374 1954 413 2015 ad
436 1953 666 2016 calfaciendum.
713 1955 818 2035 ltaque
842 1952 1007 2016 Saturnum
1030 1954 1097 2017 dico
1120 1953 1152 2015 in
1174 1951 1295 2015 humido
1319 1949 1480 2037 excedere,
1505 1948 1632 2011 dmm

278 2043 308 2105 in
331 2042 445 2115 calido,
478 2041 668 2122 aequiparari
695 2042 894 2123 dispositione
918 2042 1053 2122 corporis
1076 2042 1121 2104 sni
1150 2041 1258 2121 glaciei
1281 2045 1374 2122 (mae
1403 2039 1511 2102 Mam
1532 2036 1634 2099 hurni-

278 2131 405 2193 disoima
427 2139 490 2206 est,
513 2136 619 2210 utpote
643 2150 737 2211 aqua,
763 2139 796 2194 et
818 2132 897 2192 omni
921 2132 1023 2193 calore
1044 2130 1179 2212 privata)
1203 2130 1281 2192 unde
1304 2129 1377 2191 alba
1398 2128 1427 2190 ci
1450 2126 1636 2207 superficies.

278 2220 406 2300 ideoque
430 2219 563 2281 crassior
584 2219 704 2282 interna
727 2220 860 2300 corporis
884 2220 1043 2301 dispositio
1066 2239 1122 2283 nec
1136 2220 1296 2281 admodum
1313 2217 1473 2299 pellucido.
1518 2216 1634 2281 Astro-

280 2309 342 2390 logi
365 2308 505 2393 frigidum
528 2315 562 2383 et
584 2308 697 2371 siccum
720 2309 836 2384 dicunt,
866 2310 946 2390 qnod
968 2328 1045 2390 pene
1069 2309 1173 2372 eodem
1196 2308 1314 2370 recidit.
1360 2307 1510 2370 Aestates
1530 2312 1636 2367 tamen

276 2398 395 2480 pluvias
418 2407 450 2461 et
472 2398 595 2480 hyemes
618 2397 766 2477 ningidas,
792 2417 858 2479 enm
881 2406 1032 2478 operatur,
1059 2398 1184 2473 faciem,
1208 2397 1306 2478 magis
1325 2395 1464 2459 humidus
1486 2393 1548 2456 dici
1568 2412 1635 2457 nsc-

277 2494 369 2550 retur.
416 2486 487 2549 Jovi
515 2504 623 2568 corpus
651 2488 757 2550 rubino
785 2487 882 2549 simile
906 2487 1088 2557 tribuamus,
1119 2494 1156 2549 ut
1182 2485 1225 2548 sit
1251 2486 1420 2567 pellucidns
1447 2483 1487 2546 oh
1508 2482 1635 2545 malm

281 2577 377 2638 lucem
400 2575 563 2656 propriam,
589 2582 622 2638 et
644 2576 809 2658 aequabilis
834 2583 925 2656 atque
948 2576 1058 2639 rubens
1081 2576 1120 2639 ob
1144 2575 1291 2655 fulgorem
1313 2583 1346 2636 et
1366 2574 1508 2637 colorem.
1549 2572 1636 2635 lim

282 2665 405 2728 carboni
428 2665 571 2726 candenti
595 2664 854 2748 aequiparabitur,
886 2684 925 2727 ex
949 2684 1006 2748 qno
1029 2664 1108 2745 ignis
1131 2665 1213 2726 intus
1236 2665 1337 2726 latens
1355 2663 1522 2744 polluceat:
1547 2661 1637 2740 ajunt

219 2799 221 2801 -
280 2753 359 2815 enim
383 2753 539 2834 astrologi,
564 2760 597 2815 et
619 2755 806 2833 experientia
827 2760 969 2829 testatur,
994 2754 1139 2817 torridam
1162 2760 1194 2815 et
1217 2760 1304 2815 sestn
1327 2750 1475 2815 fervidam
1492 2749 1556 2815 dm
1578 2749 1635 2811 oh-
1671 2830 1677 2835 ἱ

280 2843 386 2905 tinere.
432 2842 546 2904 Veneri
570 2842 714 2905 electrum
738 2842 874 2905 dabimus
898 2843 1048 2924 aequabili
1071 2850 1105 2905 et
1124 2844 1208 2905 ‘flava
1229 2841 1401 2923 superficie,
1425 2840 1465 2903 ob
1487 2840 1635 2920 fulgora

278 2931 418 2994 eximium
441 2939 473 2993 et
495 2950 648 3006 croceum;
672 2940 706 2995 ut
728 2933 773 2994 ita
795 2932 864 3012 plns
886 2932 1043 2994 humectat
1064 2951 1154 3012 qnam
1176 2932 1336 3003 calfaeiat,
1365 2949 1442 3010 qnae
1464 2929 1635 3009 proprietas

277 3019 497 3083 mollinsculum
521 3038 630 3099 corpus
653 3021 804 3102 requirere
826 3020 955 3083 videtur.
1002 3021 1170 3084 Mercurius
1199 3019 1326 3101 donique
1350 3018 1480 3100 saphyro
1501 3026 1558 3080 aut
1579 3017 1635 3080 tali

278 3110 367 3171 alicui
401 3108 632 3183 assimilabitur,
672 3110 750 3189 qnod
782 3110 992 3189 pelluciditate
1022 3109 1152 3173 acumini
1182 3109 1334 3172 radiorum
1363 3108 1460 3188 ipsius
1491 3106 1634 3180 sufflant,

276 3198 404 3277 plusque
428 3198 568 3278 propriae
592 3215 681 3276 quam
704 3198 821 3261 alienae
845 3198 921 3260 lucis
945 3199 1104 3262 admittat:
1128 3198 1199 3279 quia
1220 3217 1288 3260 cam
1312 3196 1563 3261 combinationem
1576 3195 1635 3258 bs·

277 3286 339 3361 bet,
364 3285 415 3347 nbi
439 3285 522 3359 calor
543 3286 697 3348 humorem
720 3293 852 3366 superat.

820 3375 952 3437 Thesis
973 3374 1094 3437 XXXI.

270 3500 271 3503 =
364 3461 496 3524 Ratione
519 3460 622 3544 itaque
644 3461 721 3523 lucis
743 3464 934 3526 mutuatitiae
958 3464 1007 3526 vel
1030 3462 1161 3526 humoris
1184 3460 1371 3526 considerari
1384 3467 1511 3541 possent
1530 3479 1633 3525 eornm

277 3551 460 3613 emersiones
483 3552 532 3613 vel
555 3550 774 3614 occultationes
797 3560 829 3614 et
851 3553 1068 3632 oppositiones.
1115 3550 1266 3614 Saturnus
1292 3550 1343 3613 11.
1367 3550 1443 3613 Maii
1475 3550 1634 3631 oppositas

275 3639 340 3703 Soli
365 3647 398 3702 et
424 3638 474 3704 18.
499 3640 627 3703 Novem.
651 3640 750 3702 eidem
774 3641 964 3721 conjunctus,
998 3641 1262 3715 humectationem,
1288 3658 1378 3722 qnam
1399 3638 1509 3713 habet,
1533 3639 1634 3703 utrin-

276 3747 334 3809 que
353 3728 507 3791 exercebit
529 3730 676 3804 maxime,
702 3729 773 3809 quia
793 3731 914 3810 plenam
938 3730 1047 3792 faciem
1070 3751 1090 3792 a
1112 3728 1185 3792 Solo
1207 3730 1391 3793 illustram
1413 3728 1455 3790 nd
1476 3746 1534 3791 nos
1555 3746 1632 3791 ecn-

275 3825 385 3880 vertat.
431 3818 516 3879 Haec
542 3816 592 3879 il.
616 3817 772 3880 Februarii
794 3827 827 3880 et
849 3815 879 3883 9.
905 3820 986 3899 Aug.
1010 3819 1136 3882 minima
1167 3818 1228 3882 erit
1259 3819 1291 3881 in
1322 3825 1449 3897 noeque
1473 3817 1633 3899 quadrato.

275 3903 397 3985 Jupiter
419 3905 500 3967 idem
523 3904 554 3970 8.
578 3905 694 3986 Aprilis
717 3908 747 3969 in
771 3908 911 3987 opposito
934 3916 967 3969 et
989 3903 1043 3969 26.
1068 3907 1179 3970 Octob.
1202 3908 1234 3969 in
1258 3906 1485 3987 conjunctione;
1507 3913 1634 3969 mnae-

200 4030 207 4043 κ
276 3992 353 4055 mum
375 3991 407 4057 8.
431 3994 501 4056 Jan.
526 4003 558 4057 et
580 3989 609 4056 6.
632 3994 704 4057 Julii
728 3996 758 4057 in
781 3996 940 4076 quadrato.
985 3997 1084 4059 Mars'
1102 3996 1182 4058 idem
1206 3996 1399 4076 (quantulum
1419 3994 1539 4075 quidem
1562 3995 1630 4074 ejus

276 4082 385 4155 habet)
409 4080 440 4146 5.
464 4082 571 4146 Martii
593 4083 623 4144 in
647 4084 785 4164 opposito
809 4084 907 4160 Solis,
932 4087 1115 4148 contrarium
1138 4082 1169 4150 9.
1192 4083 1262 4146 Jun.
1286 4086 1317 4147 in
1341 4085 1506 4165 quadrato,
1534 4083 1631 4145 in'ter-

272 4171 366 4251 jectis
389 4179 423 4233 et
445 4172 640 4253 sequentibus
663 4174 849 4254 temporibus
872 4175 1055 4238 successive.
1102 4174 1232 4236 Veneria
1256 4173 1420 4237 alienatio
1444 4180 1509 4246 cst,
1542 4177 1633 4234 utet

276 4259 428 4324 Mercurii.
476 4261 558 4323 Nam
584 4259 633 4325 15.
656 4261 730 4323 Maii
754 4263 915 4343 cunjuncta
937 4263 1003 4327 Soli
1027 4281 1131 4343 snpra,
1156 4262 1313 4342 plurimum
1332 4261 1531 4337 humectabit,
1560 4269 1633 4323 ante

276 4356 309 4407 ct
330 4357 402 4429 post
424 4351 598 4412 successive
621 4350 735 4413 minus:
765 4359 798 4413 ct
820 4371 898 4414 anno
928 4353 1041 4415 abhinc
1070 4353 1186 4428 altero,
1215 4352 1296 4414 infra
1318 4351 1383 4414 Soli
1403 4351 1511 4431 pum
1540 4348 1631 4412 mici-

276 4455 365 4500 mum.
412 4437 462 4499 lta
489 4438 659 4502 Mercurius
691 4440 817 4520 exignus
845 4441 875 4503 in
903 4442 961 4504 hoc
989 4449 1038 4504 eet
1066 4437 1096 4505 4.
1127 4440 1197 4503 Jan.
1228 4437 1280 4504 30.
1306 4439 1432 4520 Aprilis.
1469 4436 1523 4504 29.
1547 4438 1627 4519 Aug.

279 4521 330 4588 19.
354 4526 498 4590 Decemb.
543 4528 623 4590 Nam
646 4528 726 4591 inira
743 4528 809 4592 Soli
827 4530 952 4610 junctus
975 4530 1210 4593 omnemiaciem
1233 4528 1338 4593 aSole
1361 4529 1547 4593 illustratam
1558 4546 1631 4590 snr-

276 4632 343 4676 snm
373 4614 482 4678 vertit:
515 4618 671 4697 plurinum
698 4636 769 4682 vero
801 4615 833 4683 9.
857 4618 980 4696 Martii,
1013 4618 1068 4683 27.
1090 4618 1188 4692 lunii,
1222 4616 1511 4698 rabamonte
1538 4635 1633 4698 supra

277 4700 343 4764 Soli
361 4703 507 4785 jungitur,
532 4714 563 4768 et
585 4706 768 4770 illustratam
790 4709 899 4771 faciem
923 4710 1068 4779 deorsum·
1085 4708 1188 4770 restit.

515 4822 517 4825 ·
808 4797 941 4860 Thesis
963 4797 1097 4861 XXXII.

368 4878 501 4944 Ratiorm
523 4881 599 4946 lucis
621 4890 653 4945 et
674 4883 797 4947 virtutis
819 4885 1171 4967 propriaseallactcria'o
1193 4882 1358 4958 drsbitstnr,
1382 4881 1477 4949 altine
1492 4882 1634 4947 meua
