3609 5634
766 363 900 431 ειμι
986 401 998 416 -
1430 337 1515 436 -ιιι

117 509 286 578 humano
309 538 405 596 more,
429 528 465 584 ιι
485 522 621 587 bornines
643 523 864 606 intelligamus)
887 533 978 608 atque
1001 526 1071 589 ides
1093 527 1135 590 sit
1158 526 1200 590 rei
1222 525 1346 632 prioris,
1369 528 1412 591 sit
1434 548 1515 602 vero,

118 607 160 664 ut
182 607 297 668 modo
313 608 429 676 ιιιιιιι
445 618 502 686 est,
526 614 570 674 rei
594 613 735 693 optimae,
761 624 795 678 nt
819 617 915 677 forma
938 616 1030 678 loturi
1053 615 1152 696 operis
1176 617 1239 678 et
1231 634 1298 695 rpsa
1320 618 1374 679 fiat
1392 617 1515 697 optima,

115 698 227 769 patet
259 698 343 775 quod
366 699 413 761 his
437 700 564 779 legibus,
589 720 663 781 quas
678 705 793 767 Deus
784 724 850 785 rpse
874 725 929 766 sua
952 705 1087 768 bonitate
1110 703 1169 765 sibi
1191 705 1380 784 praescribit,
1405 705 1515 768 nullius
1570 715 1572 724 '

117 779 169 840 rei
201 781 321 846 ideam
343 807 396 867 pro
420 789 631 852 constituendo
656 793 764 855 mundo
788 793 940 873 suscipere
963 792 1111 873 potuerit,
1136 812 1225 871 quam
1248 814 1321 855 suae
1344 794 1439 875 ipsius
1463 814 1516 855 ea-

50 889 54 894 ·
98 870 292 942 assutiae:
318 894 393 955 quae
409 877 560 953 bifariam,
585 897 674 958 quam
692 892 853 960 praestans
878 889 969 961 atque
993 881 1096 945 divina
1119 882 1169 954 eit,
1195 882 1378 945 considerari
1402 890 1514 963 potest,

118 957 240 1037 primo
271 964 302 1024 in
326 985 374 1040 se,
398 974 547 1046 quatenus
571 976 620 1030 est
641 989 701 1032 uua
724 970 752 1033 in
777 970 926 1046 essentia,
950 970 1030 1033 trina
1053 971 1081 1033 in
1106 971 1260 1066 personis,
1286 971 1392 1033 deinde
1416 972 1515 1034 colla-

121 1046 224 1110 tione
258 1051 433 1120 saetacum
456 1057 614 1119 creaturis.

233 1139 353 1205 Hanc
344 1143 516 1224 maginem,
540 1144 617 1208 hauc
641 1145 740 1209 ideam
762 1147 903 1210 mundo
895 1146 1063 1226 imprimere
1086 1147 1191 1221 voluit,
1217 1156 1250 1210 ut
1273 1147 1299 1210 is
1322 1147 1409 1208 lieret
1431 1147 1514 1227 opti·

122 1244 205 1288 mus
226 1239 327 1310 atque
340 1232 568 1310 pulcherrimus,
592 1237 715 1315 utque
706 1255 732 1296 ιι
756 1255 822 1298 eam
845 1236 998 1316 suscipere
1020 1245 1136 1315 posset,
1161 1234 1343 1307 Quantum
1367 1235 1512 1310 condidit,

123 1318 401 1401 quantitatesque
414 1320 664 1423 ‘sapientissimus
687 1325 824 1387 conditor
846 1325 1042 1404 excogitavit,
1066 1343 1190 1405 quntum
1208 1323 1314 1398 omnis,
1340 1331 1375 1386 nt
1396 1324 1441 1385 ita
1465 1324 1513 1385 di·

125 1420 222 1481 eam,
254 1409 390 1471 essentia
412 1409 442 1471 in
466 1410 542 1471 baec
565 1411 623 1473 dno
647 1412 819 1475 discrimina
841 1414 975 1486 caderet,
999 1422 1113 1475 rectum
1137 1420 1168 1473 et
1190 1431 1321 1488 curvum,
1346 1413 1513 1492 exquibus

127 1511 277 1556 curvum
301 1497 387 1559 uobis
412 1498 526 1560 duobus
557 1499 617 1563 illis
641 1502 730 1566 modo
754 1502 843 1563 dictis
867 1502 963 1563 modis
986 1502 1082 1566 Deum
1106 1509 1360 1581 repraesentaret.
1407 1501 1513 1582 Neque

128 1581 228 1644 enim
253 1585 488 1648 existimandum
510 1595 568 1663 est,
593 1597 705 1656 temere
729 1590 868 1655 extitisse
891 1600 956 1652 tam
979 1598 1052 1671 apta
1070 1590 1381 1671 praefigurandoDeo
1403 1588 1512 1651 discri-

129 1670 251 1745 mina,
285 1683 320 1735 ut
341 1674 424 1738 Deua
448 1694 506 1738 non
530 1676 567 1738 de
590 1678 669 1741 bis
660 1680 736 1759 apsis
765 1679 962 1760 cogitaverit,
995 1680 1049 1741 sed
1078 1686 1222 1760 quantum
1252 1697 1361 1758 corpus
1388 1685 1513 1779 propter

130 1759 227 1822 alias
253 1782 364 1826 causas
387 1764 506 1844 alioque
529 1767 654 1829 oonsilio
685 1768 869 1842 condiderit,
903 1777 993 1849 atque
1023 1775 1132 1849 postea
1161 1767 1237 1830 recti
1265 1776 1298 1828 et
1320 1766 1402 1829 curvi
1425 1784 1512 1829 cornu·

132 1850 272 1932 paratio
296 1859 329 1912 et
350 1852 426 1914 baec
448 1872 516 1916 cum
538 1855 604 1917 Deo
632 1855 795 1919 similitudo
823 1865 931 1961 suapte
959 1866 1066 1938 sponte
1095 1857 1181 1938 quasi
1210 1856 1332 1919 l'ortuitn
1362 1855 1512 1918 extiterit.

241 1937 323 2010 Quin
345 1941 446 2021 potius
464 1943 624 2006 verisimile
645 1954 701 2014 est,
725 1946 810 2008 initio
833 1947 964 2009 omniurn
988 1955 1071 2010 certo
1096 1945 1220 2008 consilio
1244 1963 1366 2006 curvum
1390 1951 1422 2006 et
1445 1963 1515 2006 rec-

134 2035 213 2090 tum
240 2049 261 2089 a
281 2029 349 2091 Deo
371 2031 471 2093 electa
494 2032 532 2092 ad
557 2034 823 2096 adumbrandam
815 2055 845 2098 ιι
868 2036 978 2097 mundo
1004 2035 1193 2097 divinitatem
1216 2031 1397 2107 Conditoris,
1422 2040 1513 2113 atque

136 2123 177 2178 ut
193 2116 467 2194 baecsxisterent,
492 2122 679 2211 quantitates
695 2124 798 2198 luisse,
822 2131 914 2205 atque
937 2133 971 2186 ut
994 2123 1149 2204 quantitas
1164 2123 1335 2195 haberetur,
1360 2121 1512 2184 conditum

138 2224 221 2268 ease
246 2206 342 2285 primo
366 2209 494 2270 omnium
518 2228 637 2290 corpus.

243 2294 408 2358 Videamus
430 2297 528 2371 modo,
553 2299 736 2379 ecquomodo
761 2296 889 2362 Creator
911 2299 1041 2379 optimus
1065 2300 1121 2361 has
1145 2298 1334 2378 quantitates
1359 2297 1387 2358 iu
1412 2297 1512 2358 mnndi

75 2451 77 2454 ,
140 2382 271 2445 fabrica
293 2385 471 2459 adbibuerit,
496 2394 528 2448 et
551 2388 621 2468 quid
644 2387 805 2451 verisimile
824 2389 865 2450 sit
884 2388 996 2451 uostris
1011 2386 1292 2452 ratiocinationibus
1311 2407 1330 2446 a
1346 2383 1510 2448 conditore

143 2472 267 2533 facturn
290 2493 378 2547 ease,
410 2481 442 2535 ut
475 2475 547 2537 illud
579 2486 688 2557 postea
715 2496 781 2539 cum
814 2477 843 2538 iu
877 2477 1009 2556 antiquis
1039 2485 1102 2538 tum
1130 2476 1159 2537 in
1184 2474 1270 2540 novis
1293 2473 1510 2552 hypothesibus

141 2578 347 2639 quaeramus,
371 2561 457 2643 eique
480 2565 612 2642 palmam
635 2565 814 2633 tribuamus,
838 2584 931 2644 penes
955 2583 1042 2645 quem
1066 2564 1139 2626 illud
1162 2563 1337 2642 reperietur.
1548 2607 1555 2614 .

240 2649 384 2712 Mundum
407 2651 499 2730 igitur
521 2661 619 2716 totum
642 2655 736 2733 ligura
763 2654 861 2716 claudi
889 2653 1064 2734 sphaerica,
1095 2651 1213 2714 abunde
1243 2650 1320 2712 satis
1345 2648 1512 2727 disputavit

144 2736 337 2801 Aristoteles
361 2740 451 2812 (libro
476 2741 505 2802 11
528 2742 566 2804 de
590 2743 709 2814 coelo),
743 2743 841 2805 ductis
865 2744 944 2805 ιιιιι
967 2750 1068 2805 cetera
1091 2760 1129 2804 es
1152 2740 1310 2804 nobilitate
1334 2737 1510 2816 sphaericae
1544 2799 1546 2802 ,

144 2827 319 2905 superficiei
346 2830 551 2907 argumentis:
585 2831 691 2911 quibus
723 2831 885 2894 etiamnum
913 2832 1020 2892 ultima
1043 2828 1203 2909 Cupernici
1230 2830 1356 2890 lixarum
1379 2825 1511 2904 sphaera
1604 2852 1612 2874 ι

145 2916 288 2995 quemvis
307 2924 389 2979 motu
410 2936 516 2980 carens
540 2921 665 2982 eandem
683 2920 808 3000 figuram
832 2929 944 2994 tuetur,
967 2919 1131 2998 recipitque
1146 2916 1248 2979 Solem
1268 2925 1411 2994 tanquam
1434 2932 1508 2975 oen-

146 3012 229 3066 trum
253 3005 281 3066 in
306 3005 442 3068 intimum
465 3008 571 3070 sinum.
618 3007 716 3071 Orbas
741 3027 811 3069 vero
839 3017 957 3071 ceteros
984 3007 1128 3071 rotundos
1159 3024 1228 3068 esse
1251 3003 1406 3067 circularis
1428 3002 1508 3064 stel-

149 3092 247 3155 larum
278 3102 377 3156 motus
408 3096 517 3175 arguit.
566 3096 696 3161 Corvum
727 3098 820 3178 igitur
852 3098 890 3159 ad
924 3096 1024 3160 mundi
1057 3104 1195 3156 ornatum
1230 3093 1396 3157 adhibitum
1429 3109 1509 3164 esse,

150 3181 295 3244 ulteriore
317 3184 495 3261 probatione
518 3204 577 3247 non
600 3195 681 3267 eget.
729 3184 805 3250 Cum
829 3196 932 3248 autern
961 3186 1021 3248 tria
1044 3183 1246 3264 quantitatum
1270 3199 1383 3262 genera
1404 3180 1510 3241 viden-

148 3289 216 3332 mus
240 3270 271 3331 iu
295 3272 414 3345 mundo,
437 3273 571 3350 figuram,
596 3295 749 3339 numerum
765 3284 796 3337 et
808 3275 1036 3355 amplitudinem
1051 3290 1222 3352 corporum:
1247 3289 1368 3333 curvum
1392 3269 1511 3350 quidem

148 3358 247 3420 adhuc
271 3359 301 3422 in
325 3361 392 3423 sola
414 3361 509 3441 ligura
531 3364 705 3443 reperimus.
751 3365 857 3444 Neque
881 3363 960 3425 enim
989 3359 1194 3440 amplitudinis
1224 3361 1285 3423 ulla
1313 3358 1391 3420 ratio
1415 3376 1453 3419 ιι
1476 3376 1511 3418 en

25 3533 28 3536 Ι
149 3455 218 3522 est,
252 3450 330 3528 quod
353 3449 530 3531 inscriptum
553 3452 642 3515 simili
666 3452 813 3532 (sphaera
836 3454 1003 3533 sphaerae,
1035 3450 1164 3512 circulus
1188 3449 1314 3520 circulo)
1345 3465 1382 3507 ex
1407 3446 1512 3508 eodem

149 3545 254 3598 centro
278 3545 331 3599 aut
352 3538 541 3620 undiquaque
564 3543 665 3620 tangit
687 3548 741 3602 ant
762 3541 888 3603 nullibi:
920 3549 953 3602 et
975 3539 1162 3619 sphaericum
1185 3538 1301 3616 ipsum,
1327 3553 1392 3596 cum
1415 3533 1511 3596 solum

151 3632 182 3685 et
205 3625 324 3687 unicum
348 3627 389 3692 ιιι
411 3627 440 3688 ιι
460 3647 515 3689 ιιι
535 3629 715 3709 quantitatis
736 3647 862 3708 genere,
887 3648 946 3690 non
970 3635 1073 3707 potest
1096 3628 1174 3688 aliua
1196 3624 1309 3688 numeri
1333 3641 1422 3704 quam
1444 3630 1510 3684 ter-

151 3712 226 3774 narii
250 3714 417 3794 subjectum
440 3735 518 3779 esse.
557 3716 695 3788 Quodsi
719 3718 811 3796 igitur
834 3718 930 3779 solum
955 3735 1075 3778 curvum
1099 3716 1182 3777 Deus
1206 3716 1235 3776 in
1259 3713 1381 3775 conditu
1405 3730 1510 3790 respe-

148 3800 266 3877 xisset,
297 3812 417 3882 praeter
441 3803 543 3867 Solem
566 3806 596 3867 iu
626 3815 748 3880 centro,
780 3806 830 3885 qui
857 3807 971 3885 patris,
1007 3803 1167 3883 sphaeram
1194 3805 1320 3864 lixanum
1344 3801 1392 3862 vel
1415 3819 1511 3879 aquas

150 3890 305 3953 Moesicas
329 3893 359 3953 iu
383 3893 508 3969 ambitu,
534 3913 609 3974 qnae
632 3894 701 3969 filii,
726 3912 830 3956 auram
853 3894 1016 3956 coelestem
1040 3892 1141 3952 omnia
1164 3892 1344 3972 replentem,
1368 3887 1432 3950 sive
1455 3907 1510 3950 es·

149 3979 317 4042 tensionem
340 3988 372 4042 et
395 3982 612 4062 firmamentum
635 3983 722 4056 illud,
752 3983 830 4063 qnod
854 3981 987 4062 Spiritus
1014 3982 1114 4057 imago
1142 3987 1246 4042 esset:
1277 3987 1398 4058 praeter
1421 3976 1507 4047 baec,

148 4067 283 4147 inquam,
313 4069 386 4132 nihil
414 4071 562 4135 existeret
583 4074 612 4134 iu
637 4073 693 4135 hoc
717 4071 851 4135 aedificio
875 4071 1034 4133 mundano.
1081 4070 1168 4131 Nunc
1191 4085 1262 4129 vero
1286 4085 1354 4128 curn
1378 4074 1411 4126 ιι
1432 4066 1510 4126 fixae

148 4155 210 4217 sint
242 4158 492 4238 innumerabiles,
520 4169 553 4222 et
584 4161 736 4224 mobilium
764 4180 821 4222 non
845 4160 1064 4222 incertissimus
1088 4159 1266 4234 catalogus,
1299 4163 1330 4214 et
1358 4153 1508 4215 coelorum

148 4247 370 4322 magnitudines
395 4248 568 4329 inaequales
593 4250 728 4323 invicem,
753 4269 878 4312 necesse
898 4257 950 4310 est
967 4267 1076 4310 causas
1100 4264 1202 4307 eorum
1225 4244 1355 4306 omnium
1379 4260 1418 4304 ιι
1441 4259 1509 4301 ιιι-

149 4331 278 4396 titudine
299 4343 448 4414 petamus.
495 4337 562 4401 Nisi
587 4339 663 4400 torte
686 4338 784 4399 Deum
811 4338 984 4415 putabimus
1013 4336 1171 4416 quiequam
1198 4330 1237 4394 iu'
1257 4330 1365 4392 meando
1394 4337 1506 4392 ιιιιιιι

148 4420 273 4498 fecisse,
297 4424 368 4486 dum
390 4425 523 4487 rationes
547 4427 677 4505 optimae
701 4434 913 4503 suppeterent,
939 4425 969 4486 id
991 4424 1070 4502 quod
1096 4440 1181 4484 nemo
1204 4420 1276 4483 mibi
1300 4417 1504 4498 persuadebit,

149 4517 182 4570 ut
203 4511 253 4574 vel
276 4512 315 4572 de
338 4513 405 4574 tisis
429 4514 570 4588 sentiam,
594 4533 718 4593 quarum
743 4521 844 4574 tamen
860 4513 937 4574 situs
953 4511 1083 4574 maxime
1098 4509 1227 4572 ninnium
1244 4507 1396 4580 confusus,
1421 4505 1507 4585 quasi

149 4597 289 4660 fortuitus
314 4601 459 4663 sementis
477 4603 580 4681 jactus
604 4601 690 4664 nobis
715 4601 842 4662 videtur.

236 4686 403 4750 Veniamus
425 4689 517 4767 igitur
539 4690 578 4751 ad
602 4698 727 4752 rectas
751 4687 996 4767 quantitates.
1042 4684 1130 4747 Sicut
1153 4691 1256 4748 antem
1279 4690 1371 4744 autea
1393 4681 1507 4761 sphae-

148 4771 210 4833 rica
233 4777 405 4856 superficias
428 4776 495 4839 ideo
518 4787 654 4841 assumta
678 4786 743 4847 est,
769 4776 839 4853 quia
860 4772 1081 4846 perfectissima
1105 4771 1161 4834 luit
1183 4772 1354 4850 quantitas,
1378 4768 1424 4830 ita
1441 4770 1507 4849 jam

148 4879 207 4924 uno
228 4862 311 4928 saltu
335 4866 373 4926 ad
397 4884 522 4951 corpora
546 4875 751 4940 transeamus,
780 4874 914 4952 atquae
937 4880 975 4926 ιι
999 4862 1091 4924 raus
1113 4860 1266 4948 perlectae
1290 4865 1361 4942 sunt
1384 4859 1506 4940 quanti-
