3609 5634
779 303 943 357 uam
1497 277 1549 376 ιι.

175 467 299 582 m}
310 459 423 514 Talon
453 477 513 529 aga
541 463 605 516 tibi
635 464 853 516 conditionem
878 471 1039 530 optaram
1066 473 1098 522 at
1126 469 1200 533 quia
1227 468 1331 526 norit.
1355 467 1432 534 qnid
1454 471 1549 528 titia

251 654 291 705 Ad
308 654 374 706 haec
392 669 451 721 ago
470 655 594 721 Koplerus
611 658 738 722 respoudit
755 657 821 708 hanc
839 658 865 708 lu
883 649 1011 709 modurn:

817 814 851 880 S.
874 818 911 880 P.

271 919 397 981 Literas
420 919 518 993 luas,
542 920 702 1000 Magnifice
726 921 792 997 Vir,
818 918 848 986 9.
873 921 960 1002 Sept.
985 924 1057 986 mihi
1080 925 1226 1000 traditas,
1250 944 1269 988 a
1291 934 1364 989 voto
1388 932 1421 987 et
1442 927 1549 990 launa

180 1007 366 1069 ominatione
390 1008 519 1086 incipis;
542 1009 588 1071 cni
613 1029 740 1090 aequum
764 1020 814 1071 est
834 1010 975 1092 ἀνιηχιιι.

270 1097 419 1177 Equidem
443 1097 571 1177 optarim
596 1106 626 1160 te
651 1100 780 1160 fatorum
808 1099 928 1161 illorum
952 1099 1119 1174 domiuum,
1155 1108 1207 1161 aot
1239 1093 1322 1163 certe
1348 1094 1546 1181 interpretem

180 1191 213 1246 et
235 1184 454 1248 internuncium
479 1205 526 1246 me
548 1186 628 1247 iuter
650 1195 682 1248 et
706 1187 761 1248 lati
786 1188 954 1249 dominum:
979 1208 1048 1250 nam
1071 1190 1108 1249 de
1132 1196 1186 1250 tua
1209 1189 1238 1250 in
1262 1208 1309 1250 me
1333 1187 1546 1254 benevolentia

180 1292 311 1354 aequum
336 1283 393 1346 est,
416 1293 464 1336 me
488 1293 604 1336 summa
627 1275 729 1336 omnia
752 1294 884 1355 sperare.
915 1278 1106 1339 Moderatum
1130 1284 1162 1338 et
1183 1271 1474 1357 philosophicum'rn
1490 1299 1545 1342 ac·

181 1362 324 1441 cipiendo
348 1363 478 1425 animum
501 1362 753 1442 deprehenderet,
786 1366 920 1444 quisquis
944 1386 1032 1445 quam
1056 1365 1313 1445 speciosissimam
1341 1383 1480 1437 exercerc
1504 1369 1547 1430 li-

180 1450 376 1513 heralitatem
399 1450 524 1530 satagit.
572 1453 674 1513 Prima
697 1452 768 1515 mihi
791 1472 878 1528 cura,
911 1462 946 1516 ut
973 1462 1117 1536 qnantum
1140 1455 1204 1516 lieri
1226 1462 1451 1535 potest,·uxor
1477 1475 1546 1518 mea

179 1546 305 1614 teneat,
340 1558 416 1619 quae
449 1540 559 1613 habet,
597 1540 687 1621 idque
713 1542 930 1620 patrimonium
949 1545 987 1605 ad
1011 1561 1182 1604 communes
1211 1543 1322 1605 liberos
1344 1539 1545 1607 transmittat
1596 1557 1600 1564 “

178 1626 303 1689 Etenim
346 1627 569 1708 speculationes
606 1629 729 1691 interitu
769 1631 903 1692 familiae
941 1632 1101 1706 redimere,
1145 1647 1241 1712 neque
1279 1631 1311 1692 in
1352 1627 1549 1712 philosophia

179 1716 342 1778 honestum
374 1725 441 1791 est,
475 1735 569 1797 neque
599 1718 680 1798 pium
712 1719 741 1779 in
771 1719 927 1799 religione.
974 1721 1047 1782 Inde
1077 1727 1232 1800 peteretur
1259 1737 1354 1781 coena
1374 1715 1545 1795 Platamos,

179 1805 373 1886 habitusque,
399 1806 449 1885 qui
472 1806 611 1867 maritum
636 1807 733 1868 decet.
779 1807 859 1871 Nam
882 1808 912 1869 in
937 1808 983 1870 his
1008 1808 1123 1871 duobus
1146 1808 1297 1888 capitibus
1316 1808 1456 1871 consistit
1477 1817 1547 1876 stu·

180 1893 457 1956 diorumlibertas.
504 1893 563 1963 Qui
588 1903 676 1973 eget,
703 1896 812 1957 servit:
837 1905 871 1957 at
893 1897 944 1958 vin
968 1898 1126 1978 quisquam
1150 1906 1257 1976 sponte
1286 1898 1380 1959 servit
1404 1915 1542 1978 unquam.

181 1981 270 2053 Quod
296 1982 474 2044 nativitates
498 1991 529 2043 et
554 1981 739 2045 Calendaria
761 1984 910 2046 interdum
935 1986 1052 2059 scribo,
1077 2006 1130 2059 ea,
1155 2003 1203 2046 me
1226 1983 1362 2059 Christe,
1386 1986 1547 2048 monte»

181 2071 258 2132 sima
281 2072 352 2133 mihi
376 2070 506 2133 servitus
530 2079 593 2145 est,
619 2072 674 2133 sed
697 2074 884 2148 necessaria,
918 2092 958 2135 ue
988 2075 1105 2136 scilicet
1137 2075 1175 2136 ad
1199 2075 1290 2135 breve
1314 2080 1433 2153 tempus
1456 2071 1542 2148 libor,

180 2168 251 2238 post
276 2161 390 2239 turpius
414 2161 554 2222 serviam.
590 2161 697 2240 ltaque
721 2169 756 2222 ut
778 2162 923 2223 salarium
947 2182 1084 2237 annuum,
1111 2169 1144 2225 ut
1167 2164 1285 2225 titulum
1309 2171 1343 2223 et
1365 2164 1463 2226 locum
1486 2161 1543 2224 de-

181 2249 312 2316 fendam,
336 2248 599 2309 obsecundandum
623 2257 672 2310 est
695 2249 851 2329 imperitae
875 2251 1056 2313 curiositati.

271 2336 332 2399 Sed
356 2338 393 2397 ad
419 2338 570 2398 desideria
592 2357 661 2398 mea
682 2347 827 2399 revertor.
871 2337 1025 2420 Quidquid
1047 2338 1120 2401 mihi
1144 2346 1327 2417 superesset,
1348 2338 1545 2418 jurajuranda

179 2426 346 2499 sancirem,
380 2424 408 2485 in
438 2426 539 2487 studia
569 2426 777 2505 philosophiae
809 2428 1019 2506 impensurum.
1067 2428 1212 2488 Lectores
1237 2427 1359 2498 alerem,
1382 2435 1417 2488 ut
1439 2427 1546 2502 oeulis,

175 2515 242 2593 jam
266 2513 519 2589 hebescentibus,
535 2523 570 2575 ut
593 2523 625 2576 et
648 2515 774 2594 tempori
803 2523 987 2593 parceretur.
1034 2513 1168 2576 Noouios
1192 2514 1260 2574 hinc
1294 2516 1363 2575 inde
1394 2516 1546 2577 mitterem

179 2617 234 2681 pro
250 2602 345 2676 libris,
355 2620 409 2681 pro
424 2602 615 2664 consulendis
630 2604 728 2664 doctis
734 2623 743 2676 ;
760 2605 960 2665 instrumenta
973 2604 1175 2675 machinarer3
1190 2601 1452 2664 observationibus
1467 2603 1547 2664 alios

180 2691 362 2765 adhiberem,
382 2691 407 2751 si
427 2691 522 2750 minus
537 2709 594 2768 ego
614 2691 791 2762 sufficerem,
806 2692 850 2752 sic
865 2699 897 2752 et
911 2690 1185 2771 compunctionibus
1201 2689 1293 2769 aliqui
1309 2690 1544 2753 destinarentur:

179 2779 259 2852 Nam
279 2780 414 2859 legendo,
440 2781 640 2857 computando
664 2780 821 2858 plurimum
845 2779 964 2840 effundo
988 2779 1152 2860 spirituum,
1178 2778 1361 2857 speculando
1384 2797 1500 2858 parum.

269 2868 330 2929 Sed
354 2868 430 2930 haec
453 2886 527 2929 sane
550 2867 579 2929 in
603 2876 757 2946 potestate
782 2867 913 2947 supremi
937 2870 1066 2931 fatorum
1091 2866 1203 2928 domini
1226 2868 1287 2928 sita
1309 2876 1390 2940 sunt,
1415 2867 1464 2948 qui
1484 2866 1545 2929 etsi

180 2975 238 3018 non
262 2973 309 3017 me
333 2956 449 3017 attollit
471 2957 577 3029 altius,
603 2956 680 3018 lacit
700 2957 732 3017 id
756 2956 859 3035 procul
883 2957 974 3040 duhio
997 2958 1027 3019 in
1051 2973 1148 3017 meum
1171 2956 1367 3024 commodum,
1382 2975 1419 3016 ne
1442 2955 1544 3034 inepta

181 3063 228 3106 me
250 3063 305 3124 pro
329 3045 529 3124 antesignano
553 3045 654 3125 aliquo
673 3045 860 3105 literatorum
885 3045 964 3105 ferra
988 3045 1139 3123 incipiam.
1165 3074 1207 3086 -

251 3219 448 3270 Bernartius
467 3220 490 3269 d.
510 3217 552 3269 20.
571 3220 631 3269 Jan.
653 3217 722 3270 tono
739 3222 845 3271 uundat
861 3220 984 3284 Keplerc:
1004 3217 1095 3278 „Nach
1112 3219 1168 3270 dara
1187 3218 1391 3271 ichdcmHerm
1411 3218 1545 3274 ὶιιιιίιιιιιι

178 3292 275 3342 meinai
292 3298 418 3355 ςιιιιιιοιι
436 3290 530 3341 Dienar
548 3291 638 3341 etlicha
657 3291 756 3342 thher
777 3291 955 3357 angeschicht,
983 3290 1020 3340 als
1044 3290 1091 3341 hat
1117 3306 1144 3341 er
1170 3293 1217 3342 mir
1238 3292 1275 3340 aie
1297 3290 1432 3341 viademm
1453 3304 1543 3355 raege-

179 3361 275 3421 btacht,
295 3362 329 3411 da
346 3377 373 3412 cr
390 3362 439 3412 den
456 3363 538 3412 Herm
557 3365 595 3411 nit
614 3363 744 3412 auhaimbs
762 3362 932 3429 augetroffcn,
959 3362 1065 3411 scudem
1094 3363 1153 3412 dass
1180 3378 1206 3412 er
1230 3362 1283 3411 sloh
1302 3361 1342 3411 eiu
1361 3360 1419 3410 Zeit
1435 3360 1496 3426 lang
1514 3375 1546 3410 aa

180 3432 448 3565 PragAaruustgdapplsspfi'
468 3501 525 3552 dass
544 3503 589 3554 der
606 3502 670 3553 Herr
688 3505 727 3555 bei
746 3503 826 3554 Herm
844 3503 930 3566 Tycho
948 3502 1032 3553 Brahe
1055 3503 1109 3553 rich
1132 3502 1268 3563 helundeu,
1291 3502 1338 3551 hat
1360 3516 1387 3552 er
1411 3514 1458 3567 gar
1481 3500 1546 3551 wohl

179 3575 232 3624 aad
248 3575 319 3624 recht
336 3573 430 3639 gethan
447 3574 500 3624 und
517 3575 577 3624 vird
594 3574 637 3624 ihu
656 3577 693 3625 nit
711 3589 796 3626 rouen
834 3575 916 3625 Wauu
934 3576 1017 3624 noina
1036 3572 1135 3624 Sacheu
1153 3589 1181 3624 ιο
1200 3538 1343 3626 buohaffen
1360 3577 1459 3630 aaron.
1486 3571 1545 3626 (lan

179 3646 221 3697 iah
239 3647 353 3696 abreisan
370 3645 472 3706 iduato,
492 3645 550 3694 volt
568 3644 609 3694 ich
628 3648 664 3696 nit
681 3646 846 3704 unterlasscn,
866 3644 911 3694 lue
929 3645 1012 3695 Herm
1029 3645 1112 3695 Brahe
1131 3660 1162 3695 zu
1182 3643 1314 3695 beaucheu

251 3785 458 3850 Keplernad
479 3785 501 3835 d.
524 3781 566 3834 12.
585 3785 636 3835 lul
659 3781 726 3835 1600
743 3785 886 3848 respondit

817 3943 909 4008 S.P.

268 4050 427 4131 Nunquam
453 4049 681 4130 opportuniores
705 4049 744 4110 ad
767 4047 815 4110 me
838 4050 945 4111 literas
968 4047 1096 4110 misistis
1119 4047 1158 4109 N
1185 4046 1274 4108 etM.
1292 4045 1358 4120 Vir,
1381 4053 1470 4125 quarn
1488 4041 1545 4105 hoc

181 4139 245 4241 ipso
270 4148 423 4218 t,curpore
461 4158 518 4220 quo
546 4139 583 4199 de
614 4139 709 4199 totius
732 4137 870 4200 instituto
893 4138 976 4199 vitae
1004 4139 1033 4199 in
1058 4135 1239 4214 gravissima
1265 4152 1371 4194 versor
1394 4132 1546 4194 delibera-

182 4229 272 4290 tiouc.
319 4228 439 4290 Etenim
468 4247 520 4288 eas
552 4226 813 4288 hunuanitatist
782 4235 813 4288 et
850 4224 1116 4287 benevolentiae'
1109 4245 1136 4285 ιιι
1161 4244 1207 4285 me
1231 4221 1465 4302 significationes
1489 4237 1546 4280 ex-

182 4291 341 4378 hibueruut
366 4337 478 4391 omneS,
504 4335 578 4395 quas
603 4316 641 4376 ad
665 4334 711 4376 me
736 4315 886 4395 scripsisti
910 4314 1067 4394 epistolae,
1093 4319 1127 4373 ut
1149 4330 1278 4393 sperem,
1297 4329 1343 4371 me
1363 4328 1421 4370 non
1437 4307 1547 4368 saltem

181 4406 351 4467 consultore
375 4414 415 4479 te,
442 4406 494 4467 sed
519 4405 612 4466 etiam
637 4404 775 4482 adjutore
799 4404 928 4465 feliciter
952 4419 1081 4463 usurum.

270 4495 348 4555 Nam
373 4503 407 4555 nt
431 4494 469 4554 ad
493 4493 549 4553 has
574 4492 695 4554 ultimas
720 4500 788 4553 tuas
814 4493 918 4554 literas
943 4488 995 4552 20.
1020 4488 1090 4550 Jun.
1116 4488 1215 4559 datas,
1241 4484 1342 4556 (hines
1364 4483 1546 4557 enimalias,

186 4578 235 4644 14.
261 4582 335 4645 Dec.
361 4591 392 4643 et
421 4582 467 4643 iil.
488 4583 578 4643 Mart
604 4582 734 4661 scriptas
759 4582 877 4642 domum
901 4597 1040 4641 reversus
1064 4576 1176 4656 reperi)
1209 4573 1304 4653 primo
1334 4574 1398 4633 loco
1418 4589 1546 4675 respon·

184 4671 281 4771 deam,
306 4674 349 4734 sic
374 4680 430 4746 est,
456 4679 489 4732 ut
513 4670 649 4751 conjicis,
675 4670 714 4731 ad
738 4669 793 4730 ΙΙΙ
819 4669 862 4730 Id.
887 4668 958 4729 Jan.
1007 4663 1116 4727 Gratia
1140 4662 1279 4735 discessi,
1303 4659 1505 4745 Tyohmem
1497 4680 1547 4720 m-

183 4759 320 4833 visurue,
351 4767 383 4820 et
414 4779 480 4822 cum
509 4760 627 4838 Pragae
660 4776 713 4838 per
750 4757 866 4837 aliquot
893 4755 957 4816 dies
981 4752 1163 4826 haesissem,
1193 4752 1314 4812 tandem
1337 4748 1434 4813 Nonis
1456 4748 1546 4812 Febr.
