3609 5634
261 344 324 412 170
769 340 883 407 umet
901 341 1103 410 cfflwfld

259 505 428 568 coincfflere
452 511 485 567 et
505 503 563 566 niti
585 502 691 566 eodem
714 502 920 580 fundamento,
945 502 1024 585 quod
1046 510 1150 566 tamen
1172 501 1413 583 qnopntto'dat,
1435 500 1646 582 tuomum

260 595 407 658 hactenus
429 610 580 673 nunquam
601 591 696 672 potui.
711 589 736 666 ¹)

708 768 753 832 ΙΝ
776 766 917 831 CAPUT
939 765 1180 832 VIOESIMUM

787 889 903 941 NOTAE
922 889 1101 942 eucrotia.

342 997 374 1070 a)
397 1003 476 1056 Haec
490 1006 535 1055 est
547 999 661 1071 propria
674 1000 794 1055 mauris
807 1000 870 1054 libri
884 1001 932 1055 lV.
946 1000 1103 1071 Epitomes;
1128 1004 1298 1055 transsumta
1317 999 1380 1054 inde
1393 998 1422 1053 in
1436 998 1484 1053 lib.
1498 999 1532 1052 V.
1546 999 1635 1053 Har·

175 1144 179 1155 ³
262 1082 434 1137 monitorum.
471 1082 542 1135 Nam
556 1081 630 1134 illius
646 1080 709 1134 libri
723 1097 785 1151 cap.
802 1080 829 1135 3.
844 1080 916 1134 baec
929 1080 992 1150 ipsa
1006 1082 1133 1152 quaestio
1148 1082 1292 1141 enodatur,
1314 1087 1344 1133 et
1358 1079 1431 1134 inter
1445 1079 1634 1133 fundamenta

262 1162 419 1227 assumitur,
443 1161 541 1234 quibus
556 1162 768 1224 demonstratur,
792 1169 882 1215 motus
895 1161 1071 1231 planetarum
1086 1168 1226 1216 extremos
1240 1160 1374 1215 contineri
1398 1158 1630 1230 proportionibus

262 1242 435 1297 harmonicis.
475 1242 537 1296 Etsi
551 1236 622 1301 rero'
638 1241 666 1295 in
679 1241 732 1295 boc
746 1241 838 1312 capite
852 1244 970 1295 noudum
990 1249 1134 1297 assecutus
1155 1258 1215 1295 snm
1239 1241 1310 1312 qnod
1329 1242 1505 1310 quaerebam,
1530 1240 1631 1310 plera·

263 1339 316 1394 que
331 1330 425 1376 tamen
440 1322 567 1376 adbibita
580 1320 724 1392 principia,
746 1337 818 1392 qnae
832 1320 899 1375 mibi
918 1320 979 1391 jam
1002 1328 1060 1375 tum
1079 1329 1199 1377 naturae
1216 1336 1307 1375 rerum
1320 1321 1487 1377 ridebantur
1508 1335 1628 1374 consen-

263 1414 356 1466 tanee,
381 1402 536 1456 certissima
558 1408 588 1454 et
605 1402 673 1455 totis
693 1401 736 1455 bis
752 1400 789 1455 25
804 1401 883 1455 annis
896 1401 1044 1457 utilissima
1066 1418 1126 1456 sum
1140 1408 1292 1471 expertus:
1317 1402 1482 1471 praesertim
1503 1401 1531 1456 in
1544 1400 1629 1455 Com·

265 1482 406 1538 menteriis
427 1485 461 1537 de
481 1482 601 1537 motibus
621 1481 731 1545 Martia
752 1488 834 1551 parte
855 1482 903 1536 lv.

343 1561 375 1630 b)
398 1564 473 1626 Quas
494 1563 587 1619 nullas
608 1579 670 1617 esse
690 1561 807 1631 probavi
828 1561 857 1616 in
877 1562 1028 1616 Commeat.
1049 1562 1159 1616 Martis.

344 1640 369 1709 c)
391 1643 419 1697 Si
440 1660 579 1714 provoco
600 1642 715 1696 anima
734 1659 829 1695 vocent
850 1642 914 1696 vim
942 1642 1109 1705 substituas,
1140 1641 1230 1695 babes
1256 1642 1422 1714 ipsissimum
1454 1639 1628 1711 pmndpium,

265 1743 302 1779 ex
324 1741 377 1794 quo
397 1724 516 1794 physica
536 1722 665 1776 coelestis
686 1722 714 1775 in
735 1722 884 1776 Commeat.
906 1722 1005 1776 Martis
1034 1729 1079 1775 est
1097 1722 1264 1787 constituta,
1290 1730 1321 1777 et
1346 1724 1395 1778 lib.
1415 1721 1463 1776 IV.
1483 1721 1629 1791 Epitomes

264 1810 340 1858 Astr.
361 1804 485 1857 exculte„
528 1803 600 1857 Olim
626 1802 698 1857 enim
718 1818 830 1856 causam
851 1809 1004 1857 moventem
1032 1803 1163 1871 planetas
1184 1803 1314 1858 absolute
1340 1803 1458 1857 animam
1484 1816 1545 1853 esse
1566 1816 1628 1853 cre·

265 1885 378 1947 debam,
410 1884 511 1955 quippe
537 1883 657 1936 imbutus
685 1882 862 1954 dogmatibus
889 1884 915 1937 J.
938 1883 968 1937 C.
995 1882 1145 1954 scaligeri,
1176 1884 1211 1936 de
1236 1884 1395 1938 motricibus
1421 1879 1627 1952 intelligentiis.

263 1969 303 2019 At
323 1981 383 2017 cum
405 1966 617 2035 perpenderem,
640 1963 711 2016 hanc
732 1978 844 2016 causam
865 1962 1007 2017 motricem
1027 1962 1166 2016 debilitari
1187 1979 1249 2018 oum
1269 1963 1418 2027 distantia,
1440 1962 1531 2015 lumen
1552 1959 1628 2015 Solis

265 2044 349 2099 etiam
371 2044 512 2099 attenuari
533 2060 594 2097 cum
614 2043 749 2098 distantia
770 2059 789 2096 a
808 2042 887 2098 Sole:
919 2043 982 2099 ltine
1002 2042 1124 2113 conclusi
1142 2042 1198 2097 vim
1217 2044 1289 2099 banc
1309 2061 1372 2099 esse
1393 2058 1553 2111 corporeum
1573 2039 1627 2094 ali·

266 2126 338 2195 quid,
360 2123 383 2177 si
404 2143 458 2179 non
478 2123 589 2195 proprie
611 2124 710 2177 saltem
732 2123 896 2192 aequivoce;
918 2122 989 2177 siout
1010 2123 1102 2176 lumen
1122 2122 1236 2178 dicimus
1249 2141 1312 2179 esse
1333 2122 1436 2194 aliquid
1455 2135 1627 2192 corporeum,

266 2206 292 2258 id
314 2212 366 2269 est,
388 2205 507 2275 speciem
529 2220 547 2258 a
567 2220 682 2274 corpore
703 2204 857 2273 delapsam,
877 2204 927 2256 sed
948 2202 1170 2279 immateriatom.

346 2284 374 2351 d)
396 2285 528 2340 Nimirum
549 2285 638 2337 locum
659 2283 765 2339 invenit
785 2282 814 2336 in
835 2284 985 2337 Commeat.
1005 2282 1105 2337 Martis
1131 2299 1205 2337 anno
1229 2283 1304 2338 1600
1325 2284 1421 2339 editis:
1452 2283 1514 2337 inde
1535 2290 1628 2337 mans-

267 2372 359 2420 sumta
378 2372 423 2419 est
443 2380 549 2419 summa
569 2364 610 2418 rei
631 2370 661 2417 et
681 2363 804 2434 repetita
823 2362 851 2417 in
871 2363 947 2433 Epit.
968 2367 1081 2419 Astron.
1104 2362 1151 2417 lib.
1172 2364 1220 2417 tv.

281 2448 288 2455 ’
346 2442 374 2510 ε)
395 2447 474 2500 Haec
494 2444 586 2499 omnia
606 2445 664 2498 sine
684 2444 745 2498 nlla
764 2442 918 2498 mutatione
940 2444 1036 2498 valent
1056 2443 1140 2497 etiarn
1160 2443 1188 2497 in
1209 2443 1360 2498 Commeat.
1380 2443 1488 2499 Martis.

346 2521 375 2594 f)
396 2526 448 2581 Hie
471 2542 548 2579 error
570 2524 674 2594 incipit.
711 2525 772 2577 Hoc
786 2523 858 2579 enim
872 2540 926 2578 non
940 2530 985 2578 est
998 2523 1069 2576 idem
1090 2524 1119 2577 in
1132 2523 1307 2588 contrarium,
1332 2541 1392 2579 cnm
1406 2543 1440 2579 eo
1459 2525 1530 2596 quod
1544 2538 1627 2593 prae·

267 2605 393 2668 mittitur,
415 2606 476 2660 scil.
500 2605 706 2677 elongationem
730 2621 748 2658 a
767 2604 832 2658 Sole
855 2603 897 2658 bis
920 2605 1013 2658 faeere
1037 2605 1072 2656 ad
1095 2605 1251 2675 augendam
1279 2603 1429 2673 periodum¹
1469 2604 1514 2659 Sic
1533 2610 1628 2657 antem

266 2685 347 2739 debui
362 2686 504 2756 colligere,
526 2690 557 2739 et
570 2692 667 2738 contra
679 2684 885 2753 proportionem
899 2685 1073 2754 perlodorum
1087 2684 1199 2753 duplam
1220 2701 1283 2738 esse
1303 2680 1494 2757 α’ποςηματαν
1513 2698 1627 2755 propor-

267 2765 357 2829 tionis,
380 2783 435 2819 non
449 2768 520 2837 quod
536 2766 587 2819 hoc
601 2781 694 2817 verum
709 2780 770 2817 esse
785 2772 904 2829 teneam,
927 2771 971 2818 est
990 2763 1062 2816 enim
1083 2762 1144 2832 ejus
1168 2766 1355 2818 tantummodo
1377 2764 1570 2835 sesquialtera,
1595 2769 1629 2815 ut

267 2846 422 2900 audiemus:
447 2849 495 2900 sed
515 2844 585 2916 ,quia
607 2862 644 2898 ex
659 2844 712 2897 hac
735 2845 978 2916 argumentatione
1001 2843 1054 2897 boo
1073 2843 1198 2915 legitime
1212 2845 1395 2915 sequebatur:
1419 2844 1496 2898 vides
1517 2844 1559 2897 uti
1581 2842 1626 2897 bic

266 2925 382 2980 medium
406 2925 670 2981 arithmeticum
695 2924 732 2977 sit
755 2931 881 2989 sumtum,
906 2941 957 2995 per
977 2923 1190 2978 dimidiationem
1206 2924 1387 2991 differentiae,
1411 2941 1472 2979 cum
1485 2924 1627 2979 debuisset

266 3006 383 3060 medium
406 3004 661 3077 geometricum
685 3004 762 3057 sumi.
853 3021 861 3034 ’

346 3084 378 3156 g)
397 3085 513 3154 Propius
528 3101 595 3139 sane
619 3101 670 3153 per
683 3083 768 3137 talem
782 3081 975 3137 mediationem
989 3082 1207 3148 arithmeticam,
1236 3100 1318 3155 mam
1344 3102 1396 3155 per
1421 3083 1626 3156 geometricam,

267 3167 391 3239 quamvis
414 3166 585 3236 geometrica
607 3163 733 3236 legitime
754 3164 971 3217 concludebatur
990 3181 1028 3218 ex
1049 3165 1179 3221 meamus
1194 3164 1350 3235 principun
1375 3165 1516 3235 quiscum
1528 3164 1628 3219 revera

267 3247 304 3302 sit
325 3244 468 3315 proportio
491 3244 677 3316 proportionis
701 3260 755 3297 nou
778 3244 872 3313 dupla,
899 3245 948 3297 sed
961 3243 1070 3298 tantum
1088 3245 1273 3314 sesquialtera
1296 3244 1326 3313 (2
1341 3266 1348 3299 ε
1365 3245 1401 3308 3,
1417 3247 1444 3301 b.
1459 3264 1484 3299 ε.
1499 3242 1628 3316 quadrati

268 3328 304 3381 ad
318 3322 442 3390 cubum):
465 3325 566 3379 accidit
587 3324 640 3388 bic,
664 3330 696 3376 ut
718 3323 835 3376 medium
859 3323 1062 3378 arithmeticum
1083 3323 1321 3395 appropinquaret
1341 3325 1430 3379 medio
1444 3323 1628 3395 proportionis

267 3406 475 3476 sesquialterae,
496 3405 560 3476 plus
575 3421 657 3476 quam
672 3403 787 3457 medium
798 3403 1007 3474 geometricum,
1032 3421 1081 3458 seu
1094 3404 1280 3475 proportionis
1295 3406 1410 3475 duplae,
1434 3405 1500 3475 quia
1512 3404 1629 3458 medium

268 3486 472 3541 arithmeticum
495 3502 604 3556 semper
617 3483 729 3555 propius
754 3481 909 3552 estmaiori
930 3484 1053 3548 termino,
1076 3501 1158 3555 quam
1180 3485 1296 3540 medium
1317 3486 1527 3556 geometricum:
1551 3483 1629 3539 utin

268 3567 396 3637 exemplo
412 3567 438 3620 6.
455 3566 482 3621 9.
501 3566 545 3619 12.
563 3571 593 3618 ει
607 3566 633 3619 6.
650 3566 677 3619 6.
697 3564 742 3625 12.
757 3563 932 3627 hicmedium
947 3565 1149 3619 arithmeticum
1171 3564 1292 3635 emejus
1312 3573 1357 3620 est
1369 3566 1538 3639 geometrico
1553 3565 1581 3620 8.

346 3645 378 3711 h)
403 3646 481 3700 Citra
500 3645 611 3699 dubium
631 3644 729 3715 praxis
752 3643 809 3698 ista
831 3661 885 3697 non
909 3644 962 3698 fuit
976 3652 1106 3699 assecuta
1124 3645 1303 3702 theorematis
1317 3662 1438 3716 scopum,
1461 3652 1495 3699 ut
1513 3645 1632 3715 jamest

269 3726 456 3796 explicatum:
477 3725 595 3780 medium
616 3724 687 3778 enim
710 3724 915 3778 arithmeticum
936 3743 991 3779 non
1013 3730 1059 3779 est
1080 3726 1152 3779 idem
1174 3742 1235 3779 curu
1256 3726 1435 3798 geometrico.

349 3804 372 3875 i)
396 3807 468 3869 Quia
490 3807 615 3861 nimirum
639 3805 798 3860 incedebam
821 3804 902 3877 vagis
917 3805 1059 3877 gressibus
1083 3805 1293 3877 flexiloquorum
1306 3808 1460 3873 verborum,
1486 3822 1541 3861 non
1565 3806 1629 3877 lege

270 3883 454 3941 arithmetica
495 3887 565 3942 Vide
588 3887 633 3941 hic
649 3885 709 3956 jam
732 3894 877 3956 utrumque
899 3902 1076 3959 processum:
1101 3885 1176 3955 prior
1198 3886 1238 3940 sio
1260 3894 1337 3943 erat:

799 3966 933 4020 Periodus
952 3965 1053 4021 Martis
1077 3966 1144 4022 687.

800 4045 933 4101 Periodus
954 4047 1057 4102 Terrae
1080 4045 1137 4102 365
1145 4041 1185 4107 Ἰ.

1120 4143 1287 4201 Differenbifl
1315 4135 1418 4204 321st

868 4281 873 4287 .
1121 4224 1269 4281 Dimidium
1303 4217 1420 4309 Q

803 4322 924 4377 bladium
938 4323 1141 4379 arithmeticum
1155 4319 1258 4383 526¹le.
1296 4356 1301 4365 ,

546 4400 604 4457 526
623 4396 652 4462 'le
673 4402 722 4456 dat
741 4401 900 4458 distantiam
919 4403 1018 4457 Martis
1040 4406 1132 4470 1000,
1161 4403 1225 4475 quid
1246 4395 1361 4464 bibli?

613 4491 615 4494 ‘
683 4482 826 4553 Sequitur,
851 4483 987 4536 distantia
1009 4485 1129 4539 Telluris
1152 4485 1220 4539 694.

354 4560 496 4615 Posterior
516 4562 556 4617 sic
578 4568 656 4616 erat:
677 4561 774 4617 Posito
798 4563 960 4617 distantiam
984 4564 1102 4618 Telluris
1125 4581 1187 4619 esse
1211 4566 1279 4620 694.
1320 4564 1390 4620 Dico
1411 4562 1464 4617 sic:
1491 4561 1635 4617 Distantia

274 4640 372 4694 Martis
390 4642 465 4696 1000
479 4643 529 4697 dat
542 4642 683 4713 periodum
698 4643 764 4707 687,
781 4642 845 4714 quid
859 4642 994 4698 distantia
1003 4644 1106 4699 Terrae
1121 4645 1199 4699 6947
1220 4645 1345 4716 sequitur
1358 4652 1493 4716 tanquam
1504 4642 1634 4714 periodus
1707 4640 1711 4649 ⁴

275 4719 377 4775 Terrae
393 4720 459 4776 477.
487 4722 579 4795 Pergo
594 4722 682 4794 igitur
694 4740 745 4793 per
759 4739 884 4778 eversam
900 4721 1114 4795 proportionem.

355 4800 431 4855 Vera
443 4803 571 4873 periodus
587 4799 680 4862 365¹lt
707 4805 755 4857 dat
776 4804 878 4859 falsam
893 4803 961 4869 477,
985 4812 1119 4875 tanquam
1139 4822 1177 4859 ex
1190 4804 1291 4869 Marte,
1313 4805 1378 4876 quid
1395 4804 1479 4869 1000,
1503 4809 1635 4874 tanquam

274 4880 315 4936 ris
330 4880 450 4936 Martis?
474 4883 597 4955 sequitur
613 4883 698 4949 1306,
722 4889 856 4956 tanquam
876 4883 919 4939 ris
940 4885 1069 4942 Telluris.
1111 4886 1252 4943 Excessus
1275 4885 1364 4960 igu'tur
1384 4885 1495 4941 virtutis
1516 4884 1635 4942 Tellmis
