3609 5634
281 376 346 445 368
702 377 803 430 Litsrae
820 378 924 445 Kspieri
942 380 1094 448 altumque
1111 383 1218 436 munao,
1277 413 1281 421 ·

280 540 401 591 statim
419 551 477 589 mea
493 535 575 589 adhuc
593 536 732 601 acquiesco.
769 536 827 588 Non
844 553 909 604 nego
929 545 1031 596 tamen.
1054 537 1205 603 Keplesuuu,
1228 541 1258 586 ut
1282 531 1516 586 medendum
1538 547 1641 600 geome-

280 618 354 668 tram,
373 612 471 661 interea
487 607 586 658 modum
605 609 768 674 excogitasse,
789 624 837 673 quo
856 624 873 660 a
890 610 1008 675 gracilius
1026 608 1234 672 conjecturalibus
1251 607 1391 656 liberemur.
1428 604 1482 671 Ego
1499 613 1561 655 tnnc
1574 611 1643 655 tem

280 684 345 746 poris
362 682 430 730 velut
448 669 650 734 αὖτοδιδακτος
668 681 694 729 ἰιι
711 678 759 729 hac
777 680 912 738 facultate,
941 687 967 730 et
989 681 1146 747 geometricis
1174 677 1422 729 demonstrationibus
1448 677 1530 726 minus
1554 690 1642 726 usuc·

280 754 371 812 sauna,
390 753 453 808 leci,
472 750 537 815 quod
554 751 631 814 potui.
667 749 717 800 Vix
734 753 800 801 enim
816 766 861 815 per
879 752 1005 803 biennium
1027 751 1090 802 serio
1108 756 1169 801 tune
1187 749 1354 800 astronomica
1370 753 1550 804 murmano,
1575 747 1644 796 omni

281 838 369 873 carens
388 827 556 887 praeceptore.
594 820 670 885 Spero
688 823 787 889 ltaque,
810 822 844 871 D.
862 823 999 888 chlerum
1017 821 1148 872 humanius
1166 836 1207 870 me
1224 825 1404 875 mmmm,
1431 818 1491 868 lieet
1515 817 1644 882 qnaedam

284 895 472 945 inartificialiter
489 894 515 941 in
533 893 649 942 methodo
672 906 730 943 mea
747 894 898 944 tradiderim.
936 894 1012 946 aunt
1035 900 1075 944 est
1096 893 1205 943 invenire
1227 892 1302 956 quid,
1327 888 1442 954 statque
1465 888 1492 938 id
1512 891 1644 954 isgmiosa

282 966 382 1015 tedere
400 971 427 1014 et
444 964 541 1013 docere.
579 962 641 1023 Quis
660 966 725 1013 enim
750 973 809 1014 aute
834 979 874 1014 me
899 965 999 1015 tabulas
1022 965 1152 1014 erecdonis
1178 969 1204 1013 et
1228 961 1369 1028 Monta
1394 959 1547 1010 Ptolemaiou
1569 960 1645 1009 modo

283 1036 451 1086 instituendae
468 1048 578 1098 uuquam
596 1029 748 1097 publicavit?
784 1035 907 1099 Keplerus
926 1037 957 1086 d'o
975 1035 1078 1101 Magiuo
1102 1040 1171 1085 recte
1188 1035 1281 1091 sentit,
1304 1034 1383 1096 ipsum
1406 1045 1464 1084 suaa
1487 1031 1589 1082 tabulas
1612 1044 1646 1079 ex

277 1110 343 1157 ineis
361 1108 450 1156 saltem
469 1105 643 1169 descripsisse,
672 1106 698 1156 id
716 1106 780 1171 quod
798 1107 857 1156 mihi
880 1109 943 1157 satis
967 1107 1099 1157 constabat
1126 1111 1185 1155 aute
1213 1105 1319 1156 reditum
1336 1117 1418 1153 meum
1438 1117 1468 1152 ea
1486 1102 1570 1152 ltalia.
1609 1104 1646 1150 at

283 1178 433 1243 redarguere
452 1176 520 1225 illum
538 1175 634 1240 publice
652 1171 733 1234 nolui,
758 1192 808 1227 non
828 1177 893 1227 enim
911 1179 937 1228 id
954 1178 1002 1228 loci
1021 1185 1048 1228 et
1064 1176 1183 1242 temporis
1201 1183 1262 1225 tuuc
1280 1174 1422 1239 patiebatur
1440 1173 1530 1223 ratio*
1569 1170 1646 1233 Quae

282 1249 377 1313 reliqua
401 1254 460 1298 snut
483 1247 557 1309 hujus
581 1246 655 1296 Marii
674 1249 793 1311 epistolae
820 1249 853 1298 ad
870 1249 1026 1313 Dioptricam
1044 1248 1148 1312 Kepleri
1173 1245 1396 1302 murmurosus,
1422 1245 1466 1294 ubi
1483 1245 1593 1309 pluribus
1611 1243 1647 1294 da

283 1319 357 1369 Marii
374 1319 474 1384 ingenio
493 1324 520 1367 et
537 1319 656 1372 moribus.
685 1319 915 1385 detentionibusque
938 1334 1000 1386 ques
1022 1319 1069 1369 sibi
1086 1319 1221 1368 debcant
1238 1331 1349 1384 qenins.
1386 1315 1435 1366 Hic
1452 1322 1552 1366 tantum
1568 1322 1646 1365 ncta·

282 1407 345 1448 mus,
364 1390 463 1440 tabulas
480 1388 535 1447 has,
555 1404 616 1453 quas
634 1390 742 1456 glorians
761 1391 823 1440 dicit
842 1405 875 1449 „a
892 1405 920 1441 se
937 1390 1068 1440 insentas“
1096 1397 1122 1439 et
1140 1402 1157 1439 a
1175 1388 1279 1453 Magluo
1297 1388 1450 1451 descriptas,
1474 1388 1568 1436 minimi
1588 1400 1646 1437 esse

283 1462 400 1511 momenti
423 1475 503 1525 neque
522 1460 581 1524 qnid
603 1461 659 1510 nori
678 1463 811 1511 continere.
849 1461 960 1512 Tabulas
978 1461 1172 1511 declinationum
1196 1466 1222 1510 et
1240 1459 1304 1510 coeli
1321 1459 1498 1508 mediationum
1516 1473 1531 1508 e
1548 1457 1645 1523 Regio·

282 1539 401 1582 montaum
420 1532 546 1582 dmumtas
564 1533 616 1595 ipso
633 1532 735 1587 fatetur,
755 1532 870 1591 „tabulas
888 1547 945 1582 vero
963 1533 1090 1582 domorum
1109 1537 1258 1596 supputatae
1277 1531 1385 1580 ameum
1403 1529 1570 1594 augustinum
1589 1528 1644 1579 La-

284 1605 352 1654 nium
366 1602 541 1653 0uoldinnm.“
581 1601 710 1653 Gelonium
723 1611 808 1653 autem
826 1602 892 1652 huuc
906 1604 1010 1654 absolsit
1022 1603 1086 1653 duce
1098 1601 1242 1652 Johaune
1254 1600 1446 1665 Hispaleusl
1464 1598 1517 1661 (ed.
1530 1600 1648 1650 Henetus

284 1673 368 1725 Norib.
390 1669 481 1735 15⁴8),
500 1687 573 1738 quesn
602 1675 717 1738 „saepius
737 1675 842 1739 legendo
861 1675 908 1724 sibi
926 1674 1059 1725 admodum
1077 1674 1224 1724 familiarem
1241 1671 1409 1728 reddiderat“
1435 1677 1462 1721 et
1478 1672 1554 1721 rerba
1569 1671 1648 1733 hujus

285 1746 393 1795 auctoris
410 1743 520 1794 noudum
536 1744 677 1809 intelligens
698 1746 856 1803 „methodum
874 1746 938 1795 coeli
956 1746 1081 1796 domicilia
1099 1744 1253 1795 describendi
1270 1743 1324 1807 ipse
1342 1742 1492 1792 adiuvenit¹⁴
1525 1741 1571 1792 His
1588 1757 1646 1806 per·

285 1818 363 1879 ceptis
386 1817 507 1872 latemur,
533 1817 630 1865 nescim
647 1830 693 1864 nos
710 1823 793 1866 utrum
811 1817 887 1875 verba
905 1815 978 1866 Marii
996 1816 1060 1866 haec
1077 1830 1120 1879 pro
1139 1818 1202 1865 veris
1221 1813 1366 1879 accipienda
1383 1813 1433 1862 siut
1451 1826 1545 1864 necne:
1566 1812 1647 1870 Ama

284 1887 349 1950 qnod
367 1888 421 1950 plus
440 1893 486 1946 est,
505 1884 571 1935 hanc
590 1892 669 1936 totam
682 1887 792 1953 erigendi
805 1887 896 1952 figuras
910 1889 972 1938 coeii
989 1888 1112 1937 rationem
1124 1887 1262 1953 excogitavi
1274 1886 1350 1949 prius,
1370 1897 1445 1948 mam
1462 1884 1502 1935 rel
1513 1885 1648 1950 quicquam

283 1958 310 2007 in
328 1958 454 2008 autoribus
472 1957 504 2007 dc
522 1970 554 2006 ea
571 1956 646 2022 legi!⁸

377 2045 592 2108 Gratissimum
620 2045 773 2108 inseruisti
797 2045 973 2125 dnoypnqos
994 2043 1095 2106 Marii.
1131 2042 1206 2105 ‘Sed
1240 2043 1277 2104 de
1310 2042 1406 2122 ipsius
1435 2042 1549 2103 tabulis
1577 2043 1647 2103 die-

286 2143 410 2214 ceptare
433 2134 559 2196 ulterius
584 2134 699 2196 animus
723 2134 794 2195 mibi
818 2154 878 2196 uon
901 2142 958 2196 est.
1006 2132 1126 2195 Sufficit
1149 2132 1215 2207 hoc,
1239 2131 1318 2212 quud
1345 2131 1416 2206 dixi,
1440 2131 1649 2192 incommodae

284 2242 353 2285 esse
377 2241 441 2299 usu,
466 2223 545 2303 quod
568 2223 655 2284 video
679 2233 832 2284 auctorem
856 2222 955 2284 fateri.
1002 2220 1159 2301 Dirigendi
1184 2229 1216 2281 et
1230 2219 1366 2300 erigendi
1389 2220 1538 2294 rationem
1562 2239 1647 2282 more

287 2312 472 2374 Ptolemaico
504 2311 618 2373 tradidi
646 2310 702 2373 tibi
724 2312 754 2373 iu
778 2312 916 2385 chartis3,
941 2309 1044 2372 ibide
1074 2309 1277 2371 fundamentis
1300 2308 1388 2388 hujus
1411 2308 1456 2370 rei
1480 2327 1519 2369 ex
1538 2309 1649 2371 Ptole-

285 2419 371 2463 maeo
394 2401 581 2480 disputatum
604 2400 798 2462 sufficienter.
845 2400 948 2462 Nolim
971 2417 1043 2459 vero
1064 2398 1136 2459 mihi
1152 2397 1367 2459 necessitatem
1386 2395 1498 2477 imponi
1521 2398 1651 2460 eundem

285 2490 456 2551 resumendi
481 2490 614 2551 laborem
637 2489 666 2550 iu
691 2508 723 2550 rc
746 2497 809 2550 tarn
828 2488 897 2550 vilis
922 2486 1075 2549 momenti.
1123 2485 1265 2567 Sequitur
1287 2485 1317 2546 iu
1334 2484 1432 2547 Mario
1448 2485 1540 2547 anxia
1563 2505 1649 2548 cum-

285 2578 404 2659 paratio
428 2596 539 2652 eorum,
563 2596 640 2658 quae
664 2578 728 2657 ipse
751 2577 864 2656 primus
888 2576 1076 2656 computavit
1098 2583 1131 2636 et
1149 2573 1379 2648 demonstravit,
1404 2593 1471 2635 cum
1494 2573 1543 2650 iis,
1568 2594 1648 2655 quae

285 2686 332 2728 me
356 2666 496 2745 agnoscit
518 2667 687 2728 reddidisse
711 2667 931 2739 commodiora,-
949 2664 995 2726 cui
1020 2663 1211 2743 subjungitur
1234 2663 1424 2744 deprecatio,
1449 2682 1486 2724 ue
1506 2663 1648 2726 inhuma-

287 2755 405 2816 mauius
428 2754 525 2834 ipsum
549 2764 688 2816 tractem.
735 2755 803 2816 Nisi
828 2755 932 2828 fallor,
957 2762 990 2815 tu
1013 2753 1058 2815 illi
1080 2752 1240 2832 scripsisti,
1266 2771 1313 2814 me
1337 2752 1474 2832 publicas
1498 2753 1648 2814 adversus

287 2844 386 2923 ipsum
401 2843 570 2922 suscepisse
590 2842 771 2917 inimicitias,
797 2844 933 2922 adeoque
944 2843 1008 2922 jam
1022 2841 1172 2915 hostilem,
1196 2840 1223 2902 si
1238 2840 1304 2902 Deo
1323 2841 1433 2920 placet,
1455 2840 1562 2903 librum
1575 2841 1650 2903 mibi

287 2932 343 2993 sub
366 2931 503 2993 manibus
526 2932 652 2994 versari.
699 2931 811 2992 atita
834 2932 907 2992 mihi
931 2932 1116 2992 bouameus
1141 2931 1258 3004 faveat,
1287 2930 1332 2991 uti
1355 2947 1412 3007 ego
1443 2947 1594 3009 uunquam
1617 2931 1649 2991 in

288 3021 334 3081 his
362 3019 479 3099 apiuis,
513 3020 622 3081 nedum
653 3019 685 3082 iu
713 3020 983 3081 emendatiuoculis
1016 3019 1110 3080 ullam
1138 3018 1253 3098 gloriae
1286 3035 1372 3097 spem
1404 3035 1533 3097 ponam3
1571 3037 1649 3099 quae

287 3108 348 3171 illis
372 3108 530 3170 inebartis
550 3127 698 3188 nunquam
713 3108 896 3188 attigissem,
923 3108 948 3170 si
973 3107 1087 3187 absque
1105 3114 1161 3169 tna
1179 3107 1349 3186 importuna
1363 3106 1510 3185 petitione
1526 3107 1646 3169 luisset

287 3196 389 3259 Amici
412 3196 564 3272 charitati,
589 3217 647 3259 uon
670 3216 736 3259 meo
761 3197 867 3273 lubitu,
893 3197 1024 3276 scriptas
1049 3195 1239 3269 memineris;
1272 3213 1400 3278 propere
1423 3194 1516 3276 igitur
1540 3204 1645 3258 trans-

288 3304 393 3347 eamus
416 3286 456 3346 ad
479 3285 549 3347 alia

359 3389 432 3440 Haeo
451 3389 535 3449 ,alis“
555 3396 614 3441 sunt
631 3404 676 3448 ea,
700 3403 765 3455 quae
783 3388 911 3454 respondit
927 3387 1051 3452 Keplerus
1077 3387 1110 3438 ad
1126 3387 1253 3439 residuum
1276 3388 1395 3452 epistolae
1413 3385 1558 3448 Emissae,
1584 3403 1652 3456 quae

288 3462 393 3513 mmm
411 3460 445 3511 ad
457 3461 612 3526 Dioptricam
629 3462 761 3513 referenda
779 3475 847 3518 esses
866 3473 943 3525 quare
962 3461 1038 3510 etism
1049 3459 1153 3524 Kepleri
1170 3461 1355 3523 responsionem
1367 3460 1426 3512 ilinc
1442 3463 1580 3513 rcierhnua.

360 3531 491 3582 Conclusio
507 3533 635 3584 literarum
653 3539 680 3582 et
698 3533 784 3582 datum
803 3533 901 3582 desunt.
937 3530 996 3581 lam
1013 3532 1087 3580 misso
1106 3529 1227 3581 Vickenic
1246 3530 1279 3581 ad
1297 3531 1359 3581 alios
1377 3534 1517 3584 transimus.

362 3618 611 3684 Christcphorus
629 3617 869 3686 Hegulcntins,
888 3615 957 3681 (ride
975 3615 1051 3681 inira)
1070 3618 1182 3683 Auglus,
1200 3620 1279 3683 pridie
1298 3618 1384 3670 Nonas
1402 3621 1475 3671 Febr.
1497 3619 1565 3671 1605
1584 3621 1650 3673 liaeo

289 3691 398 3756 Keplero
417 3692 531 3756 scripsit:
563 3691 712 3743 Doctissime
730 3691 780 3740 sir!
806 3690 941 3741 Tabellarii
957 3688 1031 3752 hujus
1050 3689 1113 3739 adeo
1135 3697 1236 3754 praeter
1260 3706 1359 3740 omnem
1382 3695 1581 3756 expectationem
1600 3694 1650 3744 dis·

293 3777 378 3814 cessus
404 3763 499 3813 subitus
522 3779 573 3812 non
596 3777 637 3813 me
655 3764 714 3812 sinit
731 3762 809 3812 insius
827 3762 860 3811 ad
878 3769 904 3811 te
929 3761 1049 3819 scribere,
1076 3767 1105 3810 ut
1126 3761 1215 3811 rellem
1240 3768 1267 3812 et
1289 3768 1317 3811 ut
1334 3777 1431 3827 semper
1447 3765 1505 3813 mihi
1525 3767 1550 3814 in
1569 3767 1653 3815 animo

289 3834 352 3891 init.
381 3848 411 3884 es
429 3848 476 3898 quo
493 3835 599 3897 primum
616 3836 783 3884 astrommica
806 3840 862 3883 tna
880 3832 1014 3897 opsita,
1042 3831 1158 3882 nundinis
1176 3835 1306 3896 postremis
1323 3834 1483 3900 pervulgata,
1512 3836 1545 3886 ad
1562 3849 1652 3886 manus

290 3913 388 3953 nocuas
405 3906 525 3968 persenit
562 3904 631 3968 Opus
649 3905 756 3969 quidem,
775 3911 804 3954 nt
822 3904 900 3953 doctis
917 3904 1030 3953 omnibus
1049 3905 1225 3969 gratissimum,
1245 3906 1284 3955 ita
1301 3902 1418 3969 (siquod
1435 3906 1504 3957 aliud
1515 3908 1594 3970 »hujus
1606 3921 1651 3973 gs-

291 3973 367 4037 neris)
386 3978 508 4025 communi
527 3978 635 4026 omnium
653 3975 884 4026 matbematicorum
903 3974 1022 4040 suffragio
1040 3975 1245 4026 lmdsussimum,
1285 3974 1352 4027 Nam
1370 3977 1416 4026 etsi
1435 3978 1507 4028 multi
1524 3980 1551 4029 in
1569 3986 1648 4028 astra

291 4047 377 4096 nomia
394 4045 473 4096 multa
490 4049 672 4111 conscripsere,
691 4053 790 4103 tamen,
808 4051 838 4096 ut
856 4046 921 4110 qnod
939 4059 1023 4094 verum
1041 4051 1080 4094 est
1098 4043 1173 4096 libere
1191 4047 1320 4111 profitear,
1344 4046 1495 4112 reliquerunt
1513 4064 1569 4099 eam
1586 4064 1651 4113 pene

291 4131 376 4167 omues
393 4114 503 4167 tenebris
522 4118 674 4167 densissimis
693 4118 881 4173 circumlatam,
906 4131 937 4166 ex
960 4117 1048 4179 quibus
1072 4122 1101 4166 tu
1118 4119 1223 4181 primum
1242 4131 1356 4183 agressus
1376 4133 1402 4168 es
1427 4121 1508 4183 ipsam
1526 4121 1552 4171 in
1570 4121 1652 4171 lucem

292 4189 428 4239 sindicus.
465 4189 504 4238 Tu
522 4191 588 4239 enlm
606 4204 656 4239 uon
674 4189 753 4238 solum
772 4188 909 4238 eruditione
926 4188 998 4236 saria
1014 4187 1162 4244 instructus,
1189 4189 1236 4239 ted
1260 4196 1287 4239 et
1308 4191 1462 4253 mentia
1478 4192 1608 4256 mulh‘plici
1626 4199 1652 4242 et

294 4261 464 4309 observatione
484 4260 593 4323 adjutus,
613 4260 771 4310 difficultates
790 4273 876 4308 omnes
894 4259 969 4308 facile
986 4260 1118 4322 superasti,
1138 4274 1194 4309 cum
1212 4260 1244 4309 de
1261 4261 1459 4319 retractionibus,
1477 4262 1509 4313 de
1527 4265 1593 4314 slaue
1609 4277 1650 4314 ra-

202 4365 206 4383 ι
292 4331 368 4392 tione,
388 4331 418 4380 de
437 4331 492 4380 luce
510 4331 632 4389 siderum,
652 4332 683 4381 de
702 4330 828 4393 eclipsium
847 4331 1034 4387 observatione,
1053 4330 1084 4379 de
1102 4330 1268 4395 parallasibus
1292 4338 1318 4382 et
1336 4331 1434 4397 reliquis
1450 4332 1524 4397 huius
1542 4335 1651 4385 sublimia

293 4402 415 4451 scientiae
432 4402 525 4451 intimis
544 4404 643 4452 arcanis
662 4402 725 4452 adeo
744 4403 811 4451 clare
830 4400 1015 4464 philosophatus
1034 4402 1077 4457 sla,
1095 4409 1125 4450 ut
1142 4402 1193 4451 iere
1212 4402 1272 4451 nibil
1290 4405 1412 4453 intactum
1425 4405 1552 4470 reliquisse
1564 4406 1648 4456 ridea-

293 4474 340 4529 ru,
368 4472 434 4538 qnod
452 4472 485 4522 ad
503 4472 570 4522 hanc
589 4480 668 4524 artem
687 4472 750 4523 adeo
769 4472 876 4521 divinam
895 4471 1097 4535 amplificandam
1119 4473 1159 4522 rel
1176 4473 1295 4536 physicae
1317 4475 1357 4524 sel
1375 4476 1474 4538 opticac
1497 4484 1524 4526 et
1541 4477 1651 4541 reliquae

292 4542 434 4594 matheseos
451 4543 562 4594 thesann
574 4545 730 4609 suppeditare
747 4550 858 4607 possunt
896 4541 979 4603 Quam
997 4544 1028 4593 ob
1039 4557 1101 4601 rem,
1119 4546 1141 4593 si
1159 4544 1268 4595 antehac
1285 4559 1351 4595 mors
1362 4547 1497 4598 immstma
1509 4548 1651 4599 nobilissimi

293 4613 416 4676 'l'ychonis
434 4629 520 4664 omnes
538 4617 703 4666 astronomiae
722 4615 833 4664 alumnos
850 4613 989 4664 incredibili
1006 4628 1071 4678 pene
1090 4615 1172 4666 dolore
1191 4615 1284 4674 sffodt,
1303 4618 1330 4666 iu
1347 4617 1396 4668 hoo
1414 4632 1477 4669 sane
1494 4634 1545 4670 uon
1557 4623 1650 4669 ninom

293 4685 385 4749 gaudio
404 4700 431 4735 se
448 4693 573 4736 recreatos
591 4689 714 4745 sentiunt,
742 4685 927 4736 lucubrationes
947 4687 1000 4748 ejus
1025 4692 1147 4750 tauquam
1164 4688 1252 4737 liberos
1270 4696 1375 4752 parente
1392 4691 1488 4754 proprio
1507 4692 1607 4741 orbatos
1625 4691 1651 4740 in

294 4755 401 4805 mtslsn
417 4759 515 4821 patroni
533 4765 586 4806 tam
604 4758 733 4808 exercitati
751 4763 777 4806 et
794 4757 874 4807 tidelis
893 4756 1029 4806 devenisse.
1067 4757 1101 4806 Et
1118 4764 1185 4808 certe
1204 4760 1298 4824 gratias
1317 4760 1362 4809 tibi
1375 4775 1426 4809 nou
1437 4763 1553 4813 minimas
1566 4775 1650 4812 omnes

295 4825 413 4877 debemm
431 4835 458 4877 et
474 4827 610 4888 habemns,
636 4828 701 4894 quod
718 4828 839 4878 theoriam
857 4827 946 4877 Marto
963 4829 1071 4878 numeris
1095 4829 1146 4878 suls
1165 4830 1305 4880 absolutam
1329 4831 1472 4896 propediem
1490 4834 1560 4884 nobls
1578 4834 1649 4898 polli-

296 4899 372 4957 υσίας
400 4900 1562 4967 estenimideintererraticsscmuiumnaslmelutabalisabipsocceicdedcieac
1592 4904 1651 4969 lpsa
