3609 5634
733 381 1057 437 ameum·
1335 348 1488 453 ‘n

131 542 176 603 de
201 544 392 608 latitudinum
414 546 564 609 varietate
585 547 758 628 cogitandi:
787 548 867 611 sicut
888 548 1022 613 videmus
1046 547 1208 611 octaedron
1230 548 1379 615 Mercurio
1402 550 1488 613 unius

130 634 373 696 eccentricitatis
395 636 513 696 modum
536 637 777 717 praescripsisse.

228 723 321 785 Porro
344 725 381 786 de
403 725 505 787 Luna
525 726 641 806 pridem
664 734 781 808 tempus
804 736 860 802 est,
886 733 921 788 nt
944 724 1056 806 aliquid
1080 725 1187 787 dicam.
1229 726 1308 789 Nam
1330 729 1489 792 concordia

129 810 269 873 Veneris
291 832 357 875 cum
381 815 428 876 sui
450 815 582 895 corporis
607 815 788 878 dimensione
812 815 925 896 arguit,
958 815 1035 876 hanc
1063 816 1276 878 dimensionem
1299 817 1337 878 ad
1361 817 1488 893 Lunam,

129 918 215 979 quae
238 902 361 965 Terram
384 903 487 979 ambit,
511 904 552 966 nil
574 904 740 983 pertinere:
765 905 823 968 nisi
845 904 971 967 velimus
991 923 1048 965 non
1063 904 1192 967 Martem
1207 905 1327 982 Terrae,
1352 906 1407 968 sed
1423 926 1488 969 me-

128 990 219 1051 diam
242 991 353 1054 Terrae
376 993 550 1055 distantiam
572 993 667 1057 Marti
697 996 819 1076 propius
852 994 1030 1069 admovere,
1065 1001 1099 1056 ut
1130 995 1234 1056 Lunae
1263 994 1343 1057 circa
1365 996 1488 1059 Terram

129 1081 276 1161 nmisque
299 1082 434 1163 aequalis
457 1091 579 1162 pateret
600 1085 680 1146 inter
701 1085 909 1167 proportiones
931 1084 1087 1146 transitus.
1123 1084 1237 1145 Verum
1256 1103 1294 1145 ex
1307 1084 1363 1146 boe
1378 1104 1487 1166 seque-

128 1175 222 1231 retur
243 1169 352 1232 Martis
376 1179 408 1233 et
427 1171 515 1256 ,lovis
537 1172 625 1254 longe
648 1174 743 1254 mej0r
764 1173 947 1255 parallaxis,
980 1177 1054 1254 qnae
1077 1172 1143 1252 jam
1166 1181 1256 1235 antea
1278 1174 1493 1257 grandiuscula,

130 1266 195 1320 est
241 1257 390 1323 Mercurio
413 1280 494 1339 vero,
519 1262 569 1343 qui
591 1263 687 1325 minus
710 1264 790 1343 justo
814 1271 846 1326 et
859 1262 973 1326 Venari
997 1262 1172 1345 quassatis
1195 1262 1337 1333 habebat,
1361 1264 1487 1345 amplius

131 1347 209 1428 qnid
234 1348 290 1409 hoc
312 1351 399 1412 modo
423 1351 600 1415 demeretur.

228 1438 290 1500 Sed
313 1439 384 1519 quid
407 1440 517 1502 attinet
539 1442 643 1504 Lunae
667 1441 814 1503 rationem
837 1441 957 1516 babere,
982 1459 1048 1503 cum
1071 1439 1126 1503 illa
1147 1459 1204 1503 non
1229 1440 1268 1502 ad
1291 1441 1393 1505 orbem
1410 1442 1487 1504 Ter-

131 1546 207 1601 rae,
232 1535 266 1588 nt
287 1536 454 1591 oeteromm
475 1531 662 1610 planetarum
686 1529 840 1612 epicyclia,
864 1530 983 1611 proprie
1005 1530 1164 1608 pertineat.

227 1616 351 1680 Terram
375 1619 451 1680 enim
475 1622 685 1700 pdasdperme
708 1629 827 1682 creator
850 1620 920 1681 orbe
934 1619 1046 1681 Lunari
1065 1619 1169 1680 ultimo
1184 1618 1344 1681 vestivisse
1358 1618 1485 1696 videtur,

132 1705 210 1789 quia
239 1725 305 1768 earn
332 1708 454 1770 volebat
477 1703 573 1770 instar
596 1708 677 1773 Solis
699 1728 781 1784 esse,
812 1716 845 1772 ut
868 1716 899 1771 et
922 1708 990 1788 ipsa
1012 1707 1185 1770 ambiretur.
1230 1709 1417 1788 Argumento
1440 1719 1490 1771 est

131 1796 292 1876 proportio
316 1797 442 1859 mediae
455 1798 620 1861 distantiae
635 1800 739 1861 Lunae
763 1820 781 1860 a
804 1806 907 1862 centro
922 1798 1033 1859 Terrae
1052 1798 1090 1858 ad
1110 1797 1363 1860 semidiametrum
1377 1799 1488 1862 Terrae
1585 1845 1594 1853 .

133 1884 245 1946 eadem
270 1887 350 1961 lere,
375 1905 455 1975 quae
473 1888 589 1949 mediae
612 1887 776 1950 distantiae
799 1887 940 1951 Mercurii
963 1908 982 1949 a
1004 1894 1106 1949 centro
1130 1884 1210 1948 Solis
1234 1888 1272 1948 ad
1297 1887 1488 1951 semidiame-

133 1981 218 2035 trum
241 1972 333 2035 Solis
378 1962 457 2038 Nam¹
481 1978 507 2039 si
529 1977 695 2040 Mercurius
720 1977 758 2038 ad
781 1977 884 2040 Solem
917 1985 1000 2038 esset
1031 1985 1066 2036 ut
1093 1977 1180 2038 Luna
1209 1984 1259 2038 est
1285 1977 1324 2038 ad
1354 1977 1487 2053 Terram,

135 2063 269 2125 distaret
300 2060 365 2127 430
398 2065 628 2128 semidiametris
656 2067 777 2129 Terrae.
825 2065 1008 2148 Gopemicns
1041 2067 1129 2146 paulo
1162 2065 1230 2146 plus
1257 2076 1412 2143 numerat,
1444 2087 1488 2131 sc.

138 2146 263 2235 451¹),
289 2155 354 2233 quis
378 2154 444 2229 soit,
470 2173 558 2235 quarn
580 2156 675 2218 vere?
698 2156 824 2219 lnlerius
848 2165 982 2218 correcto
1005 2155 1093 2217 modo
1118 2163 1204 2217 erunt
1225 2152 1299 2219 441.

227 2243 334 2323 Neque
357 2263 429 2306 vern
452 2244 642 2306 metuendum
665 2253 720 2319 est,
746 2265 783 2308 ne
806 2246 943 2307 Lunares
967 2244 1055 2307 orbes
1078 2266 1098 2306 a
1115 2244 1220 2306 vicinis
1244 2263 1399 2325 corporum
1418 2263 1490 2325 pro-

135 2331 328 2411 portionibus
351 2333 513 2413 compressi
537 2334 696 2398 elidantur.
742 2334 823 2397 Nam
847 2335 1009 2396 absurdum
1023 2341 1055 2394 et
1068 2342 1268 2396 monstrosum
1283 2342 1340 2407 est,
1364 2352 1491 2415 corpora

136 2421 215 2482 haec
238 2421 368 2483 materia
391 2423 520 2504 quadam
542 2424 674 2492 vestita,
708 2443 784 2505 quae
808 2424 905 2487 alieno
929 2423 1044 2502 corpori
1068 2424 1228 2485 transitum
1252 2442 1310 2485 non
1332 2423 1487 2503 praebeat,

137 2509 170 2571 in
194 2510 310 2572 coelum
332 2512 490 2574 collocare.
529 2512 593 2575 Sed
615 2532 711 2594 neque
735 2513 772 2574 de
792 2513 931 2575 crassitie
945 2513 1026 2574 orbis
1041 2512 1165 2574 Terreni
1178 2512 1378 2593 cogitandum,
1403 2513 1489 2593 qnasi

137 2606 229 2661 tanta
251 2618 319 2661 esse
342 2600 460 2677 debeat,
484 2609 518 2664 ut
539 2602 690 2683 integram
707 2603 812 2664 Lunae
836 2603 996 2684 sphaeram
1019 2601 1161 2676 includat,
1187 2621 1222 2663 ao
1245 2601 1369 2682 proinde
1382 2602 1488 2664 Lunae

138 2707 257 2768 quoque
281 2690 418 2773 asTerra
445 2691 592 2752 distantia
613 2691 643 2753 in
666 2692 888 2771 proportionem
920 2692 998 2753 banc
1026 2692 1133 2753 cadere
1162 2690 1281 2752 debeat.
1327 2691 1408 2754 Nam
1431 2691 1489 2752 etsi

142 2777 292 2839 orbiculus
315 2780 419 2841 Lunae
443 2799 534 2859 sopra
556 2781 684 2843 Telluris
707 2780 808 2843 orbern
831 2781 976 2854 emineat,
1004 2780 1074 2861 quid
1096 2780 1178 2842 illurn
1200 2779 1383 2860 prohibebit,
1413 2797 1488 2865 quc-

141 2866 236 2928 mlnus
261 2868 441 2930 moveatur?
474 2868 549 2941 Quis
573 2888 644 2931 vero
668 2870 782 2946 didicit,
807 2890 846 2931 an
869 2869 988 2932 omnino
1011 2868 1053 2930 ibi
1076 2870 1138 2930 sint
1160 2870 1272 2932 orbes?
1294 2869 1337 2931 Et
1359 2869 1389 2931 iu
1403 2869 1488 2930 Mer·

140 2956 221 3018 curio
241 2957 306 3037 jam
328 2965 418 3019 antea
441 2958 584 3033 vidimus,
614 2977 670 3039 quo
698 2967 788 3037 pacto
811 2959 876 3038 ejus
900 2958 981 3021 orbis
1005 2958 1121 3037 quidem
1145 2966 1245 3021 servet
1266 2958 1489 3039 proportionem

141 3046 285 3116 octaedri,
310 3046 375 3127 ipse
398 3066 468 3108 vero
493 3067 585 3129 usque
609 3049 647 3109 ad
671 3047 809 3128 quadrati
824 3048 1014 3109 altitudinem
1034 3065 1125 3126 supra
1147 3065 1231 3108 sunm
1255 3049 1357 3109 orbem
1379 3063 1488 3107 ascen·

140 3136 202 3197 dat.
249 3132 340 3215 (Cap.
364 3136 470 3211 XVI.)
577 3133 582 3145 ’
1376 3182 1378 3189 -

230 3223 294 3286 Sed
316 3233 350 3287 nt
373 3225 499 3307 deniqne
524 3245 669 3288 summam
691 3227 760 3288 hnic
783 3224 903 3305 negotio
927 3243 1045 3287 manum
1069 3223 1235 3304 imponam,
1268 3231 1358 3304 ntque
1387 3241 1490 3285 omnes

140 3314 273 3389 videant,
299 3314 372 3376 nihil
394 3324 448 3377 aut
469 3334 574 3397 pamm
596 3316 625 3378 in
650 3314 855 3397 parallaxibus
878 3314 997 3388 mutari,
1021 3323 1136 3376 struem
1160 3332 1267 3376 novum
1286 3312 1437 3385 mundum,
1460 3319 1492 3374 et

140 3403 286 3484 incipiens
311 3425 330 3466 a
353 3423 467 3467 summa
490 3405 636 3467 distentia
654 3424 780 3480 sursum,
806 3403 845 3465 ab
863 3403 924 3465 ima
942 3404 1080 3466 deorsum
1098 3403 1282 3484 progrediar.
1328 3404 1492 3465 Assumam

141 3500 243 3556 autem
266 3493 344 3555 hanc
368 3494 557 3576 hypothesin,
583 3494 667 3574 qnasi
691 3493 844 3573 proportio
869 3493 1126 3556 eccentricitaturn
1150 3493 1189 3554 ad
1212 3493 1300 3555 orbes
1323 3500 1408 3554 certa
1429 3492 1490 3553 sit:

142 3590 173 3642 et
196 3582 314 3664 siquid
337 3583 366 3646 in
385 3602 500 3646 summa
518 3585 566 3645 vel
589 3583 649 3644 ima
671 3583 818 3646 distantis
841 3583 968 3662 alicujus
991 3582 1072 3645 orbis
1095 3581 1153 3643 erit
1174 3583 1371 3657 immutatum,
1395 3581 1492 3644 corri-

142 3689 212 3749 gam
235 3672 328 3733 etiam
351 3673 607 3735 eccentricitasem
630 3671 910 3753 proportionaliter:
935 3672 1013 3752 qnod
1036 3691 1075 3732 an
1098 3680 1180 3733 recte
1204 3671 1325 3745 faciam,
1350 3671 1491 3733 conside-

145 3768 213 3821 rent
236 3761 377 3823 artilices.
423 3761 488 3823 Hoc
511 3761 600 3824 modo
624 3761 805 3824 constitutas
830 3760 993 3823 distantias
1016 3760 1056 3822 ad
1077 3760 1206 3823 mediam
1221 3760 1349 3822 Telluris
1372 3760 1493 3822 distan-
1516 3814 1517 3817 ,

142 3847 216 3910 tiam
239 3870 259 3911 a
282 3858 384 3912 centro
407 3851 544 3923 referam,
568 3851 656 3931 idque
686 3850 769 3926 iden,
799 3849 872 3931 qnia
903 3849 1086 3930 Copemicus
1120 3868 1222 3913 omnes
1254 3851 1426 3968 parallaxes
1454 3847 1493 3910 ad

141 3938 239 4000 locum
262 3938 344 4002 Solis
367 3939 494 4002 medium
517 3939 764 4001 accommodavit.
812 3936 906 4020 (Cap
926 3940 1015 4014 XV)

230 4027 282 4091 Sic
305 4028 397 4110 igitur
419 4047 453 4090 sa
477 4028 591 4091 habent
613 4028 775 4091 distantiae
800 4034 832 4089 et
851 4028 1098 4143 eecentrieitates
1114 4025 1288 4109 Corpernici
1310 4028 1350 4089 ad
1372 4045 1492 4090 correc-

144 4124 193 4179 tas
217 4118 298 4180 dicto
321 4118 419 4180 modo.

213 4220 368 4289 (Sequuntur
383 4224 488 4282 numeri,
507 4238 566 4289 quos
585 4222 683 4275 exhibet
699 4223 801 4273 tabulae
819 4223 864 4274 sub
882 4223 956 4273 finem
969 4221 1030 4286 Gap
1044 4220 1092 4277 XV
1108 4222 1277 4287 ordcprimns,
1298 4221 1387 4272 additis
1405 4233 1493 4271 ecoen

143 4282 1002 4359 manuumve24¹⁴,22¹⁴o¹‘,17130‘¹,u⁴,11⁴22‘¹,)
1026 4296 1120 4359 pariter
1141 4297 1236 4346 numeri
1258 4294 1348 4345 ordinis
1365 4292 1493 4342 101111θο-

143 4373 261 4431 qoantnm
279 4364 471 4434 discrepantes.)

213 4508 280 4561 Dein
297 4512 378 4577 pergit
395 4509 534 4575 Keplerus:

229 4615 296 4678 Hae
320 4615 481 4680 dmtantiae
505 4616 696 4679 convenienti
719 4616 806 4678 modo
831 4615 860 4677 in
884 4615 966 4677 sinus
998 4634 1161 4677 conversae
1190 4612 1323 4674 efficiunt
1348 4614 1494 4676 maximas

145 4705 316 4783 parallaxes
348 4706 379 4768 in
412 4706 611 4787 superioribus
645 4724 815 4785 apogaeas,
850 4704 882 4765 in
915 4703 1103 4766 inferioribus
1136 4702 1342 4780 elongationes
1366 4705 1494 4765 omnium

145 4794 290 4856 maximas
325 4815 431 4878 parum
461 4797 620 4859 admodum
653 4794 887 4873 discrepantes,
931 4812 985 4855 nec
1013 4792 1071 4854 nisi
1103 4792 1132 4853 in
1165 4792 1264 4855 Marte
1302 4792 1495 4867 notabiliter3

147 4883 278 4945 scilicet:

197 4985 286 5067 nuptm
300 4987 399 5039 opmr.
615 4986 620 4998 ·
1269 4986 1286 5039 2
