3609 5634
781 392 892 458 ΗΜ·
911 389 1111 459 ammaus

798 604 920 706 Caput
944 603 1086 680 XVHI.
1120 606 1125 615 ’
1216 619 1222 623 ’

297 768 354 830 De
371 766 537 830 discordia
553 769 849 845 npooduqmoauaur
866 785 907 828 cro
925 767 1109 849 emporibus
1127 784 1149 827 c
1169 762 1397 846 Gopomiounis
1413 764 1448 827 in
1465 781 1593 846 penore,

677 863 707 918 et
729 854 769 915 dc
791 856 1004 918 astronomiae
1024 852 1205 917 mortno.

351 995 451 1076 Supra
473 1015 539 1077 cap.
567 994 617 1060 14.
642 1005 675 1059 et
701 994 750 1059 15.
782 1016 850 1059 cnm
873 995 1002 1075 alicujus
1024 998 1122 1075 prope'
1141 991 1286 1057 falsitatis
1310 991 1408 1054 teneri
1431 991 1551 1054 viderer
1573 990 1636 1052 in·

261 1087 338 1150 dicio
367 1086 597 1159 distantiarum,
632 1104 707 1165 quas
732 1084 918 1166 Copernicus
946 1085 1082 1147 diversas
1115 1085 1154 1145 ab
1187 1082 1235 1145 his
1263 1080 1437 1162 figuralibus
1467 1079 1633 1161 prodidit:

260 1174 424 1258 provocavi
447 1175 486 1236 ad
509 1177 789 1255 npoodnpnrpruaa
819 1172 974 1253 iroynsc:
1008 1192 1103 1253 oeque
1135 1172 1412 1234 condemnationem
1441 1171 1634 1251 deprecatus

261 1284 342 1336 sum,
370 1264 397 1325 si
420 1282 506 1325 meae
530 1283 549 1324 a
574 1261 790 1342 Copemicauis
813 1262 1001 1342 aliquantum
1024 1261 1212 1324 recederent.
1258 1258 1354 1339 Atqui
1380 1269 1542 1340 postquam
1566 1256 1630 1320 sub

261 1355 350 1416 tinem
376 1350 427 1415 15.
452 1351 560 1432 capitis
585 1370 671 1414 arcus
701 1351 815 1413 similes
845 1354 1146 1432 rpoodoqcrpsocon
1172 1370 1209 1412 ex
1239 1348 1480 1427 elongationibus
1508 1369 1528 1409 a
1551 1346 1633 1410 Sole

263 1441 356 1504 veluti
380 1448 477 1502 testes
502 1460 603 1503 coram
628 1441 684 1502 hoo
708 1440 823 1521 judicio
851 1440 939 1502 stiti:
973 1441 1030 1502 visi
1062 1449 1134 1501 sunt
1166 1439 1209 1501 illi
1242 1446 1349 1499 contra
1381 1452 1429 1500 me
1462 1437 1628 1517 deponere.

262 1532 372 1594 Nullus
405 1530 484 1591 euim
515 1531 706 1608 planetarum
738 1528 813 1604 fuit,
847 1529 896 1608 qui
929 1528 1073 1590 tributum
1101 1549 1120 1590 a
1144 1526 1312 1609 Cuperuico
1338 1534 1444 1588 'arcum
1467 1526 1628 1588 retineret..

263 1619 394 1683 Saturno
419 1618 517 1679 ademi
541 1615 606 1690 tr,
629 1616 699 1678 Jovi
715 1614 756 1690 θ’,
781 1617 877 1679 Marti
899 1617 1026 1697 apposui
1051 1613 1114 1692 30¹,
1139 1617 1254 1679 Veneri
1276 1634 1348 1678 vero
1372 1617 1500 1677 immane
1525 1632 1627 1695 quan-

263 1716 328 1771 tum
351 1702 588 1783 demsi2⁰18‘,
613 1714 645 1768 et
658 1705 809 1768 Mercurio
827 1702 891 1770 61‘.
924 1706 1153 1769 Existimabuut
1174 1707 1266 1785 igitur
1289 1703 1338 1785 qui
1362 1702 1499 1767 exactius
1523 1702 1629 1765 omnia

263 1796 436 1859 examinare
466 1796 581 1868 volunt,
613 1795 682 1875 quia
710 1815 767 1858 non
797 1795 836 1857 ad
863 1814 993 1876 unguem
1020 1795 1191 1864 consentiat
1218 1795 1350 1857 calculus
1374 1811 1530 1874 corporum
1553 1810 1623 1854 cum

263 1885 385 1967 placitis
410 1882 569 1963 Copemici
592 1903 718 1964 cumque
742 1886 806 1964 eJus
837 1885 983 1959 numeris,
1014 1904 1131 1947 omnem
1159 1903 1282 1964 operam
1310 1904 1329 1946 a
1351 1902 1398 1946 me
1422 1884 1520 1945 lusam
1543 1899 1624 1943 esee.

264 1972 353 2045 Quod
377 1974 434 2035 nisi
458 1984 565 2035 contra
588 1992 743 2054 excepero,
768 1983 889 2053 meapte
913 1974 1065 2035 sententia
1079 1992 1202 2036 causam
1220 1971 1389 2054 perdidero.
1423 1971 1466 2033 Et
1488 1968 1626 2053 physicis

263 2063 383 2144 quidem
397 2061 462 2124 sive
476 2062 712 2142 cosmographis,
738 2064 857 2142 qualem
879 2062 936 2124 hoc
959 2062 1062 2124 libello
1084 2068 1244 2143 personam
1264 2079 1319 2141 ego
1340 2062 1486 2135 sustineo,
1510 2059 1630 2121 nullam
1685 2126 1692 2143 ,

219 2162 224 2173 “
264 2150 382 2213 deboc
406 2150 578 2213 differentia
600 2153 747 2219 rationem
771 2152 876 2214 debeo.
922 2151 1002 2214 Nam
1026 2152 1084 2212 etsi
1108 2151 1151 2213 illi
1180 2168 1300 2212 suorum
1329 2150 1508 2230 placitorum
1530 2167 1625 2229 argu-

265 2249 368 2303 menta
390 2248 566 2302 mutuantur
589 2239 627 2301 ab
651 2232 848 2313 astronomis,
881 2259 919 2301 ea
942 2247 1042 2301 tamen
1065 2259 1124 2300 uon
1148 2240 1194 2301 ita
1221 2237 1372 2301 subtiliter
1398 2246 1432 2299 ut
1458 2235 1626 2299 astronomi

266 2330 306 2392 ad
329 2328 462 2392 calculos
484 2336 647 2392 revocant:
678 2348 733 2390 uec
762 2328 838 2390 adeo
868 2338 939 2390 suut
961 2328 1154 2408 perspicaces
1177 2336 1231 2390 aut
1253 2328 1377 2401 morosi,
1410 2333 1445 2388 ut
1465 2327 1523 2388 hac
1546 2325 1625 2388 levi-

263 2421 333 2482 cula
355 2417 528 2481 diffsrentia
550 2426 738 2480 moveantur.
778 2415 888 2488 'Quare
913 2436 1036 2479 causam
1059 2437 1156 2480 meam
1188 2436 1287 2480 coram
1317 2415 1543 2497 cosmographis
1565 2415 1624 2476 ob·
1671 2447 1683 2465 ι

262 2507 348 2571 tinui.

351 2596 603 2658 Astrouomorum
627 2614 698 2657 reru
717 2595 824 2675 vulgus
843 2593 902 2656 etsi
922 2595 991 2672 jure
1010 2602 1121 2668 metuo,
1148 2600 1335 2655 tamencum
1354 2592 1469 2673 jndicio
1493 2582 1624 2653 artifices

263 2704 407 2767 praeesse
429 2702 486 2765 par
509 2684 565 2758 sit,
594 2703 651 2746 uon
675 2684 817 2764 despero,
846 2701 942 2762 neque
966 2692 1072 2745 contra
1094 2682 1181 2756 illud,
1213 2681 1380 2745 victoriam.
1428 2683 1475 2743 Ac
1497 2679 1623 2760 primum

262 2776 347 2856 ipsos
370 2775 446 2837 bene
470 2772 508 2835 de
533 2774 648 2834 calculo
673 2791 796 2852 sperare
819 2772 924 2853 jubeo.
971 2773 1051 2834 Nam
1079 2771 1138 2834 etsi
1166 2771 1314 2833 interdum
1342 2770 1554 2851 grandiuscula
1577 2777 1624 2830 est

263 2863 443 2938 differentia,
467 2861 659 2924 meminerint
681 2872 794 2938 tamen,
818 2879 956 2923 numeros
976 2869 1135 2942 excerptos
1155 2879 1191 2920 ex
1215 2860 1289 2923 locis
1313 2859 1406 2922 totius
1430 2858 1533 2922 circuli
1557 2858 1624 2919 evi-

264 2951 449 3015 dentissimis
473 2960 565 3032 atque
587 2969 626 3012 ex
645 2970 789 3013 concursu
814 2948 945 3013 omnium
968 2949 1229 3031 inaequalitatum.
1262 2950 1327 3013 Nec
1351 2950 1429 3010 euim
1451 2966 1506 3028 per
1529 2956 1624 3009 totum

209 3096 213 3099 .
265 3042 407 3104 circulum
430 3049 519 3103 tanta
542 3048 590 3102 est
614 3040 765 3101 discordia
789 3040 922 3102 locorum
946 3058 983 3099 ex
1007 3039 1181 3119 corporibus
1204 3047 1237 3101 et
1254 3058 1292 3101 ex
1307 3035 1475 3119 Coperuico
1493 3036 1623 3116 planetis

264 3131 500 3210 assignatorum,
525 3147 580 3190 nec
604 3128 739 3208 aequalis
764 3128 856 3189 etiam
880 3128 909 3189 iu
934 3129 1071 3191 omuibus
1094 3128 1340 3190 revolutionibus.
1374 3129 1477 3207 Atque
1501 3143 1557 3205 ego
1580 3125 1624 3186 sic

210 3214 212 3219 ’
265 3219 415 3295 existimo,
440 3217 500 3278 etsi
524 3216 712 3278 certissimae
736 3225 840 3279 essent
861 3217 1058 3293 Prutenicae,
1083 3225 1173 3296 atque
1196 3217 1353 3279 verissime
1376 3235 1430 3296 per
1453 3217 1531 3277 hanc
1555 3232 1624 3276 cor·

264 3310 368 3388 porum
392 3305 654 3383 interpositionem
678 3323 794 3366 errores
818 3305 869 3367 isti
899 3307 1178 3380 committerentur,
1213 3324 1270 3368 uon
1303 3323 1395 3384 posse
1427 3312 1528 3367 tamen
1555 3304 1623 3384 jure

264 3394 354 3474 abjici
379 3403 443 3456 tam
466 3393 641 3455 concinnum
665 3391 844 3475 ἐπιχειρημα,
867 3402 1039 3474 propterea,
1065 3395 1143 3475 quod
1166 3413 1251 3457 error
1274 3395 1324 3456 ille
1342 3395 1373 3456 iu
1387 3393 1518 3456 minimis
1532 3400 1623 3457 esset.

264 3484 359 3564 Atqui
384 3502 442 3544 non
467 3491 585 3543 tautum
611 3482 756 3544 incertum
780 3492 844 3558 est,
869 3492 1004 3545 utrorum
1027 3483 1101 3545 vitio
1126 3483 1296 3546 differentia
1319 3484 1395 3545 haec
1418 3482 1548 3559 existat,
1572 3480 1626 3543 sed

266 3583 372 3633 contra
394 3591 505 3651 magna
528 3570 658 3650 suspicio
683 3580 715 3632 et
745 3572 840 3633 multa
868 3580 1062 3653 argumenta,
1094 3574 1241 3635 calculum
1269 3572 1366 3654 ipsum
1395 3580 1426 3634 et
1448 3572 1626 3634 Prutenicas

266 3661 387 3722 tabulas
411 3661 440 3721 in
465 3659 554 3740 culpa
576 3661 710 3722 versari:
745 3661 821 3722 adeo
849 3669 883 3723 ut
906 3680 1017 3743 magua
1040 3662 1212 3741 conjectura
1236 3669 1341 3725 contra
1368 3681 1415 3723 me
1444 3662 1568 3737 suisset,
1599 3658 1627 3721 si

266 3768 332 3811 cum
356 3748 487 3810 numeris
512 3746 670 3827 Cuperuici
694 3750 814 3829 penitus
838 3751 1069 3813 consensissem.
1085 3754 1113 3827 ⁸)

354 3836 466 3899 Eorum
489 3848 592 3899 autem
614 3847 858 3917 argumentomm
876 3840 934 3900 boc
952 3841 1077 3919 primum
1097 3849 1173 3915 estc,
1199 3841 1278 3921 quod
1295 3840 1474 3903 Prutenicus
1493 3834 1644 3901 calculus*

268 3944 326 3987 uon
350 3945 419 3987 raro
442 3926 471 3988 in
495 3926 672 4005 colligendis
695 3927 885 4006 planetarum
908 3929 984 3991 locis
1009 3929 1132 3991 fallitur.
1177 3930 1278 3991 Multa
1301 3930 1419 4011 quidem
1442 3919 1636 3991 restauravit

268 4014 354 4076 nobis
370 4012 555 4094 Cupernicus
573 4017 604 4077 iu
628 4016 763 4097 collapsa
782 4025 914 4079 motuum
933 4018 1070 4094 scientia,
1095 4019 1246 4099 multoque
1262 4026 1376 4090 nostra,
1399 4037 1488 4098 quam
1505 4017 1626 4098 patruni

270 4103 429 4179 memoria,
458 4103 561 4185 purior
584 4112 633 4167 est
656 4106 851 4166 astronomia.
898 4106 1105 4169 Veruntamen
1130 4107 1157 4169 si
1179 4126 1242 4169 rem
1265 4108 1362 4187 ipsam
1385 4108 1505 4187 penitus
1528 4106 1626 4186 inspi-

268 4192 394 4267 ciamus,
418 4193 509 4255 fateri
523 4193 627 4274 utique
641 4211 791 4273 cogemur,
816 4214 870 4254 nos
894 4194 932 4256 ab
956 4196 1009 4257 illa
1030 4197 1123 4257 beata
1141 4205 1172 4257 et
1190 4196 1315 4277 optabili
1338 4197 1523 4276 perfectione
1545 4194 1627 4257 baud

268 4281 362 4344 multo
386 4282 508 4362 propius
536 4282 664 4357 abesse,
699 4302 786 4363 quam
816 4283 854 4343 ab
884 4283 1028 4346 hodierna
1056 4293 1144 4347 vetus
1168 4286 1256 4348 abest
1279 4285 1473 4347 astronomia.
1519 4285 1628 4364 Longa

266 4372 317 4433 via
350 4380 416 4445 est,
450 4379 482 4433 et
512 4371 615 4433 variae
647 4371 791 4451 ambages
819 4372 858 4433 ad
886 4371 963 4433 hano
986 4374 1158 4436 veritatem.
1204 4375 1414 4449 Monstramut
1434 4375 1519 4436 illam
1541 4373 1626 4435 nobis

268 4467 404 4536 veteres,
428 4460 556 4541 ingressi
579 4469 650 4525 suut
672 4461 804 4540 majores
827 4461 939 4534 nostri,
964 4482 1018 4525 nos
1041 4463 1112 4525 illos
1135 4465 1351 4526 antevertimus
1380 4471 1412 4526 et
1434 4464 1531 4545 gradu
1552 4482 1625 4543 pro-

268 4549 345 4629 piori
369 4549 577 4625 consistimus,
608 4550 663 4612 sed
690 4559 802 4611 metam
831 4550 959 4612 nondum
988 4552 1153 4632 attigimus.
1199 4554 1267 4615 Non
1292 4573 1348 4634 ego
1370 4553 1446 4615 baec
1469 4553 1498 4614 iu
1524 4561 1626 4615 astro-

270 4639 388 4699 nomiae
412 4646 593 4701 contemtum
618 4639 694 4701 dico.
732 4638 792 4703 Est
815 4639 917 4719 aliqua
939 4642 1058 4720 prodire
1082 4653 1180 4717 tenus,
1204 4642 1230 4704 si
1253 4661 1311 4704 non
1336 4643 1425 4706 datur
1447 4643 1547 4705 ultra:
1572 4641 1627 4703 sed

270 4726 352 4802 ideo,
382 4746 419 4789 ne
443 4728 510 4808 quis
533 4737 646 4791 temere
669 4728 792 4809 gravius
815 4729 885 4809 quid
908 4729 937 4790 in
960 4730 1039 4793 hanc
1063 4731 1242 4794 discordiam
1266 4740 1399 4807 statuat,
1430 4741 1462 4794 et
1485 4733 1555 4794 dum
1578 4748 1626 4792 me

270 4814 350 4896 petit
372 4825 404 4878 et
426 4816 500 4877 haec
519 4814 539 4880 5
559 4836 700 4898 corpora,
723 4818 755 4879 iu
778 4817 845 4897 ipsa
868 4817 1064 4883 fundamenta
1086 4820 1288 4883 astronomiae
1311 4821 1446 4893 insultet.
1486 4821 1535 4883 Ad
1558 4839 1626 4882 om-

269 4905 350 4968 nium
373 4905 520 4968 artificum
543 4906 772 4986 observationes
798 4924 946 4986 provocor
977 4928 1014 4971 ex
1042 4909 1149 4991 quibus
1176 4909 1278 4974 videre
1302 4919 1364 4989 est,
1395 4918 1508 4995 quauta
1534 4926 1626 4991 saepe
