3609 5634
747 378 912 434 hem·
1459 374 1499 447 41

129 538 875 626 hmaihaprotaorerrltleparetlulammubihee.
911 538 1504 605 Veleetadnelacundlstlnatmaearlttm

130 624 165 662 Μ
184 623 322 736 13ξῖῃῶ
338 684 436 736 Patavii
453 685 514 751 prid.
532 701 589 737 aea.
608 688 717 754 Augusti
736 681 812 737 lter.
916 716 921 729 ·

572 757 678 809 Honoris
696 765 722 809 et
739 759 843 809 nominis
860 757 897 808 tul
916 757 1076 807 amicissimus
1467 760 1472 772 ·

688 829 814 881 Galilams
831 829 958 880 Galilaeae
976 830 1002 879 in
1020 827 1092 878 acad.
1112 825 1200 878 Pater.
1218 826 1409 879 mathematicus
1422 822 1467 891 ¹⁸).

206 934 332 1000 Apparet
350 950 380 985 ex
397 933 436 983 hts
453 934 544 992 literis,
565 930 693 1000 Ceperuici
711 938 860 987 sermotiem
878 936 935 985 viris
952 936 978 985 ln
996 934 1071 985 Italia
1090 933 1227 984 catholicae
1247 933 1305 984 fidel
1326 933 1430 984 addictis
1452 939 1504 984 tum

129 1006 261 1070 temporis
281 1022 335 1056 nou
352 1007 432 1071 magis
448 1006 578 1070 probatam
596 1021 658 1068 esre,
678 1022 752 1073 quam
769 1010 794 1058 lu
813 1009 948 1059 &mania
959 1006 1116 1061 lutheranis,
1135 1008 1205 1069 cujus
1223 1005 1258 1055 rei
1276 1011 1367 1056 testem
1383 1005 1503 1055 habemus

130 1090 212 1141 mem
232 1076 349 1128 diximus
365 1076 573 1128 Hsmnrefferum.
609 1077 675 1140 Quid
694 1079 807 1131 Galilaea
831 1080 942 1131 evenerit
964 1078 1089 1130 decenniis
1108 1077 1201 1141 aliquot
1217 1082 1346 1142 postqum
1362 1077 1459 1141 publice
1477 1089 1505 1126 se

132 1162 193 1198 enm
214 1146 364 1214 Copemieo
383 1150 474 1199 mutire
491 1150 613 1213 protessus
632 1157 679 1208 est,
698 1166 771 1202 nemo
788 1153 877 1202 aucit.
895 1178 929 1190 -

211 1218 384 1285 Keplerus
409 1221 449 1271 die
475 1217 516 1269 1³.
535 1219 591 1272 Oct.
614 1219 681 1273 1507
700 1223 733 1273 ad
749 1224 896 1288 praemissas
915 1221 1021 1275 Galilaei
1037 1221 1122 1271 literas
1139 1218 1203 1269 haec
1221 1218 1360 1283 respondit,
1378 1232 1443 1284 quas
1461 1219 1504 1269 de·

133 1292 281 1342 mimus
303 1307 333 1343 ex
350 1292 464 1343 Editioue
483 1291 591 1357 Operum
609 1293 715 1345 Galilaei
733 1295 875 1347 Florentius
893 1291 975 1358 (1842
994 1308 1029 1359 sq.
1048 1291 1104 1341 Vol.
1123 1290 1193 1340 Vlll.
1212 1307 1236 1355 p.
1256 1287 1320 1353 20:

233 1435 364 1498 Literas
387 1444 465 1509 tuas,
489 1434 535 1496 vir
556 1435 779 1512 humanissime,
804 1435 835 1503 l.
850 1438 930 1517 Aug.
955 1436 1093 1516 scriptas,
1123 1434 1148 1496 1.
1170 1433 1257 1513 Sept.
1282 1431 1404 1513 accepi;
1428 1449 1504 1512 qnae
1544 1482 1551 1505 ,

134 1523 271 1604 quidem
303 1524 420 1604 genuino
447 1543 495 1586 me
524 1525 649 1588 affecere
675 1527 798 1609 gaudio,
826 1527 954 1609 primum
976 1533 1098 1605 propter
1121 1523 1282 1585 amicitiam
1304 1530 1403 1584 tecum
1426 1521 1505 1583 Italo

134 1612 267 1687 initam,
292 1622 364 1694 post
385 1623 509 1694 propter
531 1633 708 1678 eonsensum
730 1625 864 1680 nostrum
878 1618 908 1680 in
925 1613 1164 1696 cosmographia
1179 1610 1397 1692 Cepernicaua.
1431 1608 1507 1672 Cum

134 1702 240 1782 igitur
264 1704 298 1765 in
322 1703 404 1767 calce
428 1703 574 1783 epistolae
597 1705 765 1769 humaniter
786 1724 834 1769 me
858 1706 896 1768 ad
920 1705 1041 1767 crebras
1056 1702 1201 1782 epistolas
1216 1700 1388 1772 invitasses,
1412 1718 1506 1780 neque

134 1791 214 1854 mihi
243 1802 356 1873 sponte
379 1811 447 1854 mea
470 1792 581 1856 stimuli
603 1794 642 1857 ad
665 1794 721 1857 hoc
745 1796 900 1870 deessent,
936 1796 1034 1857 lacere
1058 1801 1193 1854 attamen
1221 1809 1279 1852 riou
1308 1788 1408 1868 potui,
1438 1787 1506 1869 quin
1602 1837 1605 1842 .

136 1899 195 1962 per
231 1882 316 1945 huus
348 1890 538 1963 praesentem
562 1883 691 1947 nobilem
710 1886 850 1963 juvenem
874 1886 913 1947 ad
937 1891 968 1947 te
992 1881 1162 1945 scriberem.
1208 1879 1357 1942 Existimo
1382 1895 1507 1957 namque

137 1978 173 2033 te
199 1970 245 2032 eb
272 1990 308 2033 eo
331 1981 484 2051 tempore,
519 1972 544 2035 si
573 1974 665 2036 otium
697 1974 753 2036 tibi
782 1975 852 2050 fuit,
885 1974 1019 2037 libellum
1046 1990 1142 2033 meum
1164 1970 1295 2052 penitius
1319 1968 1506 2046 cognovisse.

140 2059 222 2122 lude
250 2061 361 2142 cupido
384 2079 431 2122 me
454 2060 614 2126 vehemens
637 2062 764 2126 incessit
785 2082 929 2127 censuras
952 2071 1021 2125 tuae
1043 2059 1270 2143 percipiendae:
1295 2057 1339 2119 sic
1362 2056 1439 2118 enim
1454 2074 1507 2119 so-

140 2148 196 2211 leo
225 2150 268 2212 ed
293 2169 482 2232 quoscunque
506 2152 621 2227 scribo,
650 2152 766 2232 judicia
793 2153 830 2215 de
853 2153 929 2216 meis
952 2153 1124 2232 incorrupta
1147 2149 1327 2229 efflagitare.
1372 2145 1414 2207 Et
1437 2145 1508 2207 mihi

143 2238 263 2301 medas
278 2238 378 2312 relim,
403 2239 482 2301 malo
502 2241 587 2303 unius
608 2242 724 2304 cordati
739 2261 903 2316 censuram,
929 2240 1064 2322 quamvis
1079 2257 1188 2309 acrem,
1213 2235 1408 2319 quamtotius
1426 2234 1509 2313 vulgi

141 2326 394 2391 inconsideratos
416 2328 591 2408 applausus.
637 2331 761 2394 Utinam
784 2351 856 2393 vern
879 2332 946 2404 tibi,
970 2330 1025 2394 tali
1039 2325 1402 2406 intelligentiapraeditn,
1427 2322 1508 2385 aliud

142 2417 339 2498 propositum
373 2417 475 2480 esset!
521 2419 601 2482 Nam
633 2421 692 2483 etsi
725 2420 877 2503 sapienter
899 2428 933 2483 tu
967 2428 999 2482 et
1021 2417 1137 2483 occulte
1166 2415 1321 2497 proposito
1345 2411 1509 2493 exemplari

143 2513 219 2569 tuae
244 2520 392 2588 personae
416 2525 535 2584 moues,
560 2510 723 2572 cedendum
747 2510 909 2573 universali
933 2507 1131 2589 ignorantiae,
1156 2523 1210 2567 nec
1234 2522 1303 2566 sese
1326 2512 1439 2564 temere
1458 2502 1507 2563 in-

146 2596 317 2674 gerendum
339 2598 387 2658 vel
412 2598 617 2678 opponendum
639 2599 721 2680 vulgi
745 2601 899 2662 doctomm
923 2596 1071 2660 furoribus
1095 2596 1170 2675 (qua
1191 2593 1222 2655 in
1245 2612 1277 2654 rc
1296 2592 1454 2666 Platonem
1478 2597 1510 2651 et

145 2683 372 2767 Pythagoram,
401 2695 521 2748 nostros
544 2687 689 2767 genuinos
712 2689 888 2768 magistros,
918 2686 1081 2768 sequeris),
1111 2691 1302 2746 tamencum
1329 2681 1385 2742 hoc
1409 2679 1509 2741 seculo

147 2774 286 2854 primum
309 2793 328 2835 a
351 2772 526 2855 Copemico‚
551 2776 657 2839 deinde
681 2797 700 2839 a
723 2776 922 2857 compluribus
946 2784 978 2839 et
1000 2772 1183 2837 doctissimis
1206 2788 1321 2852 quoque
1340 2768 1509 2832 mathema-

149 2863 283 2927 ticorum
306 2863 443 2927 immanis
465 2865 565 2944 operis
588 2865 703 2928 initium
726 2866 767 2929 sit
790 2866 912 2940 iactum,
936 2883 1032 2944 neque
1056 2864 1112 2925 hoc
1131 2862 1197 2942 jam
1220 2879 1308 2942 porro
1331 2877 1438 2920 novum
1459 2857 1510 2928 sit,

150 2951 282 3015 Terram
304 2972 442 3015 movere:
465 2955 654 3033 praestiterit
677 2954 807 3018 sortasse
831 2954 1035 3018 communibus
1059 2950 1211 3030 suffragiis
1235 2949 1327 3009 semel
1352 2947 1510 3026 impulsum

150 3041 233 3104 huuc
256 3061 375 3104 currum
398 3043 584 3107 continenter
607 3044 646 3106 ad
669 3053 781 3107 metam
804 3063 923 3125 rapere,
947 3050 994 3117 ut,
1022 3040 1092 3123 quia
1114 3038 1263 3101 rationum
1286 3038 1419 3117 pondera
1441 3035 1533 3097 vul?

151 3146 210 3209 gns
243 3131 341 3193 minus
368 3130 475 3202 librat,
508 3133 721 3196 autoritatibus
754 3134 827 3196 illud
850 3133 949 3212 magis
981 3131 1136 3211 magisque
1169 3126 1293 3190 obmere
1325 3125 1509 3205 incipiamus,

152 3220 179 3282 si
215 3221 294 3283 forte
329 3238 384 3300 per
414 3221 549 3284 fraudem
582 3223 678 3303 ipsum
710 3224 738 3286 in
771 3222 971 3303 coguitionem
1002 3217 1142 3282 ueritatis
1164 3216 1325 3297 perducere
1358 3232 1510 3296 queamus.

154 3309 223 3372 Tua
255 3310 371 3371 ratione
406 3311 492 3372 simul
531 3312 703 3374 laborantes
731 3319 778 3376 tot
813 3311 923 3393 iniquis
953 3309 1075 3392 judiciis
1107 3306 1205 3369 socios
1237 3304 1406 3386 adjutares,
1443 3304 1511 3366 dum

156 3399 202 3460 illi
232 3398 279 3459 vel
307 3399 448 3460 solatium
488 3410 629 3480 caperent
662 3421 700 3463 ex
727 3409 778 3464 tuo
810 3420 957 3463 consensu
990 3399 1038 3461 vel
1066 3395 1247 3477 praesidium
1277 3413 1315 3455 ex
1337 3392 1510 3456 autoritate.

155 3487 226 3550 Non
251 3487 329 3550 euim
353 3487 398 3551 tui
422 3487 516 3551 solum
540 3491 611 3553 ltali
634 3499 719 3565 suot,
749 3491 798 3572 qui
826 3510 859 3552 se
889 3490 1017 3564 moveri,
1046 3484 1104 3548 uisi
1131 3483 1280 3558 sentiant,
1310 3483 1431 3545 credere
1454 3500 1511 3542 uon

156 3584 295 3658 possunt,
320 3578 375 3639 sed
399 3577 491 3640 etiam
513 3599 569 3642 nos
592 3579 641 3641 hic
663 3579 692 3641 in
718 3577 881 3642 Germania
904 3599 961 3641 uon
986 3577 1127 3658 optimum
1151 3574 1291 3654 dogmate
1308 3572 1369 3633 isto
1384 3570 1512 3651 gratiam

157 3665 278 3728 inimus.
326 3666 441 3729 Verum
474 3676 544 3731 suut
577 3669 727 3743 rationes,
765 3668 871 3751 quihus
906 3688 960 3729 uos
995 3674 1099 3729 conme
1129 3662 1185 3725 has
1219 3661 1411 3724 difficultates
1445 3679 1512 3722 mu-

156 3773 285 3817 uramus.

247 3843 399 3918 Primum,
425 3846 463 3907 ab
485 3845 540 3908 illa
561 3847 675 3928 ingenti
698 3845 849 3908 hominum
872 3842 1062 3907 multitudine
1085 3846 1243 3921 separatus
1268 3857 1346 3912 sum,
1376 3854 1430 3898 uec
1453 3857 1510 3898 uno

161 3940 229 3996 actu
252 3941 300 3995 tut
323 3933 483 3997 clamorum
508 3937 666 4018 strepitum
689 3934 803 3999 haurio.
849 3934 975 4007 Deinde,
1000 3933 1050 4013 qui
1073 3931 1143 3993 mihi
1162 3936 1233 3990 sunt
1245 3926 1380 4008 proximi,
1405 3926 1512 4004 vulgus

161 4022 309 4085 hominum
333 4031 390 4096 est,
415 4024 463 4104 qui
488 4044 554 4089 cum
577 4026 650 4088 baec
674 4026 823 4099 abstrusa,
848 4033 882 4087 ut
896 4023 988 4094 aiunt,
1014 4041 1071 4084 nou
1087 4017 1216 4100 capiant,
1240 4017 1385 4080 mirantur
1399 4024 1511 4087 minen,

162 4131 225 4185 nee,
249 4112 371 4175 credere
393 4115 489 4177 velint
513 4136 551 4177 an
574 4134 643 4186 nou,
667 4133 796 4196 unquam
819 4133 920 4176 secum
945 4111 1000 4191 ipsi
1022 4111 1167 4189 cogitant.
1205 4106 1294 4169 Docti
1314 4104 1511 4176 mediocriter,

162 4219 218 4281 quo
232 4209 303 4264 sunt
317 4201 537 4282 prudentiores,
562 4205 617 4267 hoc
632 4205 750 4267 centius
769 4223 836 4266 sese
861 4201 1030 4265 immiscent
1052 4200 1134 4262 hisce
1154 4194 1430 4259 mathematicomm
1445 4191 1510 4254 liti-

162 4289 226 4352 bus.
274 4288 413 4361 Quiuimo
437 4290 584 4356 fascinari
599 4302 737 4375 possunt,
764 4293 841 4373 quod
866 4297 1009 4372 expertus
1023 4290 1137 4368 loquor,
1161 4284 1323 4348 autoritate
1339 4281 1511 4344 matheseos

163 4379 340 4459 periturum;
373 4388 406 4441 ut
438 4401 504 4444 cum
528 4383 652 4445 audiunt
676 4382 835 4465 quaejam
858 4382 1024 4442 habeamus
1047 4374 1263 4455 Euhemerides
1293 4391 1330 4433 ex
1354 4369 1511 4450 Gopemici

165 4467 378 4550 hypothesibus
401 4480 573 4547 eatmctas,
599 4472 763 4554 quicunque
787 4470 874 4532 hodie
898 4468 1033 4531 scribant
1054 4463 1288 4545 Ephemerides,
1314 4458 1511 4539 Copernicum

164 4575 265 4619 omnes
289 4558 393 4638 sequi3
415 4568 450 4622 ut
473 4578 538 4624 cum
562 4562 600 4622 ab
623 4561 696 4641 ipsis
720 4559 898 4640 postulatur,
925 4566 959 4621 ut
973 4556 1147 4628 concedunt,
1164 4552 1241 4632 quod
1261 4549 1378 4613 nonnisi
1395 4549 1425 4611 iu
1444 4567 1510 4611 ma-

165 4646 243 4709 thesi
267 4647 412 4709 institutis
436 4650 633 4713 demonstrari
655 4649 771 4727 possit,
794 4647 999 4729 phaenomena
1022 4645 1086 4706 sine
1109 4651 1191 4704 motu
1214 4642 1324 4703 Terrae
1347 4637 1510 4700 consistere

107 4774 110 4787 ·
166 4753 222 4796 uon
246 4754 355 4816 posse.¹
392 4739 471 4802 Nam
494 4739 551 4802 etsi
575 4741 649 4801 haec
671 4737 826 4818 postulata
849 4738 896 4797 rel
920 4731 1117 4816 pronunciata
1139 4750 1197 4793 nou
1212 4737 1282 4793 suut
1296 4729 1511 4798 demonstrata,

168 4833 236 4886 sunt
265 4835 363 4886 tamen
397 4848 416 4889 a
442 4848 499 4890 nnn
523 4827 744 4891 mathematicis
768 4825 967 4887 concedenda.
1015 4820 1147 4901 Cumque
1171 4821 1229 4883 siut
1254 4837 1345 4894 vora,
1379 4835 1431 4879 cur
1452 4835 1509 4878 nou

167 4930 219 4993 pro
238 4913 469 4988 irrefutabilibus'
484 4915 737 4985 obtruderentur?
760 4914 890 4983 Restant
912 4914 1003 5007 igitur
1024 4911 1081 4980 suli
1099 4907 1314 4985 mathematici,
1338 4906 1511 4993 quibuscum
