3609 5634
661 344 787 398 eneam
806 346 838 396 m
856 347 983 398 tem.
1274 413 1279 422 ι
1438 343 1501 414 qqp

61 489 77 504 ’
130 502 361 584 quinquangulo
384 503 520 578 mmmm,
545 503 710 583 samguis
734 511 881 583 quartam
929 500 1065 585 Cumque
1081 504 1175 567 etlam
1198 505 1277 569 oculi
1300 507 1503 569 reclamarent

130 591 165 653 in
190 592 327 654 secunda
349 591 509 668 distantia,
534 610 611 673 quae
635 598 683 654 est
705 591 785 655 inter
802 592 912 654 Jovem
931 600 964 654 et
977 591 1124 664 Martem,
1149 595 1326 673 quadratum
1350 594 1502 680 triangulo

132 691 168 742 et
193 679 419 763 quinquangulo
442 680 575 760 adjunxi.
623 679 771 743 Infinitum
795 688 844 743 est
866 681 987 762 singula
1008 683 1158 763 persequi.

227 768 271 831 Et
293 770 361 831 linis
384 769 474 849 hujus
497 768 574 830 irriti
598 776 725 832 conatus
750 768 925 843 inibidem,
959 771 1015 849 qui
1032 771 1176 850 postremi
1199 782 1231 832 et
1255 771 1351 835 felicis
1374 771 1500 836 initium.

132 857 255 939 Nempe
279 858 428 938 cogitavi,
450 859 507 920 hac
523 856 585 931 ria,
610 858 755 937 siquidem
771 857 906 920 ordinem
929 859 1008 920 iuter
1030 859 1143 938 ligures
1158 859 1245 920 velim
1261 878 1397 936 servare,
1422 880 1501 923 nuo-

134 967 230 1028 quam
254 968 302 1010 me
325 955 537 1028 perventurum
562 947 709 1026 usquead
724 944 839 1019 Solem,
866 966 960 1027 neque
975 965 1099 1010 causam
1124 947 1308 1024 habiturum,
1334 950 1501 1030 curpotius

135 1038 202 1099 sint
225 1057 295 1112 sex,
321 1056 409 1116 quarn
432 1035 540 1115 viginti
563 1035 611 1097 vel
635 1044 754 1097 centum
779 1036 867 1097 orbes
882 1036 1019 1098 mobiles.
1066 1035 1221 1098 Ettamen
1246 1037 1407 1115 placebant
1422 1039 1500 1117 lign-

136 1146 208 1200 rae,
233 1135 336 1205 utpote
361 1124 563 1204 quantitates,
588 1132 620 1184 et
642 1143 691 1185 res
715 1125 808 1186 coelis
832 1124 923 1203 prior.
970 1122 1137 1195 Quantitas
1157 1125 1335 1188 euimioitio
1349 1145 1416 1188 cum
1430 1145 1501 1188 cor-

137 1234 213 1295 pore
244 1212 401 1287 crestal„
434 1213 511 1275 coeli
540 1213 637 1274 altero
661 1212 720 1275 die.
768 1210 856 1283 Quod
891 1214 917 1275 si
947 1212 1151 1294 (cogitabam)
1174 1231 1237 1293 ‚pro
1271 1215 1441 1295 quantitate
1470 1225 1503 1275 st

138 1303 334 1383 proportione
361 1323 415 1364 sex
437 1301 602 1376 coelorum,
627 1321 701 1380 quos
725 1303 836 1363 statuit
860 1300 1064 1382 Copemicus,
1097 1303 1224 1383 quinque
1249 1310 1365 1365 tantum
1388 1303 1503 1383 figurae

138 1394 220 1454 inter
243 1391 376 1454 infinitas
400 1389 532 1470 reliquas
557 1390 681 1469 reperiri
705 1401 845 1470 possent,
877 1409 953 1470 quae
981 1409 1054 1470 prae
1078 1392 1188 1453 ceteris
1215 1391 1384 1470 peculiares
1407 1411 1501 1472 quas·

139 1483 212 1542 dam
245 1481 446 1562 proprietates
477 1479 638 1554 haberent,
673 1499 710 1541 ex
744 1487 813 1540 voto
847 1498 895 1540 res
929 1490 1021 1541 esset.
1068 1480 1163 1559 Atqui
1191 1499 1305 1542 rursum
1339 1481 1500 1547 instabam.

139 1569 223 1641 Quid
256 1571 368 1649 figurae
397 1568 505 1647 planae
536 1567 615 1629 iuter
637 1568 750 1629 solidos
780 1566 892 1629 orbes?
939 1567 1045 1629 Solida
1069 1569 1171 1647 potius
1195 1587 1322 1650 corpora
1344 1570 1500 1631 adeantur.

137 1659 235 1734 Ecce,
261 1660 370 1733 lector,
397 1659 550 1718 inventum
574 1657 629 1718 hoc
654 1665 686 1718 et
708 1656 866 1717 materiam
890 1658 984 1718 totius
999 1657 1084 1736 hujus
1100 1656 1244 1737 opusculi.
1290 1657 1370 1719 Nam
1389 1658 1414 1718 si
1435 1657 1502 1738 quis

138 1750 249 1809 leviter
280 1746 461 1827 geometriae
491 1746 606 1824 peritus
632 1746 757 1807 totidem
787 1744 886 1805 verbis
911 1753 1082 1818 moneatur,
1116 1744 1160 1807 illl
1192 1744 1297 1807 statim
1329 1746 1358 1807 in
1382 1755 1502 1825 promtu

138 1847 212 1898 sunt
236 1838 365 1916 quinque
388 1834 540 1914 regularis
559 1853 687 1913 corpora
711 1854 775 1895 curn
800 1833 993 1913 proportione
1018 1834 1131 1896 orbium
1151 1834 1440 1913 circumscriptorum
1464 1836 1503 1896 ad

138 1927 323 2005 inscriptos:
355 1925 396 1986 illi
422 1922 529 1984 statim
553 1923 590 1982 ob
614 1926 717 1983 oculos
743 1933 880 1983 versatur
903 1923 1037 1985 scholion
1068 1924 1140 1985 illud
1167 1922 1343 1985 Euclideurn
1368 1923 1502 2008 adpro·

138 2015 322 2096 positionem
351 2010 398 2075 18.
424 2012 473 2074 lib.
503 2010 550 2073 13.
588 2030 644 2091 quo
674 2012 899 2073 demonstratur
927 2013 1112 2092 impossibile
1146 2031 1229 2087 esse,
1264 2022 1297 2074 ut
1326 2013 1414 2091 plura
1442 2013 1503 2073 sint

138 2114 194 2166 aut
218 2105 427 2182 excogitentur
457 2100 608 2180 regularia
631 2120 758 2180 corpora
783 2103 871 2180 quam
895 2101 1033 2180 quinque.
1080 2100 1143 2162 Res
1173 2100 1370 2163 admiratione
1401 2100 1501 2180 digna,

139 2213 209 2254 cum
233 2194 362 2253 nondum
387 2200 541 2252 constaret
566 2189 638 2250 mihi
662 2191 698 2250 de
723 2189 908 2268 singulorum
931 2208 1087 2269 corporum
1106 2189 1326 2269 praerogativis
1343 2190 1372 2252 in
1388 2191 1501 2263 ordine,

141 2301 229 2344 usum
253 2301 299 2342 me
324 2281 444 2342 minime
469 2287 579 2357 arguta
602 2278 777 2355 conjectura
804 2297 841 2339 ex
864 2278 945 2339 uotis
968 2280 1158 2357 planetarum
1184 2279 1338 2340 distantiis
1362 2278 1504 2352 deducta,

141 2373 219 2433 adeo
244 2370 372 2433 feliciter
395 2386 517 2446 scopum
541 2366 679 2445 tetigisse
704 2368 733 2428 iu
759 2368 862 2428 ordine
886 2386 1056 2447 corporum,
1092 2376 1125 2427 ut
1147 2365 1220 2429 nihil
1244 2366 1274 2428 in
1298 2366 1359 2428 illis
1382 2375 1501 2446 postea,

142 2480 209 2522 com
239 2457 395 2538 exquisitis
425 2474 546 2536 agerem
573 2455 755 2529 rationibus,
789 2456 945 2517 immutare
975 2455 1132 2534 potuerim.
1179 2455 1229 2517 Ad
1263 2455 1305 2516 rei
1329 2456 1502 2516 memoriam

142 2549 262 2611 ascribo
291 2548 343 2609 tibi
369 2545 571 2618 sententium,
604 2544 648 2605 ita
672 2545 713 2605 uti
738 2543 857 2615 incidit,
890 2552 922 2603 et
946 2563 981 2604 eo
1015 2552 1164 2604 momento
1187 2543 1286 2603 verbis
1315 2551 1501 2622 conceptam.

144 2639 262 2710 „Terra
284 2644 332 2697 est
350 2634 477 2696 circulus
492 2652 612 2694 mensor
626 2633 755 2694 omo‘ium
766 2631 804 2705 ί);
829 2632 871 2693 illi
896 2632 1105 2693 circumscribe
1121 2631 1349 2693 dodecahdron:
1374 2631 1502 2693 circulus

143 2729 201 2788 boc
225 2723 477 2804 comprehendens
500 2721 559 2781 erit
582 2723 677 2782 Mars.
724 2721 817 2781 Marti
842 2720 1055 2781 circumscribe
1073 2720 1266 2781 tetraedron:
1296 2720 1423 2782 circulus
1446 2720 1503 2782 hoc

142 2812 397 2895 comprehendens
422 2812 480 2871 erit
501 2808 631 2889 Jupiter.
681 2809 750 2870 Juvi
775 2810 984 2870 circumscribe
1008 2809 1133 2870 cubum:
1166 2809 1293 2871 circulus
1319 2810 1394 2869 bunc
1418 2828 1502 2870 ccm-

141 2903 332 2985 prehendeus
356 2900 415 2961 erit
438 2898 597 2976 Saturnqs.
644 2897 715 2959 Jam
740 2898 852 2958 Terrae
885 2897 1014 2959 inscribe
1043 2897 1238 2959 icosaedron:
1271 2897 1315 2959 illi
1343 2896 1505 2976 inscriptus

143 2993 273 3054 circulus
298 2988 356 3050 erit
379 2989 504 3048 Venus
543 2986 656 3047 Veneri
680 2985 810 3048 inscribe
835 2986 1019 3048 octaedron:
1045 2985 1087 3047 illi
1112 2986 1273 3066 inscriptus
1296 2985 1423 3048 circulus
1447 2986 1507 3047 erit

144 3079 344 3142 Mercurius.“
390 3077 493 3139 Habes
517 3075 666 3137 rationem
690 3076 804 3137 numeri
827 3076 1026 3155 planetarum.

234 3169 318 3229 Haec
342 3166 460 3227 occasio
486 3174 517 3226 et
541 3183 698 3225 successus
722 3164 810 3244 hujus
834 3163 958 3225 laboris.
1006 3163 1085 3225 Vide
1119 3181 1196 3225 nnnc
1229 3163 1321 3224 etiam
1348 3181 1447 3224 menm
1479 3162 1507 3224 in
1557 3185 1566 3204 .

144 3260 201 3320 hoc
226 3255 301 3320 lib'ro
325 3255 522 3335 propositum.
570 3252 612 3314 Et
635 3253 754 3332 quidem
778 3264 921 3333 quantam
949 3271 987 3313 ex
1021 3252 1192 3314 inventione
1222 3252 1407 3331 voluptatem
1435 3270 1507 3331 per-

145 3346 295 3427 ceperim,
327 3362 475 3423 nunquam
506 3340 605 3403 verbis
635 3360 822 3420 expressero.
870 3341 938 3403 Non
963 3359 1010 3402 me
1033 3340 1142 3421 perditi
1167 3342 1311 3419 temporis
1335 3340 1511 3419 poenitebat

147 3435 284 3516 amplius,
309 3453 366 3494 non
390 3440 561 3512 pertaesum
585 3440 634 3492 est
658 3431 779 3505 laboris,
806 3429 961 3491 molestias
987 3429 1095 3492 calculi
1120 3429 1218 3491 nullas
1241 3427 1419 3508 subterfugi,
1445 3429 1510 3490 dies

147 3537 310 3605 noctesque
333 3520 533 3602 computando
557 3518 726 3581 consumsit
752 3520 847 3580 donec
862 3536 1024 3592 cernerem,
1050 3528 1148 3579 utrum
1163 3524 1309 3595 concepta
1322 3516 1423 3578 rerbis
1438 3537 1510 3580 sen·
1568 3531 1571 3536 ’

130 3614 244 3691 ⁴tentia
267 3631 333 3674 cum
349 3609 509 3692 Cepernici
529 3608 648 3669 orbibus
673 3608 868 3681 consentiret,
895 3625 933 3667 an
958 3625 1028 3667 vero
1053 3608 1166 3667 ferrent
1190 3624 1257 3666 mea
1280 3603 1392 3686 gaudia
1415 3605 1508 3668 venti.

147 3701 236 3774 Quod
261 3701 285 3763 si
309 3719 382 3775 rem,
407 3698 449 3760 uti
475 3717 542 3760 esse
566 3696 719 3775 putabam,
746 3695 1010 3776 deprehenderem,
1035 3703 1137 3757 votum
1161 3694 1227 3755 Deo
1243 3693 1316 3775 Opt.
1332 3694 1415 3756 Max.
1441 3695 1508 3769 leci,

148 3811 194 3852 me
218 3792 314 3872 prima
338 3788 497 3850 occasione
520 3786 576 3848 hoc
600 3785 776 3847 admirabile
807 3802 879 3845 suae
909 3783 1077 3863 sapientise
1101 3783 1251 3862 specimen
1275 3782 1403 3861 publicis
1427 3785 1508 3863 typis

148 3883 226 3943 inter
255 3879 389 3946 homines
418 3876 660 3938 enunciaturum:
695 3882 729 3934 ut
761 3873 896 3953 quamvis
930 3891 1025 3954 neque
1054 3872 1129 3934 haec
1158 3871 1346 3951 undiquaque
1371 3870 1510 3934 absoluta
1563 3879 1567 3885 “

148 3971 220 4044 sint,
245 3977 276 4030 et
291 3969 377 4030 'forte
401 3975 518 4028 restent
541 3962 691 4037 nonnulla,
717 3981 793 4042 quae
818 3981 856 4023 es
879 3962 927 4024 his
951 3962 1046 4023 fluant
1067 3961 1232 4040 principiis,
1256 3978 1378 4039 quorum
1403 3960 1509 4020 inven-

149 4060 260 4120 tionem
275 4058 346 4119 mihi
362 4073 516 4118 reservare
531 4071 667 4133 possem:
692 4061 793 4114 tamen
818 4051 879 4126 alii,
905 4051 955 4131 qui
978 4049 1081 4111 valent
1104 4049 1233 4130 ingenio,
1259 4067 1347 4128 qnam
1370 4047 1508 4132 plurima,

150 4149 188 4210 ad
212 4147 446 4210 illustrationem
464 4141 590 4206 nominis
605 4139 707 4215 divini,
732 4140 827 4220 primo
851 4156 968 4220 quoqne
992 4148 1126 4219 tempore
1146 4137 1237 4216 juxta
1260 4154 1308 4197 me
1331 4136 1509 4215 proferrent,

149 4247 181 4297 et
200 4236 319 4298 laudem
333 4233 557 4314 sapientissimo
574 4229 712 4291 Creatori
726 4249 784 4290 nno
808 4248 859 4290 ore
884 4226 1066 4290 acciperent.
1102 4224 1177 4288 Cum
1200 4225 1292 4304 igitur
1313 4223 1418 4303 paucis
1441 4231 1511 4302 post

151 4326 256 4386 diebus
279 4344 327 4385 res
352 4323 547 4394 succederet,
582 4328 671 4398 atque
696 4333 752 4396 ego
776 4316 1047 4396 deprehenderem,
1084 4331 1172 4395 quarn
1196 4321 1265 4392 apte
1289 4330 1377 4374 unum
1402 4330 1510 4390 corpus

150 4424 221 4493 post
244 4411 326 4473 aliud
351 4413 428 4472 iuter
452 4429 522 4471 suos
545 4408 685 4487 planetas
711 4407 839 4478 sederet,
865 4413 1019 4483 totumque
1040 4402 1192 4481 negotium
1217 4400 1246 4462 in
1271 4400 1396 4461 lonnam
1420 4419 1511 4479 prae·
1576 4459 1584 4468 ,

151 4503 247 4564 sentis
271 4501 406 4582 opusculi
430 4498 612 4577 redigerem:
638 4503 727 4573 atque
751 4494 781 4555 id
806 4491 969 4571 hlaestliuo
993 4489 1104 4554 celebri
1128 4488 1342 4551 mathematico
1364 4488 1511 4568 probare-

152 4601 219 4652 tur:
251 4589 414 4669 intelligis,
445 4586 538 4648 amice
563 4585 692 4656 Lector,
722 4601 767 4643 me
793 4581 855 4642 voti
878 4600 980 4654 reum,
1011 4598 1106 4662 neque
1130 4597 1220 4659 posse
1243 4594 1355 4638 morem
1379 4576 1512 4658 satyrico

152 4698 273 4759 gerere,
299 4679 348 4758 qui
372 4696 481 4738 nonum
506 4674 533 4735 in
558 4690 667 4744 annum
687 4669 776 4749 jubet
801 4670 893 4731 libros
920 4668 1064 4730 detinere.

241 4769 325 4829 Haec
350 4786 410 4827 nna
431 4784 524 4826 cansa
548 4770 597 4823 est
620 4777 705 4822 meae
728 4756 958 4836 macerationis:
989 4756 1038 4818 cui
1065 4763 1099 4817 ut
1122 4771 1240 4816 omnem
1262 4752 1317 4815 tibi
1341 4753 1512 4834 scrupulum

152 4856 276 4919 sinistre
299 4853 473 4937 suspicandi
496 4851 626 4914 eximam
641 4847 685 4923 ¹¹),
710 4847 788 4909 addo
812 4845 918 4908 lubens
941 4853 973 4932 et
996 4844 1140 4921 alteram,
1160 4850 1202 4906 et
1223 4842 1317 4906 recito
1340 4841 1409 4921 tibi,
1439 4842 1513 4940 illud
