<?xml version="1.0" encoding="UTF-8"?>
<!DOCTYPE html PUBLIC "-//W3C//DTD XHTML 1.0 Transitional//EN"
    "http://www.w3.org/TR/xhtml1/DTD/xhtml1-transitional.dtd">
<html xmlns="http://www.w3.org/1999/xhtml" xml:lang="en" lang="en">
 <head>
  <title>
</title>
<meta http-equiv="Content-Type" content="text/html;charset=utf-8" />
  <meta name='ocr-system' content='tesseract 3.04.00' />
  <meta name='ocr-capabilities' content='ocr_page ocr_carea ocr_par ocr_line ocrx_word'/>
</head>
<body>
  <div class='ocr_page' id='page_1' title='image "./joanniskepleria01unkngoog_0267.png"; bbox 0 0 3609 5634; ppageno 0'>
   <div class='ocr_carea' id='block_1_1' title="bbox 791 391 1553 460">
    <p class='ocr_par' dir='ltr' id='par_1_1' title="bbox 791 391 1553 460">
     <span class='ocr_line' id='line_1_1' title="bbox 791 391 1553 460; baseline 0 0"><span class='ocrx_word' id='word_1_1' title='bbox 791 396 954 449; x_wconf 66' lang='lat' dir='ltr'><strong>mamm</strong></span> <span class='ocrx_word' id='word_1_2' title='bbox 1486 391 1553 460; x_wconf 74' lang='lat'><strong>233</strong></span> 
     </span>
    </p>
   </div>
   <div class='ocr_carea' id='block_1_2' title="bbox 164 551 1555 1048">
    <p class='ocr_par' dir='ltr' id='par_1_2' title="bbox 164 551 1555 1048">
     <span class='ocr_line' id='line_1_2' title="bbox 164 551 1552 623; baseline 0.003 -22"><span class='ocrx_word' id='word_1_3' title='bbox 164 551 464 614; x_wconf 72' lang='lat' dir='ltr'><strong>inmohbslloedidit,</strong></span> <span class='ocrx_word' id='word_1_4' title='bbox 485 562 673 615; x_wconf 61' lang='lat' dir='ltr'><strong>manarant.</strong></span> <span class='ocrx_word' id='word_1_5' title='bbox 695 570 742 609; x_wconf 86' lang='lat' dir='ltr'><strong>neo</strong></span> <span class='ocrx_word' id='word_1_6' title='bbox 763 557 840 608; x_wconf 72' lang='lat' dir='ltr'><strong>etam</strong></span> <span class='ocrx_word' id='word_1_7' title='bbox 861 570 894 607; x_wconf 86' lang='lat' dir='ltr'><strong>ea</strong></span> <span class='ocrx_word' id='word_1_8' title='bbox 915 555 1106 623; x_wconf 80' lang='lat' dir='ltr'><strong>lpssiatolbgit,</strong></span> <span class='ocrx_word' id='word_1_9' title='bbox 1127 557 1166 607; x_wconf 82' lang='lat' dir='ltr'><strong>ita</strong></span> <span class='ocrx_word' id='word_1_10' title='bbox 1188 559 1299 620; x_wconf 82' lang='lat' dir='ltr'><strong>ntqnae</strong></span> <span class='ocrx_word' id='word_1_11' title='bbox 1318 554 1456 605; x_wconf 80' lang='lat' dir='ltr'><strong>bonssmt</strong></span> <span class='ocrx_word' id='word_1_12' title='bbox 1475 556 1552 615; x_wconf 84' lang='lat' dir='ltr'><strong>ineo,</strong></span> 
     </span>
     <span class='ocr_line' id='line_1_3' title="bbox 164 624 1553 693; baseline 0.003 -20"><span class='ocrx_word' id='word_1_13' title='bbox 164 624 237 686; x_wconf 78' lang='lat' dir='ltr'><strong>ipse</strong></span> <span class='ocrx_word' id='word_1_14' title='bbox 261 625 330 675; x_wconf 65' lang='lat' dir='ltr'><strong>talos</strong></span> <span class='ocrx_word' id='word_1_15' title='bbox 352 626 432 677; x_wconf 81' lang='lat' dir='ltr'><strong>verbis</strong></span> <span class='ocrx_word' id='word_1_16' title='bbox 453 637 582 693; x_wconf 83' lang='lat' dir='ltr'><strong>proponat</strong></span> <span class='ocrx_word' id='word_1_17' title='bbox 618 627 702 678; x_wconf 78' lang='lat' dir='ltr'><strong>linita</strong></span> <span class='ocrx_word' id='word_1_18' title='bbox 723 628 868 693; x_wconf 79' lang='lat' dir='ltr'><strong>a&#39;l&#39;ychone</strong></span> <span class='ocrx_word' id='word_1_19' title='bbox 887 628 965 679; x_wconf 87' lang='lat' dir='ltr'><strong>habet</strong></span> <span class='ocrx_word' id='word_1_20' title='bbox 985 634 1011 678; x_wconf 88' lang='lat' dir='ltr'><strong>et</strong></span> <span class='ocrx_word' id='word_1_21' title='bbox 1031 643 1074 692; x_wconf 91' lang='lat' dir='ltr'><strong>pro</strong></span> <span class='ocrx_word' id='word_1_22' title='bbox 1096 629 1147 677; x_wconf 91' lang='lat' dir='ltr'><strong>suis</strong></span> <span class='ocrx_word' id='word_1_23' title='bbox 1166 626 1286 687; x_wconf 78' lang='lat' dir='ltr'><strong>venditat,</strong></span> <span class='ocrx_word' id='word_1_24' title='bbox 1309 640 1373 692; x_wconf 88' lang='lat' dir='ltr'><strong>quae</strong></span> <span class='ocrx_word' id='word_1_25' title='bbox 1390 626 1553 690; x_wconf 79' lang='lat' dir='ltr'><strong>in&#39;l&#39;ychonis</strong></span> 
     </span>
     <span class='ocr_line' id='line_1_4' title="bbox 166 693 1555 764; baseline 0.004 -22"><span class='ocrx_word' id='word_1_26' title='bbox 166 693 246 744; x_wconf 82' lang='lat' dir='ltr'><strong>libro</strong></span> <span class='ocrx_word' id='word_1_27' title='bbox 270 697 315 746; x_wconf 89' lang='lat' dir='ltr'><strong>tibi</strong></span> <span class='ocrx_word' id='word_1_28' title='bbox 336 699 479 747; x_wconf 73' lang='lat' dir='ltr'>monstravi.</span> <span class='ocrx_word' id='word_1_29' title='bbox 527 698 715 764; x_wconf 86' lang='lat' dir='ltr'><strong>Triangnlornm</strong></span> <span class='ocrx_word' id='word_1_30' title='bbox 742 701 818 763; x_wconf 90' lang='lat' dir='ltr'><strong>ipsius</strong></span> <span class='ocrx_word' id='word_1_31' title='bbox 840 699 954 750; x_wconf 85' lang='lat' dir='ltr'><strong>doctrina</strong></span> <span class='ocrx_word' id='word_1_32' title='bbox 973 700 1034 748; x_wconf 86' lang='lat' dir='ltr'><strong>nihil</strong></span> <span class='ocrx_word' id='word_1_33' title='bbox 1055 698 1214 748; x_wconf 73' lang='lat' dir='ltr'><strong>memorabile</strong></span> <span class='ocrx_word' id='word_1_34' title='bbox 1234 698 1312 747; x_wconf 84' lang='lat' dir='ltr'><strong>babet</strong></span> <span class='ocrx_word' id='word_1_35' title='bbox 1339 697 1403 761; x_wconf 89' lang='lat' dir='ltr'><strong>quod</strong></span> <span class='ocrx_word' id='word_1_36' title='bbox 1424 713 1474 747; x_wconf 92' lang='lat' dir='ltr'><strong>non</strong></span> <span class='ocrx_word' id='word_1_37' title='bbox 1496 698 1555 748; x_wconf 86' lang='lat' dir='ltr'><strong>alibi</strong></span> 
     </span>
     <span class='ocr_line' id='line_1_5' title="bbox 166 765 1553 835; baseline 0.002 -20"><span class='ocrx_word' id='word_1_38' title='bbox 166 765 275 815; x_wconf 75' lang='lat' dir='ltr'><strong>nelina</strong></span> <span class='ocrx_word' id='word_1_39' title='bbox 287 769 404 832; x_wconf 79' lang='lat' dir='ltr'><strong>scriptum</strong></span> <span class='ocrx_word' id='word_1_40' title='bbox 418 769 506 819; x_wconf 83' lang='lat' dir='ltr'><strong>exstet.</strong></span> <span class='ocrx_word' id='word_1_41' title='bbox 543 768 616 830; x_wconf 83' lang='lat' dir='ltr'><strong>Quae</strong></span> <span class='ocrx_word' id='word_1_42' title='bbox 636 786 693 819; x_wconf 79' lang='lat' dir='ltr'><strong>vero</strong></span> <span class='ocrx_word' id='word_1_43' title='bbox 712 772 738 819; x_wconf 92' lang='lat' dir='ltr'><strong>in</strong></span> <span class='ocrx_word' id='word_1_44' title='bbox 751 783 783 820; x_wconf 90' lang='lat' dir='ltr'><strong>ea</strong></span> <span class='ocrx_word' id='word_1_45' title='bbox 796 771 927 820; x_wconf 77' lang='lat' dir='ltr'><strong>observatu</strong></span> <span class='ocrx_word' id='word_1_46' title='bbox 946 770 1022 835; x_wconf 85' lang='lat' dir='ltr'><strong>digna</strong></span> <span class='ocrx_word' id='word_1_47' title='bbox 1034 777 1101 825; x_wconf 79' lang='lat' dir='ltr'><strong>saut.</strong></span> <span class='ocrx_word' id='word_1_48' title='bbox 1123 771 1176 834; x_wconf 89' lang='lat' dir='ltr'><strong>ipse</strong></span> <span class='ocrx_word' id='word_1_49' title='bbox 1198 785 1248 818; x_wconf 89' lang='lat' dir='ltr'><strong>non</strong></span> <span class='ocrx_word' id='word_1_50' title='bbox 1266 767 1389 833; x_wconf 85' lang='lat' dir='ltr'><strong>iutelligit,</strong></span> <span class='ocrx_word' id='word_1_51' title='bbox 1411 769 1468 819; x_wconf 86' lang='lat' dir='ltr'><strong>ideo</strong></span> <span class='ocrx_word' id='word_1_52' title='bbox 1490 768 1553 819; x_wconf 78' lang='lat' dir='ltr'><strong>false</strong></span> 
     </span>
     <span class='ocr_line' id='line_1_6' title="bbox 167 838 1553 906; baseline 0.001 -20"><span class='ocrx_word' id='word_1_53' title='bbox 167 842 205 885; x_wconf 75' lang='lat' dir='ltr'><strong>et</strong></span> <span class='ocrx_word' id='word_1_54' title='bbox 230 838 318 902; x_wconf 87' lang='lat' dir='ltr'><strong>inepte</strong></span> <span class='ocrx_word' id='word_1_55' title='bbox 336 841 459 903; x_wconf 85' lang='lat' dir='ltr'><strong>proponit·</strong></span> <span class='ocrx_word' id='word_1_56' title='bbox 496 838 586 890; x_wconf 78' lang='lat' dir='ltr'><strong>Mirum</strong></span> <span class='ocrx_word' id='word_1_57' title='bbox 608 855 666 906; x_wconf 83' lang='lat' dir='ltr'><strong>ergo</strong></span> <span class='ocrx_word' id='word_1_58' title='bbox 678 842 738 890; x_wconf 87' lang='lat' dir='ltr'><strong>mihi</strong></span> <span class='ocrx_word' id='word_1_59' title='bbox 750 841 882 898; x_wconf 80' lang='lat' dir='ltr'><strong>rideretur,</strong></span> <span class='ocrx_word' id='word_1_60' title='bbox 905 842 927 890; x_wconf 90' lang='lat' dir='ltr'><strong>si</strong></span> <span class='ocrx_word' id='word_1_61' title='bbox 947 855 963 891; x_wconf 85' lang='lat' dir='ltr'><strong>a</strong></span> <span class='ocrx_word' id='word_1_62' title='bbox 981 848 1008 890; x_wconf 87' lang='lat' dir='ltr'><strong>ta</strong></span> <span class='ocrx_word' id='word_1_63' title='bbox 1028 856 1102 905; x_wconf 84' lang='lat' dir='ltr'><strong>super</strong></span> <span class='ocrx_word' id='word_1_64' title='bbox 1123 846 1192 890; x_wconf 70' lang='lat' dir='ltr'><strong>acha</strong></span> <span class='ocrx_word' id='word_1_65' title='bbox 1213 842 1249 890; x_wconf 88' lang='lat' dir='ltr'><strong>sic</strong></span> <span class='ocrx_word' id='word_1_66' title='bbox 1266 839 1417 890; x_wconf 76' lang='lat' dir='ltr'><strong>eveheretur.</strong></span> <span class='ocrx_word' id='word_1_67' title='bbox 1455 839 1553 905; x_wconf 85' lang='lat' dir='ltr'><strong>Dignus</strong></span> 
     </span>
     <span class='ocr_line' id='line_1_7' title="bbox 168 908 1555 977; baseline 0.002 -18"><span class='ocrx_word' id='word_1_68' title='bbox 168 908 272 972; x_wconf 66' lang='lat' dir='ltr'><strong>itaque</strong></span> <span class='ocrx_word' id='word_1_69' title='bbox 285 916 361 967; x_wconf 84' lang='lat' dir='ltr'><strong>esset,</strong></span> <span class='ocrx_word' id='word_1_70' title='bbox 385 918 414 960; x_wconf 91' lang='lat' dir='ltr'><strong>ut</strong></span> <span class='ocrx_word' id='word_1_71' title='bbox 425 916 513 961; x_wconf 84' lang='lat' dir='ltr'><strong>contra</strong></span> <span class='ocrx_word' id='word_1_72' title='bbox 524 912 604 975; x_wconf 85' lang='lat' dir='ltr'><strong>ipsum</strong></span> <span class='ocrx_word' id='word_1_73' title='bbox 619 917 644 962; x_wconf 87' lang='lat' dir='ltr'><strong>te</strong></span> <span class='ocrx_word' id='word_1_74' title='bbox 656 925 785 977; x_wconf 82' lang='lat' dir='ltr'><strong>purgares,</strong></span> <span class='ocrx_word' id='word_1_75' title='bbox 804 912 870 977; x_wconf 87' lang='lat' dir='ltr'><strong>qood</strong></span> <span class='ocrx_word' id='word_1_76' title='bbox 889 917 936 962; x_wconf 89' lang='lat' dir='ltr'><strong>tna</strong></span> <span class='ocrx_word' id='word_1_77' title='bbox 955 911 1113 962; x_wconf 68' lang='lat' dir='ltr'><strong>humanitate</strong></span> <span class='ocrx_word' id='word_1_78' title='bbox 1134 917 1265 975; x_wconf 88' lang='lat' dir='ltr'><strong>tantopere</strong></span> <span class='ocrx_word' id='word_1_79' title='bbox 1280 911 1397 966; x_wconf 84' lang='lat' dir='ltr'><strong>abutitur,</strong></span> <span class='ocrx_word' id='word_1_80' title='bbox 1418 912 1477 975; x_wconf 86' lang='lat' dir='ltr'><strong>qnia</strong></span> <span class='ocrx_word' id='word_1_81' title='bbox 1497 925 1555 962; x_wconf 82' lang='lat' dir='ltr'><strong>rere</strong></span> 
     </span>
     <span class='ocr_line' id='line_1_8' title="bbox 170 978 1505 1048; baseline 0.001 -20"><span class='ocrx_word' id='word_1_82' title='bbox 170 993 236 1028; x_wconf 87' lang='lat' dir='ltr'><strong>non</strong></span> <span class='ocrx_word' id='word_1_83' title='bbox 250 981 333 1041; x_wconf 85' lang='lat' dir='ltr'><strong>credo,</strong></span> <span class='ocrx_word' id='word_1_84' title='bbox 350 987 376 1031; x_wconf 88' lang='lat' dir='ltr'><strong>te</strong></span> <span class='ocrx_word' id='word_1_85' title='bbox 396 982 534 1032; x_wconf 70' lang='lat' dir='ltr'><strong>istiusmodi</strong></span> <span class='ocrx_word' id='word_1_86' title='bbox 555 985 707 1033; x_wconf 85' lang='lat' dir='ltr'><strong>ornamentis</strong></span> <span class='ocrx_word' id='word_1_87' title='bbox 727 984 808 1048; x_wconf 84' lang='lat' dir='ltr'><strong>ipsam</strong></span> <span class='ocrx_word' id='word_1_88' title='bbox 824 984 900 1033; x_wconf 86' lang='lat' dir='ltr'><strong>inisse</strong></span> <span class='ocrx_word' id='word_1_89' title='bbox 924 982 1116 1048; x_wconf 70' lang='lat' dir='ltr'><strong>dignammrOE</strong></span> <span class='ocrx_word' id='word_1_90' title='bbox 1135 984 1213 1033; x_wconf 88' lang='lat' dir='ltr'><strong>literis</strong></span> <span class='ocrx_word' id='word_1_91' title='bbox 1232 983 1254 1032; x_wconf 81' lang='lat' dir='ltr'><strong>d·</strong></span> <span class='ocrx_word' id='word_1_92' title='bbox 1275 982 1299 1031; x_wconf 89' lang='lat' dir='ltr'><strong>d.</strong></span> <span class='ocrx_word' id='word_1_93' title='bbox 1322 979 1361 1029; x_wconf 80' lang='lat' dir='ltr'><strong>ll.</strong></span> <span class='ocrx_word' id='word_1_94' title='bbox 1379 981 1430 1031; x_wconf 84' lang='lat' dir='ltr'><strong>lul.</strong></span> <span class='ocrx_word' id='word_1_95' title='bbox 1450 978 1505 1040; x_wconf 80' lang='grc'>98.)</span> 
     </span>
    </p>
   </div>
   <div class='ocr_carea' id='block_1_3' title="bbox 259 1117 1556 1188">
    <p class='ocr_par' dir='ltr' id='par_1_3' title="bbox 259 1117 1556 1188">
     <span class='ocr_line' id='line_1_9' title="bbox 259 1117 1556 1188; baseline -0.001 -17"><span class='ocrx_word' id='word_1_96' title='bbox 259 1119 356 1181; x_wconf 82' lang='lat' dir='ltr'><strong>Quibus</strong></span> <span class='ocrx_word' id='word_1_97' title='bbox 376 1120 537 1185; x_wconf 84' lang='lat' dir='ltr'><strong>Keplsrns</strong></span> <span class='ocrx_word' id='word_1_98' title='bbox 556 1121 620 1173; x_wconf 87' lang='lat' dir='ltr'><strong>haee</strong></span> <span class='ocrx_word' id='word_1_99' title='bbox 639 1123 766 1187; x_wconf 87' lang='lat' dir='ltr'><strong>respondit</strong></span> <span class='ocrx_word' id='word_1_100' title='bbox 787 1121 830 1185; x_wconf 86' lang='lat' dir='ltr'><strong>(ex</strong></span> <span class='ocrx_word' id='word_1_101' title='bbox 849 1137 888 1188; x_wconf 86' lang='lat' dir='ltr'><strong>ep.</strong></span> <span class='ocrx_word' id='word_1_102' title='bbox 911 1123 935 1173; x_wconf 94' lang='lat' dir='ltr'><strong>d.</strong></span> <span class='ocrx_word' id='word_1_103' title='bbox 958 1120 982 1173; x_wconf 78' lang='grc'><strong>9.</strong></span> <span class='ocrx_word' id='word_1_104' title='bbox 996 1123 1059 1174; x_wconf 88' lang='lat' dir='ltr'><strong>Dee.</strong></span> <span class='ocrx_word' id='word_1_105' title='bbox 1081 1120 1115 1172; x_wconf 74' lang='grc'><strong>98</strong></span> <span class='ocrx_word' id='word_1_106' title='bbox 1137 1123 1206 1174; x_wconf 81' lang='lat' dir='ltr'><strong>data.</strong></span> <span class='ocrx_word' id='word_1_107' title='bbox 1240 1122 1325 1187; x_wconf 87' lang='lat' dir='ltr'><strong>Gomp.</strong></span> <span class='ocrx_word' id='word_1_108' title='bbox 1344 1139 1369 1187; x_wconf 89' lang='lat' dir='ltr'><strong>p.</strong></span> <span class='ocrx_word' id='word_1_109' title='bbox 1389 1119 1423 1170; x_wconf 77' lang='grc'><strong>39</strong></span> <span class='ocrx_word' id='word_1_110' title='bbox 1442 1127 1468 1172; x_wconf 89' lang='lat' dir='ltr'><strong>et</strong></span> <span class='ocrx_word' id='word_1_111' title='bbox 1487 1117 1556 1177; x_wconf 74' lang='lat' dir='ltr'><strong>9¹·l2</strong></span> 
     </span>
    </p>
   </div>
   <div class='ocr_carea' id='block_1_4' title="bbox 100 1262 1556 4262">
    <p class='ocr_par' dir='ltr' id='par_1_4' title="bbox 100 1262 1555 2398">
     <span class='ocr_line' id='line_1_10' title="bbox 277 1262 1552 1344; baseline 0 -20"><span class='ocrx_word' id='word_1_112' title='bbox 277 1262 429 1343; x_wconf 86' lang='lat' dir='ltr'><strong>Tychonis</strong></span> <span class='ocrx_word' id='word_1_113' title='bbox 452 1263 559 1326; x_wconf 88' lang='lat' dir='ltr'><strong>literas</strong></span> <span class='ocrx_word' id='word_1_114' title='bbox 581 1265 711 1325; x_wconf 89' lang='lat' dir='ltr'><strong>noudum</strong></span> <span class='ocrx_word' id='word_1_115' title='bbox 733 1264 811 1333; x_wconf 86' lang='lat' dir='ltr'><strong>vidi,</strong></span> <span class='ocrx_word' id='word_1_116' title='bbox 831 1283 965 1326; x_wconf 87' lang='lat' dir='ltr'><strong>mearum</strong></span> <span class='ocrx_word' id='word_1_117' title='bbox 989 1265 1028 1325; x_wconf 90' lang='lat' dir='ltr'><strong>ad</strong></span> <span class='ocrx_word' id='word_1_118' title='bbox 1051 1263 1135 1326; x_wconf 91' lang='lat' dir='ltr'><strong>illum</strong></span> <span class='ocrx_word' id='word_1_119' title='bbox 1160 1264 1316 1344; x_wconf 80' lang='lat' dir='ltr'><strong>exemplar</strong></span> <span class='ocrx_word' id='word_1_120' title='bbox 1339 1264 1419 1344; x_wconf 90' lang='lat' dir='ltr'><strong>apud</strong></span> <span class='ocrx_word' id='word_1_121' title='bbox 1441 1270 1473 1325; x_wconf 90' lang='lat' dir='ltr'><strong>te</strong></span> <span class='ocrx_word' id='word_1_122' title='bbox 1497 1282 1552 1324; x_wconf 83' lang='lat' dir='ltr'><strong>ex-</strong></span> 
     </span>
     <span class='ocr_line' id='line_1_11' title="bbox 179 1350 1551 1433; baseline -0.001 -20"><span class='ocrx_word' id='word_1_123' title='bbox 179 1358 272 1413; x_wconf 83' lang='lat' dir='ltr'><strong>stare</strong></span> <span class='ocrx_word' id='word_1_124' title='bbox 295 1351 423 1431; x_wconf 81' lang='lat' dir='ltr'><strong>gaudeo.</strong></span> <span class='ocrx_word' id='word_1_125' title='bbox 469 1352 548 1414; x_wconf 89' lang='lat' dir='ltr'><strong>Nam</strong></span> <span class='ocrx_word' id='word_1_126' title='bbox 571 1352 714 1432; x_wconf 90' lang='lat' dir='ltr'><strong>prodigus</strong></span> <span class='ocrx_word' id='word_1_127' title='bbox 739 1371 804 1413; x_wconf 90' lang='lat' dir='ltr'><strong>snm</strong></span> <span class='ocrx_word' id='word_1_128' title='bbox 826 1352 995 1414; x_wconf 87' lang='lat' dir='ltr'><strong>verborum.</strong></span> <span class='ocrx_word' id='word_1_129' title='bbox 1042 1350 1159 1432; x_wconf 87' lang='lat' dir='ltr'><strong>Scripsi</strong></span> <span class='ocrx_word' id='word_1_130' title='bbox 1172 1353 1324 1432; x_wconf 84' lang='lat' dir='ltr'><strong>profecto,</strong></span> <span class='ocrx_word' id='word_1_131' title='bbox 1350 1371 1407 1433; x_wconf 89' lang='lat' dir='ltr'><strong>quo</strong></span> <span class='ocrx_word' id='word_1_132' title='bbox 1427 1372 1474 1413; x_wconf 92' lang='lat' dir='ltr'><strong>me</strong></span> <span class='ocrx_word' id='word_1_133' title='bbox 1498 1372 1551 1414; x_wconf 91' lang='lat' dir='ltr'><strong>ca-</strong></span> 
     </span>
     <span class='ocr_line' id='line_1_12' title="bbox 178 1439 1553 1519; baseline 0.001 -19"><span class='ocrx_word' id='word_1_134' title='bbox 178 1439 286 1501; x_wconf 88' lang='lat' dir='ltr'><strong>lamus</strong></span> <span class='ocrx_word' id='word_1_135' title='bbox 320 1440 463 1514; x_wconf 89' lang='lat' dir='ltr'><strong>docebat,</strong></span> <span class='ocrx_word' id='word_1_136' title='bbox 497 1448 604 1502; x_wconf 90' lang='lat' dir='ltr'><strong>contra</strong></span> <span class='ocrx_word' id='word_1_137' title='bbox 636 1459 724 1519; x_wconf 89' lang='lat' dir='ltr'><strong>quam</strong></span> <span class='ocrx_word' id='word_1_138' title='bbox 747 1441 786 1502; x_wconf 86' lang='lat' dir='ltr'><strong>ad</strong></span> <span class='ocrx_word' id='word_1_139' title='bbox 818 1448 938 1503; x_wconf 88' lang='lat' dir='ltr'><strong>tantum</strong></span> <span class='ocrx_word' id='word_1_140' title='bbox 959 1441 1056 1503; x_wconf 85' lang='lat' dir='ltr'><strong>virum</strong></span> <span class='ocrx_word' id='word_1_141' title='bbox 1084 1441 1194 1503; x_wconf 88' lang='lat' dir='ltr'><strong>decuit.</strong></span> <span class='ocrx_word' id='word_1_142' title='bbox 1240 1439 1353 1502; x_wconf 84' lang='lat' dir='ltr'><strong>Earum</strong></span> <span class='ocrx_word' id='word_1_143' title='bbox 1385 1441 1461 1503; x_wconf 91' lang='lat' dir='ltr'><strong>adeo</strong></span> <span class='ocrx_word' id='word_1_144' title='bbox 1494 1459 1553 1502; x_wconf 91' lang='lat' dir='ltr'><strong>nou</strong></span> 
     </span>
     <span class='ocr_line' id='line_1_13' title="bbox 182 1527 1554 1609; baseline -0.001 -20"><span class='ocrx_word' id='word_1_145' title='bbox 182 1528 310 1590; x_wconf 83' lang='lat' dir='ltr'><strong>memirn&#39;</strong></span> <span class='ocrx_word' id='word_1_146' title='bbox 333 1528 472 1607; x_wconf 84' lang='lat' dir='ltr'><strong>amplius.</strong></span> <span class='ocrx_word' id='word_1_147' title='bbox 519 1530 645 1591; x_wconf 90' lang='lat' dir='ltr'><strong>Utinam</strong></span> <span class='ocrx_word' id='word_1_148' title='bbox 667 1529 846 1591; x_wconf 88' lang='lat' dir='ltr'><strong>observator</strong></span> <span class='ocrx_word' id='word_1_149' title='bbox 870 1529 1121 1609; x_wconf 78' lang='lat' dir='ltr'><strong>diligentissimus</strong></span> <span class='ocrx_word' id='word_1_150' title='bbox 1145 1528 1217 1590; x_wconf 92' lang='lat' dir='ltr'><strong>olim</strong></span> <span class='ocrx_word' id='word_1_151' title='bbox 1239 1549 1259 1588; x_wconf 92' lang='lat' dir='ltr'><strong>a</strong></span> <span class='ocrx_word' id='word_1_152' title='bbox 1276 1547 1325 1591; x_wconf 92' lang='lat' dir='ltr'><strong>me</strong></span> <span class='ocrx_word' id='word_1_153' title='bbox 1338 1536 1440 1590; x_wconf 91' lang='lat' dir='ltr'><strong>motae</strong></span> <span class='ocrx_word' id='word_1_154' title='bbox 1464 1527 1554 1591; x_wconf 93' lang='lat' dir='ltr'><strong>dubi-</strong></span> 
     </span>
     <span class='ocr_line' id='line_1_14' title="bbox 185 1616 1555 1697; baseline 0 -19"><span class='ocrx_word' id='word_1_155' title='bbox 185 1616 315 1678; x_wconf 85' lang='lat' dir='ltr'><strong>tationis</strong></span> <span class='ocrx_word' id='word_1_156' title='bbox 339 1617 376 1678; x_wconf 94' lang='lat' dir='ltr'><strong>de</strong></span> <span class='ocrx_word' id='word_1_157' title='bbox 406 1617 474 1677; x_wconf 85' lang='lat' dir='ltr'><strong>fixis</strong></span> <span class='ocrx_word' id='word_1_158' title='bbox 507 1618 689 1679; x_wconf 90' lang='lat' dir='ltr'><strong>mentionem</strong></span> <span class='ocrx_word' id='word_1_159' title='bbox 713 1618 838 1679; x_wconf 85' lang='lat' dir='ltr'><strong>iaceret.</strong></span> <span class='ocrx_word' id='word_1_160' title='bbox 885 1616 1055 1679; x_wconf 81' lang='lat' dir='ltr'><strong>Observavi</strong></span> <span class='ocrx_word' id='word_1_161' title='bbox 1085 1636 1141 1696; x_wconf 88' lang='lat' dir='ltr'><strong>ego</strong></span> <span class='ocrx_word' id='word_1_162' title='bbox 1170 1617 1321 1695; x_wconf 89' lang='lat' dir='ltr'><strong>triangulo</strong></span> <span class='ocrx_word' id='word_1_163' title='bbox 1346 1617 1413 1678; x_wconf 91' lang='lat' dir='ltr'><strong>rudi</strong></span> <span class='ocrx_word' id='word_1_164' title='bbox 1438 1616 1555 1697; x_wconf 89' lang='lat' dir='ltr'><strong>(qualia</strong></span> 
     </span>
     <span class='ocr_line' id='line_1_15' title="bbox 186 1702 1554 1784; baseline -0.001 -17"><span class='ocrx_word' id='word_1_165' title='bbox 186 1707 273 1767; x_wconf 84' lang='lat' dir='ltr'><strong>fuere</strong></span> <span class='ocrx_word' id='word_1_166' title='bbox 288 1705 533 1767; x_wconf 90' lang='lat' dir='ltr'><strong>Patriarcbarum</strong></span> <span class='ocrx_word' id='word_1_167' title='bbox 557 1706 702 1767; x_wconf 86' lang='lat' dir='ltr'><strong>adilavio</strong></span> <span class='ocrx_word' id='word_1_168' title='bbox 717 1707 852 1784; x_wconf 89' lang='lat' dir='ltr'><strong>tuguria)</strong></span> <span class='ocrx_word' id='word_1_169' title='bbox 882 1703 973 1770; x_wconf 86' lang='grc'><strong>1597.</strong></span> <span class='ocrx_word' id='word_1_170' title='bbox 994 1705 1129 1779; x_wconf 82' lang='lat' dir='ltr'><strong>Octobri,</strong></span> <span class='ocrx_word' id='word_1_171' title='bbox 1156 1703 1328 1778; x_wconf 88' lang='lat' dir='ltr'><strong>Decembri,</strong></span> <span class='ocrx_word' id='word_1_172' title='bbox 1356 1702 1450 1770; x_wconf 80' lang='lat'><strong>1598.</strong></span> <span class='ocrx_word' id='word_1_173' title='bbox 1466 1705 1554 1766; x_wconf 88' lang='lat' dir='ltr'><strong>Mar-</strong></span> 
     </span>
     <span class='ocr_line' id='line_1_16' title="bbox 188 1792 1554 1873; baseline 0.001 -19"><span class='ocrx_word' id='word_1_174' title='bbox 188 1793 243 1867; x_wconf 91' lang='lat' dir='ltr'><strong>tio,</strong></span> <span class='ocrx_word' id='word_1_175' title='bbox 268 1792 451 1873; x_wconf 82' lang='lat' dir='ltr'><strong>Septembri.</strong></span> <span class='ocrx_word' id='word_1_176' title='bbox 497 1793 631 1856; x_wconf 82' lang='lat' dir='ltr'><strong>Primam</strong></span> <span class='ocrx_word' id='word_1_177' title='bbox 650 1794 759 1856; x_wconf 87' lang='lat' dir='ltr'><strong>falsam</strong></span> <span class='ocrx_word' id='word_1_178' title='bbox 774 1795 868 1855; x_wconf 85' lang='lat' dir='ltr'><strong>inisse</strong></span> <span class='ocrx_word' id='word_1_179' title='bbox 892 1814 1055 1856; x_wconf 81' lang='lat' dir='ltr'><strong>consensus</strong></span> <span class='ocrx_word' id='word_1_180' title='bbox 1075 1793 1263 1873; x_wconf 90' lang='lat' dir='ltr'><strong>sequentium</strong></span> <span class='ocrx_word' id='word_1_181' title='bbox 1294 1801 1435 1856; x_wconf 90' lang='lat' dir='ltr'><strong>testatur.</strong></span> <span class='ocrx_word' id='word_1_182' title='bbox 1473 1794 1554 1855; x_wconf 88' lang='lat' dir='ltr'><strong>Nam</strong></span> 
     </span>
     <span class='ocr_line' id='line_1_17' title="bbox 189 1881 1554 1962; baseline -0.001 -18"><span class='ocrx_word' id='word_1_183' title='bbox 189 1882 217 1944; x_wconf 91' lang='lat' dir='ltr'><strong>si</strong></span> <span class='ocrx_word' id='word_1_184' title='bbox 241 1901 301 1961; x_wconf 90' lang='lat' dir='ltr'><strong>qua</strong></span> <span class='ocrx_word' id='word_1_185' title='bbox 323 1890 373 1944; x_wconf 90' lang='lat' dir='ltr'><strong>est</strong></span> <span class='ocrx_word' id='word_1_186' title='bbox 395 1882 565 1945; x_wconf 83' lang='lat' dir='ltr'><strong>differentia</strong></span> <span class='ocrx_word' id='word_1_187' title='bbox 588 1882 757 1945; x_wconf 83' lang='lat' dir='ltr'><strong>altitudinis</strong></span> <span class='ocrx_word' id='word_1_188' title='bbox 780 1883 906 1945; x_wconf 81' lang='lat' dir='ltr'><strong>lixarum</strong></span> <span class='ocrx_word' id='word_1_189' title='bbox 930 1884 1057 1945; x_wconf 90' lang='lat' dir='ltr'><strong>diversis</strong></span> <span class='ocrx_word' id='word_1_190' title='bbox 1082 1882 1153 1944; x_wconf 90' lang='lat' dir='ltr'><strong>anni</strong></span> <span class='ocrx_word' id='word_1_191' title='bbox 1172 1882 1366 1962; x_wconf 81' lang='lat' dir='ltr'><strong>temporibus,</strong></span> <span class='ocrx_word' id='word_1_192' title='bbox 1390 1883 1445 1944; x_wconf 90' lang='lat' dir='ltr'><strong>illa</strong></span> <span class='ocrx_word' id='word_1_193' title='bbox 1458 1881 1554 1944; x_wconf 90' lang='lat' dir='ltr'><strong>minor</strong></span> 
     </span>
     <span class='ocr_line' id='line_1_18' title="bbox 189 1971 1553 2051; baseline 0 -19"><span class='ocrx_word' id='word_1_194' title='bbox 189 1979 240 2032; x_wconf 89' lang='lat' dir='ltr'><strong>est</strong></span> <span class='ocrx_word' id='word_1_195' title='bbox 273 1978 414 2033; x_wconf 84' lang='lat' dir='ltr'><strong>sextante</strong></span> <span class='ocrx_word' id='word_1_196' title='bbox 442 1971 570 2051; x_wconf 88' lang='lat' dir='ltr'><strong>gradus;</strong></span> <span class='ocrx_word' id='word_1_197' title='bbox 603 1990 674 2033; x_wconf 89' lang='lat' dir='ltr'><strong>nam</strong></span> <span class='ocrx_word' id='word_1_198' title='bbox 707 1971 874 2051; x_wconf 85' lang='lat' dir='ltr'><strong>quadrante</strong></span> <span class='ocrx_word' id='word_1_199' title='bbox 906 1990 973 2033; x_wconf 91' lang='lat' dir='ltr'><strong>meo</strong></span> <span class='ocrx_word' id='word_1_200' title='bbox 1006 1972 1147 2051; x_wconf 87' lang='lat' dir='ltr'><strong>scrupula</strong></span> <span class='ocrx_word' id='word_1_201' title='bbox 1171 1972 1341 2034; x_wconf 89' lang='lat' dir='ltr'><strong>consectari</strong></span> <span class='ocrx_word' id='word_1_202' title='bbox 1371 1990 1429 2032; x_wconf 91' lang='lat' dir='ltr'><strong>non</strong></span> <span class='ocrx_word' id='word_1_203' title='bbox 1458 1971 1553 2049; x_wconf 91' lang='lat' dir='ltr'><strong>potui.</strong></span> 
     </span>
     <span class='ocr_line' id='line_1_19' title="bbox 190 2058 1554 2139; baseline 0 -19"><span class='ocrx_word' id='word_1_204' title='bbox 190 2058 259 2138; x_wconf 84' lang='lat' dir='ltr'><strong>Ego</strong></span> <span class='ocrx_word' id='word_1_205' title='bbox 282 2077 354 2120; x_wconf 89' lang='lat' dir='ltr'><strong>vero</strong></span> <span class='ocrx_word' id='word_1_206' title='bbox 385 2079 422 2120; x_wconf 84' lang='lat' dir='ltr'><strong>ex</strong></span> <span class='ocrx_word' id='word_1_207' title='bbox 444 2060 542 2139; x_wconf 91' lang='lat' dir='ltr'><strong>prima</strong></span> <span class='ocrx_word' id='word_1_208' title='bbox 570 2060 650 2121; x_wconf 87' lang='lat' dir='ltr'><strong>falsa</strong></span> <span class='ocrx_word' id='word_1_209' title='bbox 679 2059 891 2122; x_wconf 85' lang='lat' dir='ltr'><strong>observatione</strong></span> <span class='ocrx_word' id='word_1_210' title='bbox 918 2059 1038 2139; x_wconf 90' lang='lat' dir='ltr'><strong>putavi,</strong></span> <span class='ocrx_word' id='word_1_211' title='bbox 1072 2060 1270 2121; x_wconf 82' lang='lat' dir='ltr'><strong>differentiam</strong></span> <span class='ocrx_word' id='word_1_212' title='bbox 1300 2061 1363 2121; x_wconf 80' lang='lat' dir='ltr'><strong>sore</strong></span> <span class='ocrx_word' id='word_1_213' title='bbox 1397 2059 1554 2121; x_wconf 81' lang='lat' dir='ltr'><strong>semissem</strong></span> 
     </span>
     <span class='ocr_line' id='line_1_20' title="bbox 190 2146 1555 2228; baseline -0.001 -20"><span class='ocrx_word' id='word_1_214' title='bbox 190 2147 317 2228; x_wconf 55' lang='lat' dir='ltr'><strong>padus.</strong></span> <span class='ocrx_word' id='word_1_215' title='bbox 365 2146 399 2209; x_wconf 87' lang='lat' dir='ltr'><strong>Si</strong></span> <span class='ocrx_word' id='word_1_216' title='bbox 420 2147 449 2207; x_wconf 91' lang='lat' dir='ltr'><strong>in</strong></span> <span class='ocrx_word' id='word_1_217' title='bbox 472 2146 577 2227; x_wconf 89' lang='lat' dir='ltr'><strong>primis</strong></span> <span class='ocrx_word' id='word_1_218' title='bbox 601 2156 634 2209; x_wconf 92' lang='lat' dir='ltr'><strong>et</strong></span> <span class='ocrx_word' id='word_1_219' title='bbox 656 2150 792 2226; x_wconf 90' lang='lat' dir='ltr'><strong>partibus</strong></span> <span class='ocrx_word' id='word_1_220' title='bbox 815 2148 903 2228; x_wconf 88' lang='lat' dir='ltr'><strong>primi</strong></span> <span class='ocrx_word' id='word_1_221' title='bbox 928 2149 1091 2228; x_wconf 86' lang='lat' dir='ltr'><strong>majoribus</strong></span> <span class='ocrx_word' id='word_1_222' title='bbox 1110 2148 1193 2209; x_wconf 90' lang='lat' dir='ltr'><strong>nulla</strong></span> <span class='ocrx_word' id='word_1_223' title='bbox 1212 2155 1261 2209; x_wconf 91' lang='lat' dir='ltr'><strong>est</strong></span> <span class='ocrx_word' id='word_1_224' title='bbox 1277 2148 1456 2221; x_wconf 86' lang='lat' dir='ltr'><strong>differentia,</strong></span> <span class='ocrx_word' id='word_1_225' title='bbox 1482 2166 1555 2208; x_wconf 92' lang='lat' dir='ltr'><strong>sane</strong></span> 
     </span>
     <span class='ocr_line' id='line_1_21' title="bbox 192 2235 1555 2319; baseline 0.001 -23"><span class='ocrx_word' id='word_1_226' title='bbox 192 2245 225 2296; x_wconf 91' lang='lat' dir='ltr'><strong>et</strong></span> <span class='ocrx_word' id='word_1_227' title='bbox 248 2254 305 2315; x_wconf 88' lang='lat' dir='ltr'><strong>ego</strong></span> <span class='ocrx_word' id='word_1_228' title='bbox 328 2235 487 2314; x_wconf 82' lang='lat' dir='ltr'><strong>plurimum</strong></span> <span class='ocrx_word' id='word_1_229' title='bbox 511 2236 662 2300; x_wconf 88' lang='lat' dir='ltr'><strong>movebor.</strong></span> <span class='ocrx_word' id='word_1_230' title='bbox 710 2235 787 2308; x_wconf 88' lang='lat' dir='ltr'><strong>Quis</strong></span> <span class='ocrx_word' id='word_1_231' title='bbox 812 2237 889 2319; x_wconf 87' lang='lat' dir='ltr'><strong>enim</strong></span> <span class='ocrx_word' id='word_1_232' title='bbox 914 2237 1033 2310; x_wconf 89' lang='lat' dir='ltr'><strong>credat,</strong></span> <span class='ocrx_word' id='word_1_233' title='bbox 1064 2244 1183 2297; x_wconf 90' lang='lat' dir='ltr'><strong>tantam</strong></span> <span class='ocrx_word' id='word_1_234' title='bbox 1207 2255 1275 2297; x_wconf 87' lang='lat' dir='ltr'><strong>csse</strong></span> <span class='ocrx_word' id='word_1_235' title='bbox 1298 2238 1423 2297; x_wconf 84' lang='lat' dir='ltr'><strong>lixarum</strong></span> <span class='ocrx_word' id='word_1_236' title='bbox 1448 2236 1555 2297; x_wconf 87' lang='lat' dir='ltr'><strong>altitu-</strong></span> 
     </span>
     <span class='ocr_line' id='line_1_22' title="bbox 100 2325 1442 2398; baseline -0.003 -14"><span class='ocrx_word' id='word_1_237' title='bbox 100 2332 103 2337; x_wconf 77' lang='grc'>’</span> <span class='ocrx_word' id='word_1_238' title='bbox 192 2325 303 2386; x_wconf 80' lang='lat' dir='ltr'><strong>dinem.</strong></span> <span class='ocrx_word' id='word_1_239' title='bbox 331 2329 447 2397; x_wconf 80' lang='lat' dir='ltr'><strong>(Spectat</strong></span> <span class='ocrx_word' id='word_1_240' title='bbox 457 2332 496 2381; x_wconf 88' lang='lat' dir='ltr'><strong>hls</strong></span> <span class='ocrx_word' id='word_1_241' title='bbox 507 2332 631 2397; x_wconf 83' lang='lat' dir='ltr'><strong>Kepleros</strong></span> <span class='ocrx_word' id='word_1_242' title='bbox 644 2334 828 2383; x_wconf 81' lang='lat' dir='ltr'><strong>observationes</strong></span> <span class='ocrx_word' id='word_1_243' title='bbox 839 2334 929 2384; x_wconf 86' lang='lat' dir='ltr'><strong>stellae</strong></span> <span class='ocrx_word' id='word_1_244' title='bbox 940 2333 1040 2398; x_wconf 83' lang='lat' dir='ltr'><strong>polaris,</strong></span> <span class='ocrx_word' id='word_1_245' title='bbox 1053 2347 1118 2398; x_wconf 87' lang='lat' dir='ltr'><strong>quae</strong></span> <span class='ocrx_word' id='word_1_246' title='bbox 1130 2333 1246 2398; x_wconf 88' lang='lat' dir='ltr'><strong>leguntur</strong></span> <span class='ocrx_word' id='word_1_247' title='bbox 1257 2347 1334 2397; x_wconf 84' lang='lat' dir='ltr'><strong>supra</strong></span> <span class='ocrx_word' id='word_1_248' title='bbox 1347 2348 1370 2396; x_wconf 91' lang='lat' dir='ltr'><strong>p.</strong></span> <span class='ocrx_word' id='word_1_249' title='bbox 1386 2329 1442 2393; x_wconf 74' lang='lat'><strong>⁴2.)</strong></span> 
     </span>
    </p>

    <p class='ocr_par' dir='ltr' id='par_1_5' title="bbox 192 2409 1556 4262">
     <span class='ocr_line' id='line_1_23' title="bbox 282 2409 1553 2493; baseline 0.001 -19"><span class='ocrx_word' id='word_1_250' title='bbox 282 2413 332 2474; x_wconf 81' lang='lat' dir='ltr'><strong>Ad</strong></span> <span class='ocrx_word' id='word_1_251' title='bbox 355 2412 494 2475; x_wconf 88' lang='lat' dir='ltr'><strong>Ursum</strong></span> <span class='ocrx_word' id='word_1_252' title='bbox 521 2412 629 2492; x_wconf 87' lang='lat' dir='ltr'><strong>scripsi</strong></span> <span class='ocrx_word' id='word_1_253' title='bbox 664 2431 742 2473; x_wconf 89' lang='lat' dir='ltr'><strong>anno</strong></span> <span class='ocrx_word' id='word_1_254' title='bbox 767 2409 819 2476; x_wconf 80' lang='lat'><strong>95.</strong></span> <span class='ocrx_word' id='word_1_255' title='bbox 850 2422 986 2488; x_wconf 88' lang='lat' dir='ltr'><strong>aestate,</strong></span> <span class='ocrx_word' id='word_1_256' title='bbox 1020 2414 1193 2493; x_wconf 84' lang='lat' dir='ltr'><strong>priusquam</strong></span> <span class='ocrx_word' id='word_1_257' title='bbox 1218 2413 1387 2493; x_wconf 88' lang='lat' dir='ltr'><strong>Tubingam</strong></span> <span class='ocrx_word' id='word_1_258' title='bbox 1410 2414 1553 2475; x_wconf 81' lang='lat' dir='ltr'><strong>venirem.</strong></span> 
     </span>
     <span class='ocr_line' id='line_1_24' title="bbox 192 2500 1554 2582; baseline -0.001 -19"><span class='ocrx_word' id='word_1_259' title='bbox 192 2500 317 2581; x_wconf 70' lang='lat' dir='ltr'><strong>Immlit</strong></span> <span class='ocrx_word' id='word_1_260' title='bbox 339 2520 385 2563; x_wconf 92' lang='lat' dir='ltr'><strong>me</strong></span> <span class='ocrx_word' id='word_1_261' title='bbox 411 2500 530 2580; x_wconf 88' lang='lat' dir='ltr'><strong>quidam</strong></span> <span class='ocrx_word' id='word_1_262' title='bbox 554 2519 591 2561; x_wconf 82' lang='lat' dir='ltr'><strong>ex</strong></span> <span class='ocrx_word' id='word_1_263' title='bbox 615 2501 789 2580; x_wconf 79' lang='lat' dir='ltr'><strong>proceribus</strong></span> <span class='ocrx_word' id='word_1_264' title='bbox 813 2502 980 2581; x_wconf 89' lang='lat' dir='ltr'><strong>Waganus,</strong></span> <span class='ocrx_word' id='word_1_265' title='bbox 1001 2501 1049 2582; x_wconf 90' lang='lat' dir='ltr'><strong>qui</strong></span> <span class='ocrx_word' id='word_1_266' title='bbox 1075 2519 1140 2562; x_wconf 91' lang='lat' dir='ltr'><strong>cnm</strong></span> <span class='ocrx_word' id='word_1_267' title='bbox 1164 2501 1298 2563; x_wconf 90' lang='lat' dir='ltr'><strong>crebrius</strong></span> <span class='ocrx_word' id='word_1_268' title='bbox 1322 2501 1453 2580; x_wconf 90' lang='lat' dir='ltr'><strong>Pragam</strong></span> <span class='ocrx_word' id='word_1_269' title='bbox 1478 2522 1554 2562; x_wconf 90' lang='lat' dir='ltr'><strong>ven-</strong></span> 
     </span>
     <span class='ocr_line' id='line_1_25' title="bbox 193 2588 1554 2670; baseline -0.001 -20"><span class='ocrx_word' id='word_1_270' title='bbox 193 2590 276 2661; x_wconf 84' lang='lat' dir='ltr'><strong>titat,</strong></span> <span class='ocrx_word' id='word_1_271' title='bbox 307 2590 336 2651; x_wconf 92' lang='lat' dir='ltr'><strong>in</strong></span> <span class='ocrx_word' id='word_1_272' title='bbox 360 2588 488 2652; x_wconf 88' lang='lat' dir='ltr'><strong>hominis</strong></span> <span class='ocrx_word' id='word_1_273' title='bbox 521 2589 661 2650; x_wconf 88' lang='lat' dir='ltr'><strong>notitiam</strong></span> <span class='ocrx_word' id='word_1_274' title='bbox 685 2590 768 2650; x_wconf 88' lang='lat' dir='ltr'><strong>venit</strong></span> <span class='ocrx_word' id='word_1_275' title='bbox 798 2609 924 2670; x_wconf 88' lang='lat' dir='ltr'><strong>eumque</strong></span> <span class='ocrx_word' id='word_1_276' title='bbox 954 2588 1074 2670; x_wconf 85' lang='lat' dir='ltr'><strong>plurimi</strong></span> <span class='ocrx_word' id='word_1_277' title='bbox 1107 2589 1191 2650; x_wconf 86' lang='lat' dir='ltr'><strong>lacit.</strong></span> <span class='ocrx_word' id='word_1_278' title='bbox 1238 2589 1460 2670; x_wconf 79' lang='lat' dir='ltr'><strong>Argumentum</strong></span> <span class='ocrx_word' id='word_1_279' title='bbox 1492 2588 1554 2650; x_wconf 89' lang='lat' dir='ltr'><strong>tale</strong></span> 
     </span>
     <span class='ocr_line' id='line_1_26' title="bbox 194 2676 1553 2759; baseline -0.001 -19"><span class='ocrx_word' id='word_1_280' title='bbox 194 2680 268 2752; x_wconf 83' lang='lat' dir='ltr'><strong>iere,</strong></span> <span class='ocrx_word' id='word_1_281' title='bbox 292 2678 380 2759; x_wconf 90' lang='lat' dir='ltr'><strong>quale</strong></span> <span class='ocrx_word' id='word_1_282' title='bbox 404 2678 433 2738; x_wconf 92' lang='lat' dir='ltr'><strong>in</strong></span> <span class='ocrx_word' id='word_1_283' title='bbox 458 2676 609 2759; x_wconf 81' lang='lat' dir='ltr'><strong>Tychouis</strong></span> <span class='ocrx_word' id='word_1_284' title='bbox 632 2677 778 2756; x_wconf 88' lang='lat' dir='ltr'><strong>epistola:</strong></span> <span class='ocrx_word' id='word_1_285' title='bbox 805 2698 873 2740; x_wconf 91' lang='lat' dir='ltr'><strong>cum</strong></span> <span class='ocrx_word' id='word_1_286' title='bbox 897 2678 939 2740; x_wconf 91' lang='lat' dir='ltr'><strong>sit</strong></span> <span class='ocrx_word' id='word_1_287' title='bbox 962 2678 1007 2741; x_wconf 84' lang='lat' dir='ltr'><strong>vir</strong></span> <span class='ocrx_word' id='word_1_288' title='bbox 1029 2677 1148 2758; x_wconf 88' lang='lat' dir='ltr'><strong>publice</strong></span> <span class='ocrx_word' id='word_1_289' title='bbox 1172 2685 1279 2752; x_wconf 91' lang='lat' dir='ltr'><strong>notus,</strong></span> <span class='ocrx_word' id='word_1_290' title='bbox 1305 2697 1343 2739; x_wconf 81' lang='lat' dir='ltr'><strong>ex</strong></span> <span class='ocrx_word' id='word_1_291' title='bbox 1367 2677 1451 2756; x_wconf 89' lang='lat' dir='ltr'><strong>cujus</strong></span> <span class='ocrx_word' id='word_1_292' title='bbox 1476 2677 1553 2739; x_wconf 88' lang='lat' dir='ltr'><strong>sori-</strong></span> 
     </span>
     <span class='ocr_line' id='line_1_27' title="bbox 193 2765 1556 2848; baseline -0.001 -19"><span class='ocrx_word' id='word_1_293' title='bbox 193 2767 256 2848; x_wconf 91' lang='lat' dir='ltr'><strong>ptis</strong></span> <span class='ocrx_word' id='word_1_294' title='bbox 288 2767 403 2829; x_wconf 88' lang='lat' dir='ltr'><strong>discam</strong></span> <span class='ocrx_word' id='word_1_295' title='bbox 436 2768 594 2846; x_wconf 90' lang='lat' dir='ltr'><strong>(quantum</strong></span> <span class='ocrx_word' id='word_1_296' title='bbox 617 2766 715 2827; x_wconf 90' lang='lat' dir='ltr'><strong>obiter</strong></span> <span class='ocrx_word' id='word_1_297' title='bbox 746 2766 894 2828; x_wconf 87' lang='lat' dir='ltr'><strong>volvendo</strong></span> <span class='ocrx_word' id='word_1_298' title='bbox 927 2766 1096 2847; x_wconf 84' lang='lat' dir='ltr'><strong>intelligere</strong></span> <span class='ocrx_word' id='word_1_299' title='bbox 1128 2767 1311 2847; x_wconf 90' lang='lat' dir='ltr'><strong>potuerim),</strong></span> <span class='ocrx_word' id='word_1_300' title='bbox 1345 2765 1412 2827; x_wconf 90' lang='lat' dir='ltr'><strong>ideo</strong></span> <span class='ocrx_word' id='word_1_301' title='bbox 1441 2784 1488 2828; x_wconf 88' lang='lat' dir='ltr'><strong>me</strong></span> <span class='ocrx_word' id='word_1_302' title='bbox 1521 2772 1556 2827; x_wconf 91' lang='lat' dir='ltr'><strong>ot</strong></span> 
     </span>
     <span class='ocr_line' id='line_1_28' title="bbox 195 2851 1553 2935; baseline -0.001 -19"><span class='ocrx_word' id='word_1_303' title='bbox 195 2855 372 2935; x_wconf 86' lang='lat' dir='ltr'><strong>discipulum</strong></span> <span class='ocrx_word' id='word_1_304' title='bbox 395 2864 426 2916; x_wconf 92' lang='lat' dir='ltr'><strong>et</strong></span> <span class='ocrx_word' id='word_1_305' title='bbox 445 2855 588 2933; x_wconf 88' lang='lat' dir='ltr'><strong>juvenem</strong></span> <span class='ocrx_word' id='word_1_306' title='bbox 612 2855 650 2916; x_wconf 92' lang='lat' dir='ltr'><strong>ab</strong></span> <span class='ocrx_word' id='word_1_307' title='bbox 674 2855 741 2933; x_wconf 92' lang='lat' dir='ltr'><strong>ipso</strong></span> <span class='ocrx_word' id='word_1_308' title='bbox 764 2851 891 2934; x_wconf 88' lang='lat' dir='ltr'><strong>majore</strong></span> <span class='ocrx_word' id='word_1_309' title='bbox 909 2864 1013 2918; x_wconf 89' lang='lat' dir='ltr'><strong>aetate</strong></span> <span class='ocrx_word' id='word_1_310' title='bbox 1036 2862 1140 2935; x_wconf 90' lang='lat' dir='ltr'><strong>petere</strong></span> <span class='ocrx_word' id='word_1_311' title='bbox 1164 2874 1320 2917; x_wconf 84' lang='lat' dir='ltr'><strong>censuram</strong></span> <span class='ocrx_word' id='word_1_312' title='bbox 1345 2873 1434 2932; x_wconf 90' lang='lat' dir='ltr'><strong>super</strong></span> <span class='ocrx_word' id='word_1_313' title='bbox 1458 2873 1553 2933; x_wconf 89' lang='lat' dir='ltr'><strong>nego-</strong></span> 
     </span>
     <span class='ocr_line' id='line_1_29' title="bbox 194 2941 1554 3023; baseline -0.004 -17"><span class='ocrx_word' id='word_1_314' title='bbox 194 2944 237 3006; x_wconf 92' lang='lat' dir='ltr'><strong>tio</strong></span> <span class='ocrx_word' id='word_1_315' title='bbox 261 2941 281 3006; x_wconf 87' lang='lat'>5</span> <span class='ocrx_word' id='word_1_316' title='bbox 305 2962 469 3023; x_wconf 88' lang='lat' dir='ltr'><strong>corporum,</strong></span> <span class='ocrx_word' id='word_1_317' title='bbox 495 2943 573 3023; x_wconf 93' lang='lat' dir='ltr'><strong>quod</strong></span> <span class='ocrx_word' id='word_1_318' title='bbox 597 2941 786 3022; x_wconf 87' lang='lat' dir='ltr'><strong>paucissimis</strong></span> <span class='ocrx_word' id='word_1_319' title='bbox 810 2945 911 3006; x_wconf 88' lang='lat' dir='ltr'><strong>verbis</strong></span> <span class='ocrx_word' id='word_1_320' title='bbox 934 2952 967 3006; x_wconf 91' lang='lat' dir='ltr'><strong>et</strong></span> <span class='ocrx_word' id='word_1_321' title='bbox 989 2944 1121 3006; x_wconf 90' lang='lat' dir='ltr'><strong>numeris</strong></span> <span class='ocrx_word' id='word_1_322' title='bbox 1146 2943 1305 3005; x_wconf 73' lang='lat' dir='ltr'><strong>delineari.</strong></span> <span class='ocrx_word' id='word_1_323' title='bbox 1354 2944 1388 3004; x_wconf 89' lang='lat' dir='ltr'><strong>Si</strong></span> <span class='ocrx_word' id='word_1_324' title='bbox 1411 2943 1483 3021; x_wconf 90' lang='lat' dir='ltr'><strong>quid</strong></span> <span class='ocrx_word' id='word_1_325' title='bbox 1506 2941 1554 3002; x_wconf 89' lang='lat' dir='ltr'><strong>hio</strong></span> 
     </span>
     <span class='ocr_line' id='line_1_30' title="bbox 194 3031 1554 3113; baseline -0.002 -19"><span class='ocrx_word' id='word_1_326' title='bbox 194 3041 244 3094; x_wconf 88' lang='lat' dir='ltr'><strong>eet</strong></span> <span class='ocrx_word' id='word_1_327' title='bbox 266 3032 459 3103; x_wconf 88' lang='lat' dir='ltr'><strong>adulationis,</strong></span> <span class='ocrx_word' id='word_1_328' title='bbox 483 3032 546 3110; x_wconf 91' lang='lat' dir='ltr'><strong>ejus</strong></span> <span class='ocrx_word' id='word_1_329' title='bbox 569 3033 687 3111; x_wconf 88' lang='lat' dir='ltr'><strong>culpam</strong></span> <span class='ocrx_word' id='word_1_330' title='bbox 711 3032 791 3111; x_wconf 89' lang='lat' dir='ltr'><strong>gerit</strong></span> <span class='ocrx_word' id='word_1_331' title='bbox 813 3033 956 3113; x_wconf 87' lang='lat' dir='ltr'><strong>splendor</strong></span> <span class='ocrx_word' id='word_1_332' title='bbox 979 3033 1065 3094; x_wconf 89' lang='lat' dir='ltr'><strong>aulae</strong></span> <span class='ocrx_word' id='word_1_333' title='bbox 1091 3032 1277 3106; x_wconf 84' lang='lat' dir='ltr'><strong>Caesareae,</strong></span> <span class='ocrx_word' id='word_1_334' title='bbox 1302 3031 1424 3109; x_wconf 81' lang='lat' dir='ltr'><strong>atejus</strong></span> <span class='ocrx_word' id='word_1_335' title='bbox 1450 3039 1554 3091; x_wconf 91' lang='lat' dir='ltr'><strong>secta-</strong></span> 
     </span>
     <span class='ocr_line' id='line_1_31' title="bbox 195 3119 1554 3202; baseline -0.003 -19"><span class='ocrx_word' id='word_1_336' title='bbox 195 3130 252 3196; x_wconf 90' lang='lat' dir='ltr'><strong>tor,</strong></span> <span class='ocrx_word' id='word_1_337' title='bbox 286 3139 369 3181; x_wconf 89' lang='lat' dir='ltr'><strong>mens</strong></span> <span class='ocrx_word' id='word_1_338' title='bbox 397 3121 496 3181; x_wconf 85' lang='lat' dir='ltr'><strong>fautor</strong></span> <span class='ocrx_word' id='word_1_339' title='bbox 518 3120 686 3199; x_wconf 84' lang='lat' dir='ltr'><strong>Waganus.</strong></span> <span class='ocrx_word' id='word_1_340' title='bbox 732 3121 808 3181; x_wconf 89' lang='lat' dir='ltr'><strong>Post</strong></span> <span class='ocrx_word' id='word_1_341' title='bbox 840 3121 1052 3202; x_wconf 86' lang='lat' dir='ltr'><strong>sesquiannum</strong></span> <span class='ocrx_word' id='word_1_342' title='bbox 1084 3120 1254 3200; x_wconf 86' lang='lat' dir='ltr'><strong>respondit,</strong></span> <span class='ocrx_word' id='word_1_343' title='bbox 1289 3119 1473 3197; x_wconf 83' lang='lat' dir='ltr'><strong>exemplaria</strong></span> <span class='ocrx_word' id='word_1_344' title='bbox 1496 3119 1554 3179; x_wconf 92' lang='lat' dir='ltr'><strong>mei</strong></span> 
     </span>
     <span class='ocr_line' id='line_1_32' title="bbox 194 3206 1554 3293; baseline -0.002 -23"><span class='ocrx_word' id='word_1_345' title='bbox 194 3209 288 3271; x_wconf 89' lang='lat' dir='ltr'><strong>libelli</strong></span> <span class='ocrx_word' id='word_1_346' title='bbox 313 3217 430 3288; x_wconf 89' lang='lat' dir='ltr'><strong>petens,</strong></span> <span class='ocrx_word' id='word_1_347' title='bbox 454 3207 592 3288; x_wconf 89' lang='lat' dir='ltr'><strong>misitque</strong></span> <span class='ocrx_word' id='word_1_348' title='bbox 608 3209 833 3286; x_wconf 86' lang='lat' dir='ltr'><strong>chronologiam</strong></span> <span class='ocrx_word' id='word_1_349' title='bbox 857 3230 943 3272; x_wconf 90' lang='lat' dir='ltr'><strong>suam</strong></span> <span class='ocrx_word' id='word_1_350' title='bbox 959 3211 988 3271; x_wconf 88' lang='lat' dir='ltr'><strong>in</strong></span> <span class='ocrx_word' id='word_1_351' title='bbox 1009 3212 1105 3271; x_wconf 88' lang='lat' dir='ltr'><strong>forma</strong></span> <span class='ocrx_word' id='word_1_352' title='bbox 1121 3208 1249 3293; x_wconf 89' lang='lat' dir='ltr'><strong>patenti.</strong></span> <span class='ocrx_word' id='word_1_353' title='bbox 1295 3207 1460 3287; x_wconf 89' lang='lat' dir='ltr'><strong>Rescripsi,</strong></span> <span class='ocrx_word' id='word_1_354' title='bbox 1486 3206 1554 3268; x_wconf 89' lang='lat' dir='ltr'><strong>misi</strong></span> 
     </span>
     <span class='ocr_line' id='line_1_33' title="bbox 196 3296 1554 3378; baseline -0.002 -19"><span class='ocrx_word' id='word_1_355' title='bbox 196 3297 390 3377; x_wconf 81' lang='lat' dir='ltr'><strong>exemplaria</strong></span> <span class='ocrx_word' id='word_1_356' title='bbox 438 3297 552 3358; x_wconf 85' lang='lat' dir='ltr'><strong>Laudis</strong></span> <span class='ocrx_word' id='word_1_357' title='bbox 582 3297 608 3358; x_wconf 90' lang='lat' dir='ltr'><strong>si</strong></span> <span class='ocrx_word' id='word_1_358' title='bbox 632 3297 702 3377; x_wconf 91' lang='lat' dir='ltr'><strong>quid</strong></span> <span class='ocrx_word' id='word_1_359' title='bbox 723 3298 826 3360; x_wconf 91' lang='lat' dir='ltr'><strong>addidi</strong></span> <span class='ocrx_word' id='word_1_360' title='bbox 851 3299 947 3378; x_wconf 90' lang='lat' dir='ltr'><strong>(quod</strong></span> <span class='ocrx_word' id='word_1_361' title='bbox 969 3298 1086 3373; x_wconf 88' lang='lat' dir='ltr'><strong>nescio,</strong></span> <span class='ocrx_word' id='word_1_362' title='bbox 1117 3316 1188 3359; x_wconf 88' lang='lat' dir='ltr'><strong>nam</strong></span> <span class='ocrx_word' id='word_1_363' title='bbox 1212 3317 1231 3358; x_wconf 89' lang='lat' dir='ltr'><strong>a</strong></span> <span class='ocrx_word' id='word_1_364' title='bbox 1254 3304 1284 3359; x_wconf 89' lang='lat' dir='ltr'><strong>te</strong></span> <span class='ocrx_word' id='word_1_365' title='bbox 1313 3297 1401 3357; x_wconf 89' lang='lat' dir='ltr'><strong>modo</strong></span> <span class='ocrx_word' id='word_1_366' title='bbox 1425 3296 1554 3357; x_wconf 90' lang='lat' dir='ltr'><strong>descen·</strong></span> 
     </span>
     <span class='ocr_line' id='line_1_34' title="bbox 195 3380 1554 3466; baseline -0.003 -18"><span class='ocrx_word' id='word_1_367' title='bbox 195 3380 331 3466; x_wconf 88' lang='lat' dir='ltr'><strong>deram),</strong></span> <span class='ocrx_word' id='word_1_368' title='bbox 360 3386 390 3446; x_wconf 90' lang='lat' dir='ltr'><strong>id</strong></span> <span class='ocrx_word' id='word_1_369' title='bbox 414 3386 527 3447; x_wconf 85' lang='lat' dir='ltr'><strong>sactum</strong></span> <span class='ocrx_word' id='word_1_370' title='bbox 551 3404 659 3447; x_wconf 89' lang='lat' dir='ltr'><strong>censeo</strong></span> <span class='ocrx_word' id='word_1_371' title='bbox 687 3394 811 3466; x_wconf 89' lang='lat' dir='ltr'><strong>propter</strong></span> <span class='ocrx_word' id='word_1_372' title='bbox 839 3388 954 3466; x_wconf 89' lang='lat' dir='ltr'><strong>priores</strong></span> <span class='ocrx_word' id='word_1_373' title='bbox 986 3388 1101 3449; x_wconf 88' lang='lat' dir='ltr'><strong>literas.</strong></span> <span class='ocrx_word' id='word_1_374' title='bbox 1148 3387 1231 3447; x_wconf 87' lang='lat' dir='ltr'><strong>Movi</strong></span> <span class='ocrx_word' id='word_1_375' title='bbox 1254 3386 1400 3465; x_wconf 90' lang='lat' dir='ltr'><strong>quaedam</strong></span> <span class='ocrx_word' id='word_1_376' title='bbox 1423 3384 1554 3445; x_wconf 79' lang='lat' dir='ltr'><strong>chrono-</strong></span> 
     </span>
     <span class='ocr_line' id='line_1_35' title="bbox 194 3471 1555 3556; baseline -0.004 -19"><span class='ocrx_word' id='word_1_377' title='bbox 194 3475 310 3555; x_wconf 89' lang='lat' dir='ltr'><strong>logica,</strong></span> <span class='ocrx_word' id='word_1_378' title='bbox 334 3474 454 3554; x_wconf 90' lang='lat' dir='ltr'><strong>placere</strong></span> <span class='ocrx_word' id='word_1_379' title='bbox 478 3474 549 3535; x_wconf 90' lang='lat' dir='ltr'><strong>mihi</strong></span> <span class='ocrx_word' id='word_1_380' title='bbox 574 3474 649 3548; x_wconf 79' lang='lat' dir='ltr'><strong>dixi,</strong></span> <span class='ocrx_word' id='word_1_381' title='bbox 683 3476 762 3554; x_wconf 89' lang='lat' dir='ltr'><strong>quod</strong></span> <span class='ocrx_word' id='word_1_382' title='bbox 786 3494 844 3536; x_wconf 90' lang='lat' dir='ltr'><strong>non</strong></span> <span class='ocrx_word' id='word_1_383' title='bbox 868 3484 1013 3556; x_wconf 89' lang='lat' dir='ltr'><strong>sequatur</strong></span> <span class='ocrx_word' id='word_1_384' title='bbox 1035 3475 1159 3537; x_wconf 87' lang='lat' dir='ltr'><strong>fictitios</strong></span> <span class='ocrx_word' id='word_1_385' title='bbox 1182 3474 1250 3536; x_wconf 88' lang='lat' dir='ltr'><strong>ilios</strong></span> <span class='ocrx_word' id='word_1_386' title='bbox 1274 3480 1404 3534; x_wconf 89' lang='lat' dir='ltr'><strong>autores.</strong></span> <span class='ocrx_word' id='word_1_387' title='bbox 1451 3471 1555 3532; x_wconf 89' lang='lat' dir='ltr'><strong>Mirari</strong></span> 
     </span>
     <span class='ocr_line' id='line_1_36' title="bbox 194 3561 1555 3643; baseline -0.004 -18"><span class='ocrx_word' id='word_1_388' title='bbox 194 3583 241 3625; x_wconf 92' lang='lat' dir='ltr'><strong>me</strong></span> <span class='ocrx_word' id='word_1_389' title='bbox 266 3562 326 3624; x_wconf 78' lang='lat' dir='ltr'><strong>dixi</strong></span> <span class='ocrx_word' id='word_1_390' title='bbox 349 3561 544 3641; x_wconf 90' lang='lat' dir='ltr'><strong>multiplicem</strong></span> <span class='ocrx_word' id='word_1_391' title='bbox 567 3563 631 3641; x_wconf 90' lang='lat' dir='ltr'><strong>ejus</strong></span> <span class='ocrx_word' id='word_1_392' title='bbox 656 3563 827 3637; x_wconf 90' lang='lat' dir='ltr'><strong>lectionem,</strong></span> <span class='ocrx_word' id='word_1_393' title='bbox 851 3564 901 3643; x_wconf 92' lang='lat' dir='ltr'><strong>qui</strong></span> <span class='ocrx_word' id='word_1_394' title='bbox 926 3564 1151 3643; x_wconf 84' lang='lat' dir='ltr'><strong>chronologiam</strong></span> <span class='ocrx_word' id='word_1_395' title='bbox 1173 3562 1266 3623; x_wconf 89' lang='lat' dir='ltr'><strong>talem</strong></span> <span class='ocrx_word' id='word_1_396' title='bbox 1290 3561 1421 3622; x_wconf 89' lang='lat' dir='ltr'><strong>scribere</strong></span> <span class='ocrx_word' id='word_1_397' title='bbox 1444 3567 1555 3640; x_wconf 91' lang='lat' dir='ltr'><strong>potue-</strong></span> 
     </span>
     <span class='ocr_line' id='line_1_37' title="bbox 195 3649 1555 3722; baseline -0.004 -9"><span class='ocrx_word' id='word_1_398' title='bbox 195 3652 244 3716; x_wconf 88' lang='lat' dir='ltr'><strong>rit.</strong></span> <span class='ocrx_word' id='word_1_399' title='bbox 290 3651 371 3712; x_wconf 91' lang='lat' dir='ltr'><strong>Petii</strong></span> <span class='ocrx_word' id='word_1_400' title='bbox 394 3650 530 3712; x_wconf 91' lang='lat' dir='ltr'><strong>omnibus</strong></span> <span class='ocrx_word' id='word_1_401' title='bbox 554 3650 661 3722; x_wconf 89' lang='lat' dir='ltr'><strong>modis,</strong></span> <span class='ocrx_word' id='word_1_402' title='bbox 685 3660 719 3712; x_wconf 90' lang='lat' dir='ltr'><strong>ut</strong></span> <span class='ocrx_word' id='word_1_403' title='bbox 742 3671 898 3713; x_wconf 90' lang='lat' dir='ltr'><strong>censuram</strong></span> <span class='ocrx_word' id='word_1_404' title='bbox 922 3651 951 3712; x_wconf 90' lang='lat' dir='ltr'><strong>io</strong></span> <span class='ocrx_word' id='word_1_405' title='bbox 977 3650 1110 3713; x_wconf 91' lang='lat' dir='ltr'><strong>libellum</strong></span> <span class='ocrx_word' id='word_1_406' title='bbox 1132 3669 1230 3715; x_wconf 89' lang='lat' dir='ltr'><strong>meum</strong></span> <span class='ocrx_word' id='word_1_407' title='bbox 1244 3649 1315 3712; x_wconf 74' lang='lat' dir='ltr'><strong>nihi</strong></span> <span class='ocrx_word' id='word_1_408' title='bbox 1331 3649 1443 3711; x_wconf 86' lang='lat' dir='ltr'><strong>mittat</strong></span> <span class='ocrx_word' id='word_1_409' title='bbox 1483 3649 1555 3711; x_wconf 91' lang='lat' dir='ltr'><strong>ldeo</strong></span> 
     </span>
     <span class='ocr_line' id='line_1_38' title="bbox 196 3737 1554 3817; baseline -0.003 -16"><span class='ocrx_word' id='word_1_410' title='bbox 196 3740 273 3801; x_wconf 90' lang='lat' dir='ltr'><strong>enim</strong></span> <span class='ocrx_word' id='word_1_411' title='bbox 303 3739 474 3801; x_wconf 88' lang='lat' dir='ltr'><strong>institutam</strong></span> <span class='ocrx_word' id='word_1_412' title='bbox 505 3739 753 3817; x_wconf 89' lang='lat' dir='ltr'><strong>publicationem,</strong></span> <span class='ocrx_word' id='word_1_413' title='bbox 787 3749 821 3801; x_wconf 91' lang='lat' dir='ltr'><strong>ut</strong></span> <span class='ocrx_word' id='word_1_414' title='bbox 845 3759 913 3802; x_wconf 87' lang='lat' dir='ltr'><strong>enm</strong></span> <span class='ocrx_word' id='word_1_415' title='bbox 944 3758 1042 3800; x_wconf 88' lang='lat' dir='ltr'><strong>rernm</strong></span> <span class='ocrx_word' id='word_1_416' title='bbox 1070 3740 1174 3800; x_wconf 89' lang='lat' dir='ltr'><strong>harum</strong></span> <span class='ocrx_word' id='word_1_417' title='bbox 1198 3738 1363 3800; x_wconf 91' lang='lat' dir='ltr'><strong>scientibus</strong></span> <span class='ocrx_word' id='word_1_418' title='bbox 1392 3737 1554 3817; x_wconf 90' lang='lat' dir='ltr'><strong>disputem.</strong></span> 
     </span>
     <span class='ocr_line' id='line_1_39' title="bbox 196 3825 1555 3909; baseline -0.003 -20"><span class='ocrx_word' id='word_1_419' title='bbox 196 3826 307 3902; x_wconf 83' lang='lat' dir='ltr'><strong>Oravi,</strong></span> <span class='ocrx_word' id='word_1_420' title='bbox 341 3836 375 3889; x_wconf 89' lang='lat' dir='ltr'><strong>ut</strong></span> <span class='ocrx_word' id='word_1_421' title='bbox 398 3827 533 3909; x_wconf 86' lang='lat' dir='ltr'><strong>Tychoni</strong></span> <span class='ocrx_word' id='word_1_422' title='bbox 561 3826 664 3889; x_wconf 89' lang='lat' dir='ltr'><strong>mittat</strong></span> <span class='ocrx_word' id='word_1_423' title='bbox 687 3827 852 3907; x_wconf 87' lang='lat' dir='ltr'><strong>exemplar,</strong></span> <span class='ocrx_word' id='word_1_424' title='bbox 887 3827 1009 3907; x_wconf 85' lang='lat' dir='ltr'><strong>ejusque</strong></span> <span class='ocrx_word' id='word_1_425' title='bbox 1040 3846 1145 3907; x_wconf 89' lang='lat' dir='ltr'><strong>opera,</strong></span> <span class='ocrx_word' id='word_1_426' title='bbox 1180 3827 1206 3888; x_wconf 90' lang='lat' dir='ltr'><strong>si</strong></span> <span class='ocrx_word' id='word_1_427' title='bbox 1231 3845 1289 3905; x_wconf 91' lang='lat' dir='ltr'><strong>qua</strong></span> <span class='ocrx_word' id='word_1_428' title='bbox 1322 3826 1450 3900; x_wconf 86' lang='lat' dir='ltr'><strong>habeat,</strong></span> <span class='ocrx_word' id='word_1_429' title='bbox 1483 3825 1555 3887; x_wconf 90' lang='lat' dir='ltr'><strong>mibi</strong></span> 
     </span>
     <span class='ocr_line' id='line_1_40' title="bbox 196 3913 1551 3995; baseline -0.003 -18"><span class='ocrx_word' id='word_1_430' title='bbox 196 3917 301 3979; x_wconf 90' lang='lat' dir='ltr'><strong>mittat</strong></span> <span class='ocrx_word' id='word_1_431' title='bbox 331 3916 405 3977; x_wconf 92' lang='lat' dir='ltr'><strong>meis</strong></span> <span class='ocrx_word' id='word_1_432' title='bbox 437 3914 575 3978; x_wconf 90' lang='lat' dir='ltr'><strong>nummis.</strong></span> <span class='ocrx_word' id='word_1_433' title='bbox 623 3916 749 3990; x_wconf 87' lang='lat' dir='ltr'><strong>Postea,</strong></span> <span class='ocrx_word' id='word_1_434' title='bbox 784 3924 855 3978; x_wconf 88' lang='lat' dir='ltr'><strong>ante</strong></span> <span class='ocrx_word' id='word_1_435' title='bbox 880 3915 1133 3995; x_wconf 78' lang='lat' dir='ltr'><strong>annumopinor,</strong></span> <span class='ocrx_word' id='word_1_436' title='bbox 1162 3933 1229 3976; x_wconf 89' lang='lat' dir='ltr'><strong>oum</strong></span> <span class='ocrx_word' id='word_1_437' title='bbox 1252 3913 1325 3976; x_wconf 88' lang='lat' dir='ltr'><strong>nihil</strong></span> <span class='ocrx_word' id='word_1_438' title='bbox 1346 3913 1551 3992; x_wconf 83' lang='lat' dir='ltr'><strong>retponderet,</strong></span> 
     </span>
     <span class='ocr_line' id='line_1_41' title="bbox 196 4001 1553 4085; baseline -0.004 -18"><span class='ocrx_word' id='word_1_439' title='bbox 196 4013 229 4067; x_wconf 90' lang='lat' dir='ltr'><strong>at</strong></span> <span class='ocrx_word' id='word_1_440' title='bbox 251 4023 352 4067; x_wconf 88' lang='lat' dir='ltr'><strong>coram</strong></span> <span class='ocrx_word' id='word_1_441' title='bbox 374 4012 477 4065; x_wconf 88' lang='lat' dir='ltr'><strong>nostro</strong></span> <span class='ocrx_word' id='word_1_442' title='bbox 501 4005 684 4076; x_wconf 87' lang='lat' dir='ltr'><strong>monetario,</strong></span> <span class='ocrx_word' id='word_1_443' title='bbox 707 4005 757 4084; x_wconf 90' lang='lat' dir='ltr'><strong>qui</strong></span> <span class='ocrx_word' id='word_1_444' title='bbox 780 4006 899 4085; x_wconf 87' lang='lat' dir='ltr'><strong>Pragae</strong></span> <span class='ocrx_word' id='word_1_445' title='bbox 924 4011 1004 4079; x_wconf 90' lang='lat' dir='ltr'><strong>erat,</strong></span> <span class='ocrx_word' id='word_1_446' title='bbox 1030 4023 1076 4066; x_wconf 91' lang='lat' dir='ltr'><strong>me</strong></span> <span class='ocrx_word' id='word_1_447' title='bbox 1100 4004 1271 4079; x_wconf 89' lang='lat' dir='ltr'><strong>laudasset,</strong></span> <span class='ocrx_word' id='word_1_448' title='bbox 1297 4022 1414 4065; x_wconf 87' lang='lat' dir='ltr'><strong>rursum</strong></span> <span class='ocrx_word' id='word_1_449' title='bbox 1436 4001 1553 4081; x_wconf 87' lang='lat' dir='ltr'><strong>scripsi,</strong></span> 
     </span>
     <span class='ocr_line' id='line_1_42' title="bbox 195 4087 1555 4174; baseline -0.005 -19"><span class='ocrx_word' id='word_1_450' title='bbox 195 4112 305 4173; x_wconf 90' lang='lat' dir='ltr'><strong>urgens</strong></span> <span class='ocrx_word' id='word_1_451' title='bbox 328 4092 456 4171; x_wconf 90' lang='lat' dir='ltr'><strong>petitam</strong></span> <span class='ocrx_word' id='word_1_452' title='bbox 480 4112 646 4154; x_wconf 87' lang='lat' dir='ltr'><strong>censuram.</strong></span> <span class='ocrx_word' id='word_1_453' title='bbox 692 4092 883 4174; x_wconf 84' lang='lat' dir='ltr'><strong>Exprobravi</strong></span> <span class='ocrx_word' id='word_1_454' title='bbox 913 4093 970 4172; x_wconf 93' lang='lat' dir='ltr'><strong>ipsi</strong></span> <span class='ocrx_word' id='word_1_455' title='bbox 993 4099 1221 4173; x_wconf 88' lang='lat' dir='ltr'><strong>praeposteram</strong></span> <span class='ocrx_word' id='word_1_456' title='bbox 1251 4091 1482 4162; x_wconf 86' lang='lat' dir='ltr'><strong>abstinentiam,</strong></span> <span class='ocrx_word' id='word_1_457' title='bbox 1506 4087 1555 4167; x_wconf 91' lang='lat' dir='ltr'><strong>qni</strong></span> 
     </span>
     <span class='ocr_line' id='line_1_43' title="bbox 196 4178 1555 4262; baseline -0.004 -20"><span class='ocrx_word' id='word_1_458' title='bbox 196 4200 331 4243; x_wconf 87' lang='lat' dir='ltr'><strong>nummos</strong></span> <span class='ocrx_word' id='word_1_459' title='bbox 362 4203 381 4242; x_wconf 93' lang='lat' dir='ltr'><strong>a</strong></span> <span class='ocrx_word' id='word_1_460' title='bbox 413 4179 546 4243; x_wconf 85' lang='lat' dir='ltr'><strong>Caesare</strong></span> <span class='ocrx_word' id='word_1_461' title='bbox 580 4188 721 4262; x_wconf 85' lang='lat' dir='ltr'><strong>acceptos</strong></span> <span class='ocrx_word' id='word_1_462' title='bbox 754 4183 853 4245; x_wconf 87' lang='lat' dir='ltr'><strong>soleat</strong></span> <span class='ocrx_word' id='word_1_463' title='bbox 885 4183 935 4255; x_wconf 85' lang='lat' dir='ltr'><strong>(ut</strong></span> <span class='ocrx_word' id='word_1_464' title='bbox 965 4182 1014 4243; x_wconf 93' lang='lat' dir='ltr'><strong>hic</strong></span> <span class='ocrx_word' id='word_1_465' title='bbox 1038 4182 1178 4261; x_wconf 86' lang='lat' dir='ltr'><strong>ajebaut)</strong></span> <span class='ocrx_word' id='word_1_466' title='bbox 1211 4181 1362 4243; x_wconf 89' lang='lat' dir='ltr'><strong>remittere</strong></span> <span class='ocrx_word' id='word_1_467' title='bbox 1396 4178 1454 4247; x_wconf 88' lang='lat' dir='ltr'><strong>illi,</strong></span> <span class='ocrx_word' id='word_1_468' title='bbox 1488 4194 1555 4237; x_wconf 89' lang='lat' dir='ltr'><strong>cum</strong></span> 
     </span>
    </p>
   </div>
   <div class='ocr_carea' id='block_1_5' title="bbox 195 4261 1666 4348">
    <p class='ocr_par' dir='ltr' id='par_1_6' title="bbox 195 4261 1666 4348">
     <span class='ocr_line' id='line_1_44' title="bbox 195 4261 1666 4348; baseline -0.005 -16"><span class='ocrx_word' id='word_1_469' title='bbox 195 4277 300 4348; x_wconf 90' lang='lat' dir='ltr'><strong>posset</strong></span> <span class='ocrx_word' id='word_1_470' title='bbox 323 4270 359 4332; x_wconf 90' lang='lat' dir='ltr'><strong>iis</strong></span> <span class='ocrx_word' id='word_1_471' title='bbox 382 4269 560 4332; x_wconf 80' lang='lat' dir='ltr'><strong>benefacere</strong></span> <span class='ocrx_word' id='word_1_472' title='bbox 585 4269 750 4331; x_wconf 89' lang='lat' dir='ltr'><strong>studiorum</strong></span> <span class='ocrx_word' id='word_1_473' title='bbox 774 4272 936 4333; x_wconf 87' lang='lat' dir='ltr'><strong>eorundem</strong></span> <span class='ocrx_word' id='word_1_474' title='bbox 950 4261 1115 4347; x_wconf 81' lang='lat' dir='ltr'><strong>cultoribus</strong></span> <span class='ocrx_word' id='word_1_475' title='bbox 1134 4278 1166 4332; x_wconf 90' lang='lat' dir='ltr'><strong>et</strong></span> <span class='ocrx_word' id='word_1_476' title='bbox 1183 4269 1266 4331; x_wconf 91' lang='lat' dir='ltr'><strong>mibi.</strong></span> <span class='ocrx_word' id='word_1_477' title='bbox 1312 4269 1396 4329; x_wconf 88' lang='lat' dir='ltr'><strong>Haec</strong></span> <span class='ocrx_word' id='word_1_478' title='bbox 1410 4266 1455 4327; x_wconf 89' lang='lat' dir='ltr'><strong>ita</strong></span> <span class='ocrx_word' id='word_1_479' title='bbox 1464 4266 1554 4345; x_wconf 88' lang='lat' dir='ltr'><strong>joon·</strong></span> <span class='ocrx_word' id='word_1_480' title='bbox 1657 4268 1666 4275; x_wconf 82' lang='grc'><em>’</em></span> 
     </span>
    </p>
   </div>
   <div class='ocr_carea' id='block_1_6' title="bbox 148 4351 1556 4975">
    <p class='ocr_par' dir='ltr' id='par_1_7' title="bbox 148 4351 1556 4975">
     <span class='ocr_line' id='line_1_45' title="bbox 195 4351 1555 4439; baseline -0.006 -19"><span class='ocrx_word' id='word_1_481' title='bbox 195 4358 310 4421; x_wconf 83' lang='lat' dir='ltr'><strong>lariter.</strong></span> <span class='ocrx_word' id='word_1_482' title='bbox 357 4357 420 4421; x_wconf 88' lang='lat' dir='ltr'><strong>Sed</strong></span> <span class='ocrx_word' id='word_1_483' title='bbox 448 4358 521 4421; x_wconf 87' lang='lat' dir='ltr'><strong>nihil</strong></span> <span class='ocrx_word' id='word_1_484' title='bbox 549 4358 715 4435; x_wconf 88' lang='lat' dir='ltr'><strong>respondit.</strong></span> <span class='ocrx_word' id='word_1_485' title='bbox 762 4357 796 4421; x_wconf 84' lang='lat' dir='ltr'><strong>Si</strong></span> <span class='ocrx_word' id='word_1_486' title='bbox 821 4360 891 4439; x_wconf 89' lang='lat' dir='ltr'><strong>qnid</strong></span> <span class='ocrx_word' id='word_1_487' title='bbox 914 4359 959 4420; x_wconf 91' lang='lat' dir='ltr'><strong>illi</strong></span> <span class='ocrx_word' id='word_1_488' title='bbox 992 4360 1022 4420; x_wconf 92' lang='lat' dir='ltr'><strong>in</strong></span> <span class='ocrx_word' id='word_1_489' title='bbox 1047 4378 1081 4419; x_wconf 92' lang='lat' dir='ltr'><strong>os</strong></span> <span class='ocrx_word' id='word_1_490' title='bbox 1105 4377 1169 4419; x_wconf 89' lang='lat' dir='ltr'><strong>sum</strong></span> <span class='ocrx_word' id='word_1_491' title='bbox 1200 4357 1334 4418; x_wconf 89' lang='lat' dir='ltr'><strong>locutus:</strong></span> <span class='ocrx_word' id='word_1_492' title='bbox 1367 4355 1446 4415; x_wconf 89' lang='lat' dir='ltr'><strong>male</strong></span> <span class='ocrx_word' id='word_1_493' title='bbox 1470 4351 1555 4425; x_wconf 84' lang='lat' dir='ltr'><strong>iacit,</strong></span> 
     </span>
     <span class='ocr_line' id='line_1_46' title="bbox 195 4440 1555 4528; baseline -0.007 -19"><span class='ocrx_word' id='word_1_494' title='bbox 195 4449 245 4528; x_wconf 93' lang='lat' dir='ltr'><strong>qui</strong></span> <span class='ocrx_word' id='word_1_495' title='bbox 268 4447 298 4508; x_wconf 91' lang='lat' dir='ltr'><strong>id</strong></span> <span class='ocrx_word' id='word_1_496' title='bbox 322 4448 361 4509; x_wconf 89' lang='lat' dir='ltr'><strong>ad</strong></span> <span class='ocrx_word' id='word_1_497' title='bbox 384 4466 455 4508; x_wconf 88' lang='lat' dir='ltr'><strong>snos</strong></span> <span class='ocrx_word' id='word_1_498' title='bbox 478 4465 577 4508; x_wconf 89' lang='lat' dir='ltr'><strong>mores</strong></span> <span class='ocrx_word' id='word_1_499' title='bbox 601 4453 633 4508; x_wconf 91' lang='lat' dir='ltr'><strong>et</strong></span> <span class='ocrx_word' id='word_1_500' title='bbox 655 4445 786 4509; x_wconf 87' lang='lat' dir='ltr'><strong>animum</strong></span> <span class='ocrx_word' id='word_1_501' title='bbox 808 4448 913 4520; x_wconf 88' lang='lat' dir='ltr'><strong>trahit,</strong></span> <span class='ocrx_word' id='word_1_502' title='bbox 938 4448 1018 4528; x_wconf 90' lang='lat' dir='ltr'><strong>quod</strong></span> <span class='ocrx_word' id='word_1_503' title='bbox 1036 4464 1093 4525; x_wconf 91' lang='lat' dir='ltr'><strong>ego</strong></span> <span class='ocrx_word' id='word_1_504' title='bbox 1118 4445 1237 4524; x_wconf 89' lang='lat' dir='ltr'><strong>ingenio</strong></span> <span class='ocrx_word' id='word_1_505' title='bbox 1260 4443 1361 4506; x_wconf 89' lang='lat' dir='ltr'><strong>tribui.</strong></span> <span class='ocrx_word' id='word_1_506' title='bbox 1408 4440 1492 4503; x_wconf 91' lang='lat' dir='ltr'><strong>Nihil</strong></span> <span class='ocrx_word' id='word_1_507' title='bbox 1516 4440 1555 4501; x_wconf 90' lang='lat' dir='ltr'><strong>ad</strong></span> 
     </span>
     <span class='ocr_line' id='line_1_47' title="bbox 195 4532 1556 4616; baseline -0.005 -19"><span class='ocrx_word' id='word_1_508' title='bbox 195 4537 243 4597; x_wconf 86' lang='lat' dir='ltr'><strong>me</strong></span> <span class='ocrx_word' id='word_1_509' title='bbox 266 4536 419 4616; x_wconf 86' lang='lat' dir='ltr'><strong>pertinuit,</strong></span> <span class='ocrx_word' id='word_1_510' title='bbox 446 4535 514 4615; x_wconf 91' lang='lat' dir='ltr'><strong>quid</strong></span> <span class='ocrx_word' id='word_1_511' title='bbox 539 4536 589 4598; x_wconf 91' lang='lat' dir='ltr'><strong>ille</strong></span> <span class='ocrx_word' id='word_1_512' title='bbox 613 4535 731 4597; x_wconf 85' lang='lat' dir='ltr'><strong>iuratus</strong></span> <span class='ocrx_word' id='word_1_513' title='bbox 755 4554 793 4597; x_wconf 79' lang='lat' dir='ltr'><strong>ex</strong></span> <span class='ocrx_word' id='word_1_514' title='bbox 815 4536 940 4598; x_wconf 91' lang='lat' dir='ltr'><strong>aliorum</strong></span> <span class='ocrx_word' id='word_1_515' title='bbox 964 4534 1116 4597; x_wconf 87' lang='lat' dir='ltr'><strong>laboribus</strong></span> <span class='ocrx_word' id='word_1_516' title='bbox 1141 4542 1233 4608; x_wconf 86' lang='lat' dir='ltr'><strong>esset,</strong></span> <span class='ocrx_word' id='word_1_517' title='bbox 1258 4532 1455 4611; x_wconf 84' lang='lat' dir='ltr'><strong>exprobrare:</strong></span> <span class='ocrx_word' id='word_1_518' title='bbox 1479 4548 1556 4591; x_wconf 89' lang='lat' dir='ltr'><strong>cau-</strong></span> 
     </span>
     <span class='ocr_line' id='line_1_48' title="bbox 198 4620 1556 4704; baseline -0.001 -20"><span class='ocrx_word' id='word_1_519' title='bbox 198 4643 264 4686; x_wconf 89' lang='lat' dir='ltr'><strong>sam</strong></span> <span class='ocrx_word' id='word_1_520' title='bbox 294 4642 393 4686; x_wconf 91' lang='lat' dir='ltr'><strong>meam</strong></span> <span class='ocrx_word' id='word_1_521' title='bbox 426 4624 484 4704; x_wconf 88' lang='lat' dir='ltr'><strong>egi.</strong></span> <span class='ocrx_word' id='word_1_522' title='bbox 531 4622 592 4687; x_wconf 84' lang='lat' dir='ltr'><strong>Sed</strong></span> <span class='ocrx_word' id='word_1_523' title='bbox 617 4624 693 4686; x_wconf 89' lang='lat' dir='ltr'><strong>bene</strong></span> <span class='ocrx_word' id='word_1_524' title='bbox 717 4623 827 4686; x_wconf 91' lang='lat' dir='ltr'><strong>habet:</strong></span> <span class='ocrx_word' id='word_1_525' title='bbox 860 4623 911 4704; x_wconf 92' lang='lat' dir='ltr'><strong>qui</strong></span> <span class='ocrx_word' id='word_1_526' title='bbox 938 4622 1116 4702; x_wconf 89' lang='lat' dir='ltr'><strong>discipulum</strong></span> <span class='ocrx_word' id='word_1_527' title='bbox 1139 4642 1171 4683; x_wconf 90' lang='lat' dir='ltr'><strong>se</strong></span> <span class='ocrx_word' id='word_1_528' title='bbox 1195 4622 1261 4701; x_wconf 90' lang='lat' dir='ltr'><strong>ejus</strong></span> <span class='ocrx_word' id='word_1_529' title='bbox 1292 4620 1447 4699; x_wconf 83' lang='lat' dir='ltr'><strong>professas</strong></span> <span class='ocrx_word' id='word_1_530' title='bbox 1477 4624 1556 4683; x_wconf 79' lang='lat' dir='ltr'><strong>erat.</strong></span> 
     </span>
     <span class='ocr_line' id='line_1_49' title="bbox 196 4701 1553 4794; baseline -0.005 -21"><span class='ocrx_word' id='word_1_531' title='bbox 196 4731 263 4775; x_wconf 90' lang='lat' dir='ltr'><strong>eom</strong></span> <span class='ocrx_word' id='word_1_532' title='bbox 281 4712 415 4794; x_wconf 85' lang='lat' dir='ltr'><strong>judicem</strong></span> <span class='ocrx_word' id='word_1_533' title='bbox 439 4731 471 4773; x_wconf 92' lang='lat' dir='ltr'><strong>se</strong></span> <span class='ocrx_word' id='word_1_534' title='bbox 496 4714 574 4775; x_wconf 86' lang='lat' dir='ltr'><strong>inter</strong></span> <span class='ocrx_word' id='word_1_535' title='bbox 599 4722 630 4777; x_wconf 92' lang='lat' dir='ltr'><strong>et</strong></span> <span class='ocrx_word' id='word_1_536' title='bbox 645 4701 818 4794; x_wconf 53' lang='lat' dir='ltr'><strong>hebonem</strong></span> <span class='ocrx_word' id='word_1_537' title='bbox 840 4711 970 4792; x_wconf 90' lang='lat' dir='ltr'><strong>publice.</strong></span> <span class='ocrx_word' id='word_1_538' title='bbox 983 4716 1129 4774; x_wconf 86' lang='lat' dir='ltr'><strong>ostentat.</strong></span> <span class='ocrx_word' id='word_1_539' title='bbox 1177 4708 1323 4772; x_wconf 87' lang='lat' dir='ltr'><strong>Gratulor</strong></span> <span class='ocrx_word' id='word_1_540' title='bbox 1344 4707 1416 4770; x_wconf 88' lang='lat' dir='ltr'><strong>mibi</strong></span> <span class='ocrx_word' id='word_1_541' title='bbox 1440 4706 1477 4770; x_wconf 89' lang='lat' dir='ltr'><strong>de</strong></span> <span class='ocrx_word' id='word_1_542' title='bbox 1495 4705 1553 4766; x_wconf 90' lang='lat' dir='ltr'><strong>ho-</strong></span> 
     </span>
     <span class='ocr_line' id='line_1_50' title="bbox 195 4793 1554 4882; baseline -0.006 -20"><span class='ocrx_word' id='word_1_543' title='bbox 195 4819 268 4864; x_wconf 89' lang='lat' dir='ltr'><strong>nore</strong></span> <span class='ocrx_word' id='word_1_544' title='bbox 290 4820 446 4875; x_wconf 88' lang='lat' dir='ltr'><strong>concesso,</strong></span> <span class='ocrx_word' id='word_1_545' title='bbox 469 4819 526 4881; x_wconf 89' lang='lat' dir='ltr'><strong>quo</strong></span> <span class='ocrx_word' id='word_1_546' title='bbox 551 4802 580 4863; x_wconf 91' lang='lat' dir='ltr'><strong>in</strong></span> <span class='ocrx_word' id='word_1_547' title='bbox 599 4809 753 4882; x_wconf 89' lang='lat' dir='ltr'><strong>posterum</strong></span> <span class='ocrx_word' id='word_1_548' title='bbox 776 4807 845 4863; x_wconf 91' lang='lat' dir='ltr'><strong>utar</strong></span> <span class='ocrx_word' id='word_1_549' title='bbox 867 4799 1004 4861; x_wconf 90' lang='lat' dir='ltr'><strong>candide.</strong></span> <span class='ocrx_word' id='word_1_550' title='bbox 1050 4798 1240 4877; x_wconf 88' lang='lat' dir='ltr'><strong>Diseipulurn</strong></span> <span class='ocrx_word' id='word_1_551' title='bbox 1254 4796 1358 4865; x_wconf 86' lang='lat' dir='ltr'><strong>audiit,</strong></span> <span class='ocrx_word' id='word_1_552' title='bbox 1382 4794 1452 4876; x_wconf 88' lang='lat' dir='ltr'><strong>quid</strong></span> <span class='ocrx_word' id='word_1_553' title='bbox 1466 4793 1554 4855; x_wconf 79' lang='lat' dir='ltr'><strong>esul-</strong></span> 
     </span>
     <span class='ocr_line' id='line_1_51' title="bbox 148 4880 1556 4975; baseline -0.005 -23"><span class='ocrx_word' id='word_1_554' title='bbox 148 4902 152 4905; x_wconf 83' lang='grc'><em>·</em></span> <span class='ocrx_word' id='word_1_555' title='bbox 196 4890 270 4953; x_wconf 81' lang='lat' dir='ltr'><strong>tat?</strong></span> <span class='ocrx_word' id='word_1_556' title='bbox 315 4889 351 4955; x_wconf 89' lang='lat' dir='ltr'><strong>Si</strong></span> <span class='ocrx_word' id='word_1_557' title='bbox 379 4889 513 4970; x_wconf 85' lang='lat' dir='ltr'><strong>judicem</strong></span> <span class='ocrx_word' id='word_1_558' title='bbox 541 4909 587 4953; x_wconf 88' lang='lat' dir='ltr'><strong>me</strong></span> <span class='ocrx_word' id='word_1_559' title='bbox 621 4891 822 4975; x_wconf 86' lang='lat' dir='ltr'><strong>appellasset,</strong></span> <span class='ocrx_word' id='word_1_560' title='bbox 857 4889 960 4951; x_wconf 87' lang='lat' dir='ltr'><strong>forsan</strong></span> <span class='ocrx_word' id='word_1_561' title='bbox 989 4887 1069 4951; x_wconf 78' lang='lat' dir='ltr'><strong>aliud</strong></span> <span class='ocrx_word' id='word_1_562' title='bbox 1093 4886 1246 4970; x_wconf 89' lang='lat' dir='ltr'><strong>quippiam</strong></span> <span class='ocrx_word' id='word_1_563' title='bbox 1275 4885 1432 4948; x_wconf 90' lang='lat' dir='ltr'><strong>audiisset.</strong></span> <span class='ocrx_word' id='word_1_564' title='bbox 1479 4880 1556 4945; x_wconf 85' lang='lat' dir='ltr'><strong>Cum</strong></span> 
     </span>
    </p>
   </div>
   <div class='ocr_carea' id='block_1_7' title="bbox 0 0 1822 5634">
    <p class='ocr_par' dir='ltr' id='par_1_8' title="bbox 0 0 1822 5634">
     <span class='ocr_line' id='line_1_52' title="bbox 0 0 1822 5634; baseline 0 0"><span class='ocrx_word' id='word_1_565' title='bbox 0 0 1822 5634; x_wconf 95' lang='lat' dir='ltr'><strong> </strong></span> 
     </span>
    </p>
   </div>
  </div>
 </body>
</html>
