3609 5634
779 341 860 408 capnt
877 342 897 393 ¹·
1457 344 1518 412 121

128 499 359 568 museum
392 504 561 575 Gopernicns
584 504 655 560 idem
679 511 810 575 ιιιιιιιι
840 523 891 576 per
914 505 1120 564 menatenam
1144 507 1328 564 ιιιιίιιιιιιίι
1358 509 1476 581 epicycli
1503 528 1546 584 s·

128 579 340 639 restitutione
355 585 529 650 concentrici,
554 603 613 640 oum
632 585 670 639 sit
690 592 807 656 utraque
830 602 924 640 annua
937 587 1003 640 fere.
1047 587 1227 642 Verisimilius
1246 595 1341 644 autem
1354 597 1406 655 est,
1430 597 1520 654 motus

128 659 202 713 illos
231 667 344 719 tardos
365 683 402 720 ex
426 665 602 720 aberratione
617 681 679 718 csse
702 682 783 736 quam
806 685 843 721 ex
856 671 933 719 motu
953 666 1082 737 positivo.
1124 669 1292 723 Praesertim
1315 686 1375 724 cum
1396 670 1521 740 epicyclo

126 746 235 794 motus
265 759 380 799 annuus
404 751 513 800 tantum
534 751 662 814 respectu
685 746 830 800 eccentrici
854 746 896 800 sui
920 745 996 809 insit,
1022 764 1115 819 aquo
1136 748 1301 804 circumacto
1323 749 1464 820 epicyolus
1488 768 1518 804 ιι

127 822 255 876 erolrit
272 824 305 878 in
320 827 436 896 plagam
448 825 624 887 eontrarium,
647 830 679 878 at
692 832 820 895 respectu
834 827 953 881 harum
966 827 1066 897 quietis
1081 829 1173 898 potius
1188 827 1307 898 speciem
1328 846 1396 899 prae
1411 847 1441 884 ιι
1456 831 1519 893 fert,

128 900 207 970 quia
235 902 272 957 in
295 906 351 960 hac
366 904 523 959 evolutione
546 907 585 969 tit,
611 910 643 958 ut
656 907 768 959 eaedem
783 906 902 976 epicycli
925 913 1020 976 partes
1039 908 1134 962 iisdem
1156 909 1274 963 ιιιιιιι
1295 909 1389 980 plagis
1412 926 1521 979 semper
1618 938 1625 950 ·

128 983 355 1049 obvertuntur,
384 984 436 1038 nisi
456 985 620 1055 quantulum
641 985 739 1038 turbat
762 985 911 1040 aberratio.
961 987 1025 1057 Ego
1048 1005 1114 1041 vero
1138 988 1165 1042 in
1189 988 1397 1046 Commentariis
1421 989 1520 1044 Martis

129 1069 165 1114 et
189 1061 225 1115 in
241 1063 330 1133 Epit.
351 1068 429 1119 Astr.
450 1065 521 1118 libro
536 1065 582 1118 lV.
606 1080 717 1118 causam
739 1067 818 1119 trado
842 1066 986 1136 physicam
1007 1074 1065 1122 tam
1087 1068 1302 1122 ecoentricitntis
1324 1085 1405 1138 quam
1430 1076 1520 1124 trans·

130 1141 306 1211 positionis
320 1161 518 1215 apogaeornm,
543 1160 614 1215 qnae
629 1160 716 1199 cansa
738 1144 823 1199 insita
835 1153 880 1200 est
899 1145 928 1202 in
946 1147 1022 1202 libris
1037 1147 1159 1218 corporis
1182 1149 1324 1218 planetae,
1349 1166 1400 1203 neo
1414 1148 1522 1221 indiget

132 1223 186 1275 rel
203 1223 408 1285 deferentibus
422 1225 468 1278 vel
483 1223 623 1295 epicyclis.
665 1224 719 1278 Sed
742 1225 794 1278 hoc
817 1227 975 1290 membrum,
1000 1228 1091 1283 Solem
1114 1227 1202 1298 ipsum
1228 1223 1291 1296 (seu
1305 1225 1429 1293 Terram)
1453 1228 1519 1282 atu·

132 1319 226 1364 nens,
259 1303 392 1374 intellige
414 1304 505 1358 obiter
518 1305 618 1360 saltem
640 1303 822 1366 inculcatum
843 1312 876 1360 ut
889 1324 927 1359 ex
940 1324 973 1360 eo
992 1308 1052 1377 jam
1068 1310 1239 1372 ostendatur,
1264 1309 1382 1378 quidex
1397 1307 1520 1380 apogaei

133 1382 222 1435 Solis
249 1383 469 1453 transpositione
489 1384 651 1438 redundet
643 1401 671 1437 ιι
693 1385 823 1453 planetas
845 1393 961 1440 ceteros.

236 1457 274 1532 n)
297 1465 375 1517 Haec
389 1462 550 1518 dilucidiora
562 1465 631 1518 flunt
644 1480 695 1534 per
707 1464 836 1519 intuitum
849 1467 897 1536 fig.
914 1465 952 1520 23
966 1474 996 1521 et
1010 1467 1056 1522 24.
1097 1468 1151 1521 Est
1171 1467 1279 1537 quidem
1297 1467 1350 1522 hoc
1363 1466 1520 1531 vaticinari,

137 1541 251 1596 dicere
267 1543 332 1614 quid
354 1551 420 1613 post
438 1545 526 1597 multa
546 1545 642 1599 secula
659 1544 697 1599 sit
715 1544 850 1607 futurum
872 1563 933 1599 cnm
954 1545 1007 1600 iste
1025 1548 1169 1617 scrupulus
1190 1547 1223 1599 de
1246 1546 1388 1616 praesenti
1403 1549 1521 1603 nondum

139 1629 265 1693 urgeat
279 1623 474 1678 astronomiam
487 1630 617 1679 veterem
659 1624 744 1678 Sed
722 1641 762 1678 sic
775 1632 964 1695 comparatum
978 1633 1023 1680 est
1040 1644 1100 1681 cum
1122 1627 1336 1681 transsnmtione
1356 1627 1521 1697 placitorum

139 1702 317 1758 Ptolemaei
332 1703 560 1773 particularinm'
553 1722 581 1757 ιιι
595 1705 763 1775 hypothesin
778 1705 930 1775 Copernici,
953 1712 1053 1760 utnon
1076 1707 1200 1777 potuerit
1219 1723 1237 1761 a
1250 1723 1293 1760 me
1307 1707 1396 1761 omitti
1419 1707 1521 1763 mentio

141 1783 220 1837 ista.
268 1785 340 1838 Nam
361 1783 444 1837 etiam
459 1784 625 1853 Copernicns
646 1783 867 1839 eccentricitates
889 1786 1008 1857 quinquo
1030 1788 1206 1856 planetarum
1224 1787 1395 1856 computavit
1412 1789 1491 1843 velut
1505 1805 1523 1842 a

143 1871 258 1918 centro
280 1863 355 1918 orbis
377 1863 484 1935 magni:
516 1864 594 1934 quasi
624 1863 692 1917 illnd
717 1863 782 1929 (non
808 1882 874 1920 vero
898 1866 987 1937 ipsum
1009 1866 1081 1921 Solis
1112 1873 1235 1921 centrum
1259 1865 1461 1933 vicinissimnm)
1485 1868 1523 1922 sit

144 1946 286 2014 genuina
298 1943 375 1998 basis
389 1943 549 2014 systematis
570 1944 730 2013 planetarii.
774 1944 828 1998 Per
852 1946 983 2001 hervero
998 1947 1036 2001 25
1053 1964 1148 2011 annos,
1173 1964 1277 2018 eano
1301 1947 1426 2003 libellum
1448 1949 1523 2003 huuc

146 2025 242 2087 edidi,
269 2024 308 2078 sic
321 2031 365 2078 est
378 2039 398 2076 a
411 2041 453 2077 me
475 2023 627 2078 constituta
645 2023 822 2088 astronomia,
846 2032 879 2079 ut
897 2027 1119 2082 eccentricitates
1134 2044 1227 2082 omnes
1240 2021 1445 2097 (primariorum
1458 2030 1521 2098 pla·

146 2101 303 2171 netarum)
327 2103 392 2158 ad
384 2103 549 2173 ipsissimum
567 2104 639 2159 Solis
663 2112 785 2184 centrum
810 2123 860 2160 ceu
884 2123 977 2162 reram
997 2108 1088 2162 mundi
1111 2106 1192 2163 basin
1214 2108 1381 2163 referantur.
1423 2109 1522 2180 ltaque

149 2201 276 2239 manere
297 2191 414 2253 possunt
434 2183 655 2238 ¹eccentricitates
678 2185 855 2254 planetarum
870 2187 995 2252 omnium,
1020 2205 1257 2281 quorsumcunque
1276 2206 1307 2242 se
1321 2187 1441 2258 recipiat
1453 2204 1520 2259 apo·

149 2282 265 2336 gaeum
288 2264 369 2318 Solis.
410 2262 510 2316 Vide
503 2281 529 2317 in
553 2264 729 2318 Martialibus
744 2265 952 2320 Commentariis
976 2274 1084 2338 partem
1108 2268 1222 2338 primam
1246 2270 1279 2321 de
1303 2267 1522 2339 aequipollentia

152 2344 371 2415 hypothesium,
394 2343 555 2415 praesertim
579 2344 672 2414 Caput
694 2345 740 2397 Vl.

244 2421 272 2488 o)
294 2425 372 2477 Haec
396 2441 432 2477 ex
453 2423 667 2478 admonitione'
660 2424 745 2494 ipsius
761 2425 903 2495 Copernici
928 2425 1096 2517 transcripta
1117 2433 1189 2480 sunt
1231 2427 1270 2481 Ει
1291 2443 1385 2482 verum
1401 2433 1454 2492 cst,
1476 2428 1522 2499 qui

153 2510 288 2558 centrum
311 2503 384 2557 orbis
398 2503 470 2557 Solis
494 2520 512 2557 a
525 2504 637 2557 Tellure
653 2504 711 2570 (vel
724 2504 842 2558 Telluris
866 2499 977 2571 aSole)
1001 2504 1111 2558 nimium
1134 2505 1262 2568 dimovet,
1286 2514 1317 2560 ut
1341 2506 1439 2561 fecisse
1459 2525 1522 2561 con·

156 2586 247 2639 tendo
262 2584 450 2638 Ptolemaeum
476 2590 506 2638 et
519 2583 750 2654 Hipparchum,
742 2601 765 2637 ιι
789 2585 811 2637 si
834 2585 1011 2654 planetarum
1025 2584 1246 2639 eccentricitates
1265 2587 1299 2639 ad
1322 2586 1374 2639 boc
1392 2592 1522 2656 punctum

154 2665 258 2726 refert,
284 2663 355 2716 alias
378 2663 412 2716 iis
427 2664 601 2733 quantitates
624 2663 764 2736 largiatur
785 2682 898 2718 necesse
923 2671 976 2728 est,
1000 2682 1082 2737 quam
1106 2665 1151 2736 qui
1173 2664 1254 2719 hodic
1274 2665 1345 2720 Solis
1364 2666 1522 2721 ecoenmici·

159 2751 253 2799 tatem
267 2745 439 2797 emendatam
454 2745 553 2798 habet.
595 2749 634 2798 At
648 2745 671 2798 si
696 2743 917 2799 eccentricitates
937 2751 1130 2815 computentur
1148 2746 1185 2799 ab
1203 2745 1263 2815 ipso
1277 2752 1372 2800 centro
1386 2746 1467 2810 Solis,
1491 2753 1524 2801 ut

158 2841 219 2896 ego
234 2824 315 2886 facio,
339 2831 405 2877 tirno
418 2823 485 2877 nihil
510 2823 574 2877 illas
599 2823 703 2878 attinet
724 2825 795 2878 haec
819 2824 935 2878 mutatio
956 2824 1170 2880 eccentricitatis
1184 2825 1256 2880 Solis
1275 2842 1325 2879 seu
1339 2827 1449 2889 Terrae,
1474 2843 1523 2880 seu

157 2920 232 2958 vera
255 2903 306 2957 illa
319 2902 364 2966 sit,
388 2909 420 2956 ut
442 2904 556 2957 credidit
571 2903 745 2973 Copernicus‚
770 2920 827 2966 seu,
851 2911 883 2957 ut
906 2921 969 2976 ego,
994 2905 1068 2959 falsa
1090 2911 1120 2958 ιι
1144 2905 1322 2974 persuasione
1350 2908 1425 2962 nuda
1446 2906 1523 2962 nixa

161 2984 271 3054 inspice
296 2982 447 3052 superbae
461 3000 490 3036 re
509 2984 557 3054 fig.
574 2983 611 3037 23
633 2989 662 3036 et
677 2983 723 3038 24.
739 2989 769 3036 et
782 2983 968 3038 narrationem
982 2983 1100 3047 Rhetici,
1125 2991 1156 3038 nt
1176 2991 1207 3039 et
1220 2985 1390 3039 Martialium
1403 3002 1523 3040 meorum

163 3070 253 3133 caput
272 3063 405 3116 ultimum.

244 3139 277 3213 p)
301 3141 496 3214 Imaginationi
510 3141 573 3195 huic
597 3158 693 3196 ansam
716 3143 848 3212 praebuit
862 3144 1045 3213 Cepernicus:
1074 3160 1123 3197 seu
1152 3144 1255 3197 servire
1283 3143 1403 3198 voluerit
1416 3145 1519 3215 captui,

164 3225 223 3279 sive
247 3239 347 3277 revera
369 3222 478 3291 etipse
503 3222 627 3282 haeserit
650 3221 676 3275 in
696 3222 884 3292 perplexitate
906 3223 954 3287 rei,
980 3240 1051 3295 qnae
1066 3223 1252 3278 schematibus
1276 3224 1368 3294 planis
1383 3225 1524 3280 sublevari

165 3302 269 3373 nequit,
292 3302 386 3355 solidis
409 3309 506 3372 posset
529 3301 643 3372 quidem,
668 3304 715 3355 sed
740 3302 792 3356 illa
815 3302 972 3357 difficillime
987 3309 1168 3373 apparantur.
1210 3304 1281 3358 Utut
1303 3321 1391 3358 seres
1410 3305 1523 3371 babeat,

165 3391 255 3438 motus
279 3382 331 3436 iste
351 3399 452 3436 revera
473 3388 563 3436 motus
586 3400 641 3437 uon
664 3390 715 3446 est,
741 3382 817 3452 quies
840 3383 933 3452 potius
949 3384 1077 3438 dicenda:
1103 3402 1153 3437 nec
1174 3383 1272 3438 melius
1297 3385 1356 3438 nlla
1377 3401 1408 3439 ιι
1431 3393 1525 3456 potest

165 3462 374 3533 repraesentari
397 3479 480 3532 qnam
504 3461 642 3531 ipsissima
664 3479 716 3517 sua
738 3478 824 3516 causa
846 3463 977 3533 physica,
1003 3480 1074 3534 qnae
1089 3482 1126 3518 ex
1140 3463 1317 3518 Martialibus
1338 3470 1369 3517 ιι
1381 3465 1524 3534 Epitomes

165 3548 243 3597 Astr.
264 3543 312 3596 lib.
340 3543 361 3597 l.
383 3543 417 3596 ll.
440 3543 486 3596 lll.
510 3549 540 3596 ιι
555 3543 599 3597 Vl.
615 3548 659 3595 est
677 3542 741 3596 ists.
783 3543 887 3596 Terrae
910 3544 1012 3613 globus
1036 3545 1097 3598 dum
1121 3559 1213 3597 annuo
1236 3550 1312 3598 motu
1335 3543 1525 3600 circumfertur

166 3623 240 3680 circa
253 3622 358 3686 Solem,
380 3627 459 3676 tenet
481 3621 590 3675 interim
613 3638 696 3676 axem
719 3622 919 3676 convolutionis
942 3639 1011 3677 suae
1032 3623 1084 3676 sibi
1107 3623 1161 3693 ipsi
1180 3640 1289 3694 semper
1311 3626 1475 3693 paralellunr
1497 3626 1525 3679 in

167 3702 281 3756 dirersis
296 3701 403 3765 sitibus,
426 3707 541 3771 propter
553 3702 684 3755 fibrarum
699 3703 856 3755 naturalem
869 3709 898 3755 et
913 3702 1099 3772 magneticam
1114 3702 1318 3757 inclinationem
1332 3707 1367 3758 ad
1382 3706 1523 3776 quiescen-

166 3784 241 3837 dum:
266 3782 312 3834 vel
333 3780 416 3836 etiam
440 3786 556 3851 propter
579 3780 789 3835 continuitatem
803 3781 916 3836 diurnae
930 3781 1131 3836 convolutionis
1151 3783 1224 3836 circa
1246 3784 1319 3837 hunc
1338 3801 1429 3848 axem,
1455 3803 1524 3856 quac

167 3861 244 3915 illum
267 3866 345 3914 ιιιιι
368 3867 497 3923 ιιιιιιιι,
521 3866 554 3914 ιι
576 3861 609 3913 fit
631 3861 658 3914 in
682 3861 791 3924 turbine
814 3860 929 3916 incitato
943 3869 974 3915 et
987 3861 1190 3926 discumbente,
1233 3864 1325 3925 Quare
1349 3863 1422 3919 sicut
1434 3872 1524 3919 motus
1578 3883 1580 3886 ·

168 3941 220 3995 iste
234 3956 334 3995 revera
355 3957 410 3994 non
424 3947 476 4003 est,
501 3942 548 3994 sed
564 3941 640 4010 quies
664 3941 765 4011 potius,
790 3940 828 3994 sic
848 3941 932 3995 etiarn
953 3942 1075 3996 orbiculo
1094 3942 1278 3996 commentitio
1301 3943 1370 3997 nihil
1384 3950 1429 3998 est
1442 3961 1523 4014 opus:

166 4029 196 4074 et
215 4021 279 4089 jure
303 4020 347 4074 hic
371 4037 413 4074 me
437 4021 567 4091 antiquae
590 4028 620 4075 et
642 4037 774 4075 erroneae
798 4021 984 4091 persuasionis
1008 4023 1041 4075 de
1065 4021 1205 4076 soliditate
1234 4023 1339 4077 orbium
1361 4040 1437 4077 reum
1465 4023 1526 4094 egit

166 4102 262 4172 Tycho
276 4102 413 4165 Brshens,
438 4101 484 4171 qui
508 4102 580 4155 lecto
603 4101 699 4155 libello
720 4102 817 4156 literas
840 4102 894 4155 hac
915 4104 948 4156 de
972 4119 1058 4157 causa
1082 4104 1115 4156 ad
1135 4119 1177 4156 me
1198 4102 1282 4155 dedit.
1326 4102 1475 4174 (Tycbonis
1490 4103 1524 4154 de

166 4180 219 4234 hac
240 4199 269 4235 re
289 4182 390 4236 literae
410 4182 544 4252 leguntur
567 4182 593 4234 in
617 4181 755 4251 prooemio
779 4198 846 4253 pag.
869 4179 931 4246 44.)

248 4258 279 4332 q)
302 4262 395 4316 Omnis
424 4261 549 4314 doctrina
567 4259 767 4330 praecessionis
790 4261 1025 4333 aequinoctiorum
1047 4261 1280 4331 contemplatione
1308 4257 1371 4313 exis
1393 4261 1424 4308 ιι
1445 4255 1523 4324 polo·

167 4357 227 4395 rum
242 4341 360 4395 Telluris
384 4340 554 4402 absolutum
584 4346 617 4392 ut
638 4358 689 4394 nec
711 4358 785 4394 nona
807 4342 938 4411 sphaera,
966 4360 1017 4396 nec
1040 4341 1163 4395 orbiculo
1183 4340 1233 4394 illo
1256 4339 1330 4394 circa
1352 4336 1463 4390 Terram
1487 4335 1523 4388 sit

75 4447 79 4458 .
168 4438 247 4490 opus.
288 4421 358 4474 Vide
381 4422 531 4474 Commeat.
555 4420 652 4474 Martis
676 4427 785 4489 partem
806 4423 839 4474 V.
862 4429 892 4475 et
912 4421 988 4491 Epit.
1012 4425 1088 4476 Astr.
1113 4420 1161 4474 lib.
1185 4421 1219 4474 11.
1244 4421 1292 4474 ΠΙ.
1318 4423 1348 4472 ιι
1368 4415 1428 4468 Vll.
1510 4451 1513 4462 ·

246 4497 274 4569 r)
295 4500 448 4554 Secundum
469 4505 571 4554 motum
596 4499 624 4553 in
647 4516 752 4562 meram
764 4501 826 4554 axis
841 4501 960 4571 quietem
983 4499 1148 4571 redegimus,
1172 4498 1272 4554 tertius
1293 4498 1352 4569 jam
1374 4497 1408 4549 ad
1426 4512 1522 4550 secun

168 4582 230 4633 dum
253 4586 296 4633 est
309 4581 480 4633 reducendus
503 4587 534 4633 et
556 4596 616 4633 cum
637 4597 670 4631 eo
685 4578 711 4631 in
727 4595 810 4633 unum
823 4582 990 4634 condendus.
1032 4579 1061 4633 Si
1084 4579 1155 4632 enim
1176 4595 1322 4633 causamm
1344 4577 1521 4648 physicarum

168 4659 323 4713 obviatione
347 4660 409 4714 axis
423 4660 543 4714 Telluris
567 4665 632 4728 post
652 4675 734 4712 uuam
747 4659 946 4713 revolutionem
971 4674 1089 4713 annuam
1110 4658 1247 4714 invenitur
1261 4656 1413 4713 insensibili
1429 4656 1521 4726 aliquo

170 4744 317 4793 retrorsum
339 4739 487 4794 inclinatus
512 4738 598 4792 asitu
620 4738 744 4807 pristino,
769 4744 799 4791 et
821 4737 844 4790 si
859 4744 954 4793 tuetur
976 4738 1150 4791 nihilominus
1171 4745 1344 4794 constantem
1367 4735 1521 4791 inclinatio·

171 4834 231 4870 nem
244 4820 278 4871 sd
292 4819 386 4873 latera
399 4818 499 4880 mundi,
524 4834 573 4871 scu
587 4819 666 4888 polos
681 4817 743 4872 riae
759 4816 863 4892 regiae,
889 4816 912 4871 si
937 4816 1018 4872 tertio
1042 4818 1127 4872 etiam
1146 4818 1284 4888 ecliptica,
1307 4817 1408 4889 quippe
1430 4815 1520 4869 orbita

170 4895 301 4960 Telluris,
331 4903 363 4951 ut
384 4897 551 4972 reliquorum
575 4898 751 4971 planetarum
774 4895 897 4968 orbitae,
929 4896 1091 4958 latitudines
1120 4914 1185 4956 snas
1209 4899 1298 4955 habet
1321 4915 1340 4953 a
1360 4896 1409 4951 via
1430 4893 1518 4969 regia,
