3609 5634
673 385 830 452 morspec
848 387 999 437 cosm
1450 385 1530 455 437,

140 540 291 620 gendam
313 542 532 613 multitudinem
555 542 673 605 omnino
697 552 763 607 arte
786 561 862 624 opus
885 552 948 618 est,
972 551 1005 605 et
1027 543 1197 623 cognitione
1211 563 1313 611 eorum
1336 564 1412 627 quae
1430 565 1515 609 oom-

140 629 290 694 munitet
313 632 428 695 animos
451 632 629 712 percellunt.
676 628 781 712 Itaque
814 632 911 695 sicubi
932 651 1040 713 pacem
1068 642 1099 694 et
1126 632 1256 713 quietem
1287 654 1355 696 esse
1377 642 1517 714 praestat

141 725 182 779 et
213 719 325 782 seditio
349 719 440 783 metui
464 728 577 801 potest,
601 728 765 784 conventus
788 721 928 802 Augusto
952 729 983 783 et
1006 720 1178 802 Septembri
1201 742 1239 785 ne
1262 725 1349 797 fiant,
1374 731 1428 785 aut
1450 723 1515 785 dis-

141 806 304 887 sipentur,
329 809 387 872 imo
410 830 521 872 causae
545 810 659 873 animos
683 819 901 890 exasperantes
925 818 1042 873 mature
1065 810 1225 886 tollantur;
1255 821 1308 875 aut
1336 812 1457 891 objecta
1483 831 1517 873 re

142 914 238 958 nova
271 900 473 979 cogitationes
505 899 655 962 hominnm
688 900 865 961 alterentur.
912 898 966 963 Sin
999 900 1100 963 audax
1126 899 1247 979 aliquod
1276 901 1392 962 facinus
1415 900 1514 962 ausci-

142 984 311 1064 piendum,
334 989 412 1069 quod
436 988 522 1051 illato
545 998 659 1051 terrore
683 988 896 1051 conficiendum
920 987 969 1059 sit,
993 988 1150 1068 Augustus
1175 998 1351 1069 occupetur;
1374 989 1421 1051 sin
1445 989 1514 1051 ani-

143 1092 223 1137 mno
248 1077 340 1138 etiarn
364 1078 402 1141 ad
426 1077 559 1140 laborem
583 1077 744 1153 durandus,
769 1076 951 1157 September
974 1086 1051 1139 esto.
1092 1077 1138 1140 At
1160 1077 1187 1138 si
1210 1079 1306 1145 hostis
1330 1078 1377 1140 his
1400 1076 1514 1140 mensi-

143 1161 213 1225 bus
237 1165 350 1246 aIIqoid
373 1167 494 1239 audeat,
518 1167 684 1230 anImorum
706 1166 944 1229 consternationi
966 1165 1213 1229 convenientibus
1234 1166 1376 1259 remediis
1394 1166 1516 1229 obviam

144 1260 255 1315 eatur.
301 1254 380 1316 Esse
412 1256 490 1318 enim
523 1256 597 1318 haec
630 1256 720 1318 etiam
751 1255 781 1318 in
809 1262 969 1334 potestate
991 1262 1112 1330 nostra,
1145 1257 1293 1336 quomodo
1311 1255 1435 1329 cadant,
1459 1273 1516 1317 neo

145 1339 298 1406 absolute
322 1344 511 1427 necessaria,
546 1343 781 1408 luculentissimo
810 1344 948 1424 exemplo
980 1345 1029 1406 vel
1056 1345 1239 1424 praeteritus
1268 1364 1364 1407 annus
1392 1348 1441 1406 est
1463 1351 1518 1406 te-.

145 1437 269 1493 status.

690 1520 827 1583 Thesis
849 1520 981 1583 LXXII.

246 1606 363 1668 Deinde
392 1626 532 1687 magnum
566 1609 710 1672 exercitui
742 1609 926 1689 praesidium
958 1614 1006 1670 est
1037 1607 1066 1670 iu
1095 1608 1203 1671 fiducia
1234 1618 1266 1672 et
1289 1608 1513 1691 existimatione

152 1693 351 1776 imperatoris
359 1715 369 1771 3
393 1695 489 1758 omnis
513 1699 589 1759 euim
614 1698 742 1760 vIctoria
763 1698 794 1759 in
818 1697 907 1760 animi
931 1698 1044 1779 impetu
1068 1697 1216 1760 consistit.
1248 1700 1293 1760 At
1316 1699 1342 1760 si
1365 1698 1403 1760 ob
1418 1717 1512 1777 gene·

148 1803 227 1847 ssos
251 1784 481 1847 afflictationem
505 1787 564 1848 dux
588 1785 617 1848 in
642 1794 795 1849 contemtu
817 1794 973 1849 versatur:
994 1785 1169 1866 vpericulum
1191 1805 1245 1867 per
1269 1787 1512 1867 imaginationem

148 1871 185 1935 in
220 1873 384 1935 exercitum
418 1881 449 1935 et
477 1874 627 1937 fortunam
654 1875 727 1938 beIIi
758 1876 917 1941 redundat.
965 1872 1041 1939 Cum
1063 1874 1165 1955 itaque
1193 1876 1247 1938 illa
1264 1879 1294 1954 ό
1310 1876 1376 1950 96
1398 1875 1513 1938 Polono

150 1962 186 2024 in
211 1956 310 2025 ortu'm
333 1962 462 2037 incidat,
489 1972 520 2025 et
543 1962 625 2027 Solis
657 1963 778 2044 eclipsis
801 1965 831 2026 in
853 1964 1013 2026 Moscovia
1042 1970 1073 2025 et
1095 1963 1221 2026 Polonia
1249 1966 1380 2028 maxima
1412 1962 1512 2039 inerit,

152 2058 188 2113 et
213 2049 323 2112 bellum
342 2051 409 2131 jam
431 2051 473 2113 sit
500 2051 555 2122 ibi,
587 2058 661 2132 puto
690 2054 806 2116 cladem
834 2052 879 2115 illi
901 2052 1083 2133 significari:
1117 2052 1166 2133 qui
1198 2052 1225 2114 si
1257 2053 1333 2115 hauc
1365 2070 1512 2134 geneseos

153 2139 393 2202 stimulationem
417 2140 447 2201 in
470 2140 676 2203 fortitudinem
700 2149 816 2215 vertat,
838 2142 957 2205 cladem
980 2143 1045 2222 ipse
1068 2140 1196 2203 inferet:
1230 2141 1276 2204 siu
1304 2160 1366 2222 pax
1397 2141 1513 2203 interea

153 2229 242 2291 firma
264 2228 427 2304 coalescat,
450 2230 540 2312 plane
564 2230 677 2292 nullum
701 2238 750 2293 est
770 2230 934 2313 periculum
957 2249 995 2292 ex
1018 2230 1083 2291 solo
1106 2230 1201 2292 coelo.

687 2319 818 2382 Thasia
841 2320 987 2382 LXXIII.

245 2403 348 2466 Tertio
380 2413 413 2465 et
439 2414 573 2468 nostram
604 2408 735 2487 patriam
768 2407 869 2486 signat
906 2408 960 2469 iIIa
990 2407 1056 2486 jam
1094 2405 1177 2468 dicta
1212 2405 1396 2484 conjonctio,
1435 2423 1512 2485 qnae

154 2512 224 2556 curn
247 2493 291 2555 sit
312 2493 548 2573 spaciosiasima,
567 2497 632 2575 jam
657 2516 714 2558 non
738 2497 869 2564 coelum,
901 2497 956 2557 sed
988 2513 1098 2557 causae
1122 2493 1307 2557 sublunares¹
1322 2502 1423 2555 certas
1446 2493 1512 2571 ejus

152 2589 260 2662 partes
285 2582 415 2662 signant.
462 2583 543 2645 Nam
576 2583 635 2646 etsi
658 2585 713 2648 Sol
745 2585 885 2647 universa
912 2592 1070 2646 contuetur
1101 2589 1132 2644 et
1159 2581 1292 2654 calfacit,
1321 2596 1379 2642 nou
1403 2581 1511 2662 ubique

156 2679 258 2733 tamen
283 2672 366 2733 olera
388 2671 537 2751 producit,
562 2692 617 2735 nec
640 2674 697 2736 nisi
721 2674 771 2737 ubi
794 2672 944 2736 seminata
967 2679 1047 2736 suut.
1076 2670 1223 2733 Attamen
1248 2670 1286 2732 ob
1310 2671 1421 2732 Terrae
1444 2688 1510 2731 mo·

155 2768 239 2835 tum,
273 2767 305 2821 et
336 2778 479 2838 geneses,
514 2769 546 2823 et
574 2761 699 2842 eclipsin
724 2762 820 2837 Solis,
852 2780 928 2842 quae
953 2760 1044 2824 Gallo
1068 2768 1101 2821 et
1122 2758 1286 2839 Hispaniae
1310 2760 1407 2820 Iocum
1430 2757 1512 2821 Solis

126 2847 295 2928 attingit,
318 2848 512 2927 peculiariter
534 2850 646 2931 aliquid
670 2851 707 2913 de
730 2851 857 2925 Suesia,
881 2850 1039 2922 Helvetia,
1071 2849 1209 2911 Insubris
1231 2856 1264 2909 et
1286 2847 1384 2911 vicina
1408 2845 1512 2910 Gallia

153 2935 390 3018 expectabimus.

708 3027 839 3089 Thasie
862 3026 1009 3088 LXXIV.

245 3109 392 3174 Sextilem
416 3112 508 3188 illum,
533 3120 567 3176 ut
589 3123 622 3177 et
645 3117 675 3192 ό
687 3115 759 3190 qlc·
782 3114 850 3177 ideo
874 3115 992 3189 addidi,
1022 3114 1092 3195 qnia
1113 3129 1242 3193 geneses
1265 3113 1411 3191 quasdam
1433 3115 1511 3174 nott

155 3220 283 3271 resecas
305 3202 447 3263 attinent.
501 3201 599 3266 Erunt
630 3203 733 3284 itaque
766 3222 911 3284 operosae
944 3204 998 3264 hoc
1027 3221 1120 3276 anno;
1154 3198 1280 3262 feliciter
1310 3222 1348 3262 an
1378 3201 1510 3264 inlausta

156 3290 242 3369 Quat
263 3289 375 3363 Deum)
399 3309 492 3371 penes
516 3290 647 3371 ipsarum
671 3293 825 3355 arbitrium
860 3302 918 3355 est.
964 3291 1111 3353 Fervidus
1143 3298 1244 3352 tamen
1272 3290 1398 3369 planeta
1426 3289 1511 3351 Mers

155 3385 308 3452 naturam,
338 3378 365 3439 si
387 3398 445 3440 non
469 3379 629 3443 admodum
653 3381 740 3444 fortis
764 3390 826 3456 est,
850 3381 998 3444 afflictare
1020 3380 1133 3460 possit,
1167 3395 1233 3439 cum
1257 3378 1307 3441 diu
1330 3380 1358 3441 in
1384 3378 1511 3457 Virgine

155 3466 338 3541 obambulet,
363 3475 396 3530 et
417 3486 520 3530 mense
538 3469 652 3531 Martio
676 3469 741 3533 Soli
764 3469 901 3551 objectus
926 3470 1059 3530 natalem
1082 3468 1216 3529 infestet.

691 3559 821 3621 Thasia
844 3558 975 3619 LXXV.

244 3641 424 3707 Sciosolere
448 3644 621 3725 astrologos
632 3665 669 3708 ex
679 3646 886 3726 conjunctione
896 3646 983 3708 Jovis
994 3650 1026 3704 et
1040 3642 1160 3717 Martis,
1185 3660 1261 3722 quae
1282 3639 1509 3707 in17⁰Librae

154 3729 270 3807 incidit,
295 3741 423 3796 mortem
446 3735 569 3815 egregio
594 3735 683 3797 alicui
706 3736 778 3797 belli
801 3734 868 3796 duci
890 3731 1074 3813 praedicere,
1098 3730 1276 3810 praesertIm
1296 3730 1322 3792 si
1338 3730 1403 3812 quis
1417 3750 1509 3811 prae-

147 3820 272 3902 cipuum
296 3821 426 3902 aliquem
450 3824 547 3887 Iocum
570 3841 717 3903 geneseos
740 3824 781 3887 ibi
804 3823 927 3884 babeat.
973 3818 1009 3884 Id
1037 3837 1072 3880 ue
1106 3818 1134 3880 iu
1158 3818 1337 3882 calumniam
1361 3820 1509 3894 trahatur,
1544 3876 1550 3891 ,

119 3909 242 4011 'quasi
265 3912 380 3973 coelum
402 3912 554 3975 conditum
579 3913 697 3974 dicatur
720 3913 759 3974 ad
783 3911 996 3973 interimendos
1023 3907 1177 3982 homines,
1212 3907 1301 3969 aliter
1333 3914 1382 3971 est
1409 3910 1509 3989 expli-

154 3999 293 4062 candum.
343 3997 458 4062 Sensus
482 4002 560 4063 euim
584 4020 691 4063 revera
713 4000 760 4063 hio
785 4007 848 4062 est:
874 4000 953 4081 quod
976 4006 1011 4060 nt
1034 4003 1176 4076 aspectus
1199 3996 1247 4058 hic
1270 4016 1325 4077 per
1343 4018 1376 4060 se
1403 3999 1510 4077 igneus

155 4096 188 4149 et
210 4089 357 4152 clarorum
379 4090 569 4170 planetarum
592 4096 659 4163 est,
683 4089 729 4151 ita
751 4089 938 4170 experientia
960 4093 1107 4159 testatur,
1141 4094 1174 4148 et
1196 4086 1362 4148 illustribus
1387 4086 1510 4148 familiis

155 4195 223 4239 esse
247 4178 437 4241 familiarem.
484 4180 529 4240 At
552 4197 617 4240 cum
641 4179 736 4242 omnis
761 4180 823 4240 sere
846 4177 980 4263 corporis
1007 4176 1056 4238 rel
1079 4175 1170 4236 animi
1198 4175 1358 4236 commotio
1386 4181 1440 4235 aut
1471 4174 1510 4235 ad

154 4284 265 4329 novum
287 4275 402 4331 statum
425 4267 575 4329 traductio
600 4277 670 4329 tunc
693 4269 765 4344 fiat,
798 4286 864 4329 oum
892 4265 997 4345 genesi
1029 4263 1144 4325 coelum
1171 4264 1334 4343 respondet
1362 4262 1457 4344 (quod
1479 4262 1508 4324 in

154 4356 300 4437 partubus
322 4356 484 4437 praecipue
508 4356 668 4437 apparet),
689 4356 723 4418 fit
747 4363 780 4418 ut
801 4355 976 4435 plerumque
991 4352 1083 4435 aliqui
1106 4351 1239 4414 illustres
1255 4350 1310 4412 snb
1330 4350 1384 4412 hos
1399 4368 1510 4431 aspec-

155 4454 205 4508 tus
228 4453 260 4507 et
282 4445 396 4510 similes
420 4464 488 4506 sese
512 4452 733 4519 commoveant,
767 4463 834 4506 cum
861 4444 891 4505 in
915 4450 1004 4505 tanta
1026 4441 1215 4503 multitudiue
1239 4437 1331 4520 aliqui
1354 4440 1410 4501 sub
1433 4439 1509 4501 tali-

154 4535 211 4596 bus
235 4541 266 4596 et
288 4536 353 4598 nati
377 4534 447 4596 siut.
494 4533 553 4597 IIIa
574 4551 646 4596 vero
670 4534 830 4595 commotio
853 4531 897 4593 uti
921 4531 999 4593 male
1028 4527 1184 4608 dispositis
1212 4527 1356 4607 subjectis
1384 4527 1413 4589 in
1436 4546 1508 4608 per-

154 4622 263 4685 niciem
281 4623 371 4698 cedit,
395 4623 441 4685 ita
463 4622 618 4697 firmiores,
641 4622 690 4683 vel
714 4620 826 4683 aetatis
851 4621 900 4683 vel
913 4616 1096 4682 valetudinis
1115 4618 1241 4691 ratione,
1263 4616 1365 4679 adres
1382 4634 1509 4697 magnos

154 4711 273 4774 evehit:
300 4730 423 4793 quarum
445 4719 602 4792 utrumqne
626 4711 656 4773 iu
680 4710 809 4772 diversis
832 4707 924 4772 etiam
947 4708 1004 4771 boc
1028 4725 1120 4783 anuo,
1153 4706 1207 4768 sed
1235 4704 1318 4768 nulla
1340 4705 1429 4786 plane
1452 4724 1509 4768 ue-

155 4799 309 4877 oessitate‚
332 4799 396 4863 fieri
418 4806 531 4879 potest.
