3609 5634
581 1355 1085 1460 PROOEMIUM.

177 1892 180 1896 .
246 1834 332 1909 Quae
356 1840 506 1921 Keplerus
534 1843 564 1906 in
588 1843 663 1907 libro
688 1844 725 1907 de
739 1844 829 1906 Nova
842 1843 942 1908 Stella
964 1844 1048 1918 (vide
1071 1843 1144 1906 Vol.
1168 1843 1225 1917 11.)
1249 1844 1345 1909 latino
1373 1865 1512 1914 sermons

156 1924 230 1988 viris
253 1927 388 2005 eruditis,
419 1932 599 2012 quiessent
625 1932 688 1996 ista
718 1933 840 2010 lecturi,
871 1934 909 1996 de
938 1933 1105 2013 astrologia
1127 1942 1342 2012 proposuerat,
1375 1935 1405 1998 iu
1435 1935 1512 1999 libro

156 2013 561 2171 ttrtttlttttlt
574 2015 1132 2174 'llt⁸ttlt{⁵¹’·¹ttt¹³tttll
1152 2021 1297 2190 thil
1312 2024 1513 2191 ,ittet

157 2197 264 2253 contra
285 2191 443 2258 Rdsliuum
466 2215 537 2273 eos,
564 2198 614 2278 qai
637 2198 760 2260 nimium
782 2199 951 2262 tribuerent
973 2199 1167 2279 astrologiae,
1192 2198 1388 2277 refutaverat,
1413 2201 1460 2264 ita
1481 2201 1513 2264 iu

158 2278 216 2341 hoo
244 2280 381 2346 defendit
407 2285 604 2366 astrologiam
629 2294 735 2349 contra
757 2305 824 2358 eos,
853 2287 904 2368 qui
930 2286 1050 2367 penitus
1083 2305 1150 2348 eam
1173 2295 1308 2349 evertere
1336 2289 1511 2351 studebant.

160 2365 293 2431 Cannam
316 2372 524 2437 conscribendi
548 2374 637 2456 hujus
651 2375 786 2454 opusculi
809 2374 950 2456 praebuit
962 2374 1094 2453 Keplero
1113 2375 1331 2445 controversia,
1354 2384 1423 2437 orta
1436 2377 1515 2438 inter

159 2455 204 2517 M.
228 2455 340 2521 Melch.
365 2460 599 2538 Scb'arerom,
628 2472 782 2543 pastorem
809 2461 1063 2543 Metzingensem,
1094 2469 1126 2523 et
1148 2460 1187 2524 D.
1215 2461 1293 2525 Phil.
1318 2463 1513 2537 Feselium,
1569 2506 1588 2544 ¹-

160 2544 307 2607 medicum
332 2549 522 2634 ‘Marchionis
556 2550 715 2613 Badeusis.
773 2551 910 2614 Faselius
945 2569 1023 2613 anno
1057 2545 1153 2614 1609.
1190 2549 1301 2629 publici
1333 2551 1411 2630 juris
1441 2551 1516 2614 lecit

77 2681 95 2704 ,
162 2632 312 2711 libellum,
349 2637 539 2719 inscriptum:
576 2637 815 2716 „Griiudtlioher
841 2638 968 2701 Discors
995 2657 1058 2704 von¹
1086 2639 1140 2700 der
1166 2638 1346 2719 Astrologia
1375 2639 1513 2704 Jodicia-

162 2720 237 2795 ria,“
267 2722 297 2785 in
329 2727 516 2805 praelatione
545 2728 621 2791 haec
648 2729 797 2791 afferens:
825 2728 999 2807 Metziugae
1027 2745 1060 2787 se
1088 2745 1154 2788 cum
1173 2725 1324 2789 Soterem
1351 2728 1448 2791 multa
1477 2729 1515 2791 de

162 2810 353 2892 astrologicis
386 2815 643 2895 praedictionibus
671 2816 858 2897 disputasse,
891 2834 981 2896 quum
1012 2815 1064 2877 ille
1096 2815 1295 2895 astrologiam
1328 2816 1515 2893 defenderet,
1569 2853 1573 2864 ·

162 2899 226 2978 ipse
254 2918 321 2963 eam
350 2913 555 2984 oppugnarem
587 2904 676 2985 paulo
705 2912 776 2985 post
802 2904 952 2985 prodiisse
980 2905 1039 2968 duo
1063 2902 1206 2965 Schhreri
1232 2905 1427 2985 prognostica
1450 2907 1515 2978 (an.

167 2982 259 3052 1608.
284 2997 316 3052 et
341 2988 467 3069 1609),
491 2994 520 3056 iu
544 2993 650 3075 quibus
674 3011 790 3067 omnes,
816 2993 864 3075 qui
888 3010 946 3054 nou
960 2992 1081 3073 penitus
1104 2991 1217 3053 addicti
1239 2991 1302 3054 siut
1322 2993 1517 3073 astrologiae,

164 3083 306 3143 notentur
327 3080 494 3144 calumniis.
540 3083 641 3156 (Haec
665 3089 736 3143 sunt
759 3081 823 3161 ejus
845 3080 955 3143 verba:
979 3101 1015 3145 er
1035 3087 1148 3144 maer
1168 3081 1215 3143 sie
1236 3081 1406 3154 macher,
1428 3089 1516 3164 epdi-

163 3174 221 3239 ter,
244 3164 386 3243 Maiorem
406 3171 502 3254 proha
522 3191 649 3246 norrea
671 3172 767 3253 probe
786 3168 1059 3252 philosophema,
1086 3168 1333 3251 widaapreeher
1354 3169 1413 3232 der
1429 3189 1516 3232 war·
1630 3167 1632 3172 ’

164 3255 236 3331 heit,
260 3259 452 3322 mutamus
474 3259 571 3333 Laut,
602 3267 675 3342 pate
697 3256 804 3322 albere
826 3260 971 3342 hopffera
1005 3256 1160 3342 cyclopes,
1189 3259 1281 3321 horam
1303 3265 1333 3320 ct
1353 3258 1517 3322 eduorum

164 3363 253 3408 oocee
283 3347 466 3426 cadurcus,
497 3348 611 3430 welche
642 3348 696 3412 die
719 3346 894 3412 &aaaron
918 3347 1029 3411 daona
1053 3348 1112 3410 urit
1136 3344 1344 3428 Kalbeuapeo
1369 3347 1516 3422 ooechea,

163 3435 338 3517 msiaaipe,
368 3444 532 3519 pamm,
565 3437 712 3501 hbrsieche
730 3435 928 3509 cauillantes,
960 3435 1013 3498 die
1042 3433 1215 3518 gleichsam
1238 3434 1317 3497 Gott
1344 3435 1391 3498 ia
1409 3435 1518 3498 ocima

166 3520 339 3589 &cahom
361 3526 526 3591 omochteo
552 3527 616 3590 ond
637 3527 723 3589 aciae
741 3524 814 3588 Ehe
834 3523 1038 3606 oce’spottea.)
1082 3523 1165 3585 Haeo
1180 3522 1341 3602 opprobria
1354 3530 1461 3585 contra
1483 3542 1517 3585 se

164 3610 261 3690 ipsum
285 3611 367 3676 dicta
389 3633 458 3677 esse
480 3621 568 3694 potat
586 3613 738 3690 Feselius3
762 3621 796 3675 at
818 3611 1016 3675 concitatiore
1039 3611 1153 3691 impetu
1171 3610 1313 3690 abreptus
1332 3611 1372 3672 ad
1386 3629 1515 3690 respon-

165 3699 293 3763 dendum
316 3719 375 3764 non
399 3702 596 3782 astrologiam
618 3709 750 3776 tantum,
780 3702 836 3764 sed
858 3699 1074 3762 astronomiam
1104 3698 1198 3760 etiam
1220 3717 1258 3760 ex
1280 3707 1368 3778 parte
1396 3699 1515 3780 quidem

163 3788 271 3869 rejicit
317 3789 477 3869 Keplerus,
501 3791 623 3852 vixdum
646 3789 788 3853 absoluta
809 3787 1005 3869 responsione
1021 3788 1059 3850 ad
1073 3786 1240 3861 Rdeliuum,
1264 3786 1434 3868 impavidus
1457 3788 1515 3850 im·

162 3884 279 3957 pugnat
301 3876 379 3940 huno
401 3897 518 3964 qnoque
543 3879 698 3953 medicum,
723 3878 891 3941 concedens
916 3897 962 3951 ea,
987 3895 1063 3957 quae
1077 3894 1148 3937 vere
1172 3875 1262 3956 objici
1279 3876 1399 3957 possint
1412 3883 1514 3939 astro·

164 3966 278 4046 logias,
311 3966 435 4029 firmiter
458 3975 566 4030 teneus
588 3986 674 4030 suam
696 3968 734 4028 de
756 3967 811 4030 illa
833 3965 1030 4041 seutentiam,
1064 3965 1199 4027 refutans
1223 3984 1273 4041 ea,
1303 3983 1379 4048 quaa
1402 3965 1518 4044 impru-

165 4053 285 4114 dentius
306 4054 444 4117 Feselius
467 4056 645 4136 protulisset
667 4064 774 4118 contra
796 4054 1025 4130 astronomiam,
1060 4054 1175 4134 optica,
1204 4054 1331 4136 physica
1358 4061 1391 4116 et
1413 4062 1515 4115 astro·

165 4141 283 4203 uomica
301 4143 346 4216 (v.
370 4162 397 4205 c.
422 4144 644 4220 refractionem,
668 4150 766 4206 motos
788 4145 979 4225 planetarum
1002 4161 1122 4216 causas,
1147 4141 1306 4220 Copornici
1326 4140 1516 4223 hypothesin,

165 4248 250 4292 usum
279 4228 545 4295 instrumentorum
573 4231 856 4306 astronomicorum)
884 4231 924 4294 ad
951 4249 1072 4292 sensum
1102 4231 1277 4311 popularem
1303 4230 1517 4309 vulgaremque

164 4319 405 4383 accommodans.
454 4320 602 4383 Thesibns
633 4317 696 4384 rto
725 4327 904 4400 argumenta
930 4319 1043 4381 Feselii
1070 4317 1220 4398 Keplerus
1248 4317 1412 4380 examinat.
1458 4316 1517 4379 Hic

72 4449 81 4460 ,
164 4415 264 4471 autem
296 4408 327 4471 in
356 4408 419 4472 illie
442 4410 627 4490 argumentis
654 4409 781 4489 primum
803 4415 949 4490 posuerat
975 4405 1231 4486 imperfectionem
1259 4404 1463 4468 astronomiae
1486 4413 1520 4467 et

92 4573 96 4582 1
164 4497 364 4577 astrologiam
401 4498 534 4561 secundo
565 4506 742 4579 argumento
771 4497 986 4560 anctoritatem
1012 4494 1259 4575 philosophorum
1291 4494 1516 4575 appellaverat3

164 4586 256 4648 tertio
279 4585 485 4669 inquisiverat,
510 4605 567 4669 quo
587 4587 656 4667 jure
679 4586 827 4667 astrologi
849 4586 880 4648 iu
903 4604 976 4647 suas
994 4592 1099 4664 partes
1116 4589 1240 4645 vertant
1257 4583 1350 4644 verba
1363 4582 1517 4644 literarum

164 4692 334 4750 sacrarum3
363 4683 470 4757 quarto
494 4675 704 4756 disputaverat
726 4675 763 4737 de
786 4681 896 4737 natura
917 4673 1124 4755 planetarum,
1153 4690 1191 4734 ex
1213 4670 1347 4751 ipsorum
1369 4671 1464 4750 figura
1486 4678 1519 4731 et
1570 4734 1577 4744 ἃ

163 4762 264 4826 colore
285 4765 511 4845 cognoscenda3
534 4764 638 4850 quinto
662 4765 700 4827 de
723 4761 912 4845 experientia
933 4770 1049 4842 egerat,
1073 4781 1163 4843 quam
1185 4778 1272 4824 sumn
1294 4759 1325 4822 in
1344 4777 1430 4823 nsum
1444 4776 1515 4822 ver·

163 4859 234 4914 tant
255 4852 409 4933 astrologi.

234 4955 436 5009 sabucea-1.
1272 4950 1306 5007 tt
