3609 5634
282 383 348 451 412
448 428 452 437 .
730 317 733 322 V
851 382 953 435 merce
965 381 1069 448 norrea

369 546 556 598 Hermai-tna
583 544 619 594 ab
641 541 835 609 Hohenbnrg
860 544 885 593 in
903 541 982 593 literis
1000 542 1024 593 d.
1046 540 1070 592 2.
1090 543 1148 594 Jan.
1170 540 1247 594 lasa.
1272 544 1303 595 de
1321 546 1370 596 hac
1388 544 1491 609 Kepleri
1515 543 1658 595 muntia

284 620 381 672 scribit:
404 619 466 669 Was
484 618 528 669 der
545 616 610 667 Hem
627 617 653 665 iu
670 617 752 665 annet
769 614 887 665 Praetica
904 629 936 664 an
952 614 1008 664 End
1027 615 1155 665 daraelben
1174 617 1206 666 dc
1224 622 1333 681 tempore
1356 623 1383 667 at
1403 616 1546 680 manante
1569 607 1606 681 (s
1627 621 1657 661 et

283 688 309 756 ὁ)
328 691 484 741 luminarium
509 695 536 738 et
558 687 686 752 eclipsinm
704 686 856 743 ducmnera
882 686 934 736 hab
957 686 998 736 iclr
1022 700 1083 751 gom
1101 686 1215 752 golssen,
1234 688 1286 738 und
1308 690 1454 743 remissuro,
1474 687 1534 735 dass
1553 685 1656 736 etliclre

280 762 453 814 Mathematici
475 762 501 809 in
520 759 616 818 Saxen,
645 758 705 807 alda
721 770 781 806 man
800 757 839 807 die
858 757 975 807 bedentis
998 760 1087 823 §lingat
1109 758 1266 809 beschehens
1288 774 1374 825 grosse
1392 759 1551 808 Finsternnss
1571 756 1652 806 coelo

281 850 368 886 sereno
386 832 433 882 vol
452 830 570 897 geseben‚
590 831 616 879 id
634 831 714 893 ipsum
732 829 850 877 obserrirt
867 828 950 878 haben
968 829 1062 884 sollen.
1082 829 1127 879 das
1145 830 1253 880 nemlioh
1271 831 1310 881 die
1331 830 1398 881 Sonn
1417 828 1552 880 damablen
1573 827 1655 877 nicht

280 921 328 955 ron
345 903 443 963 nndsn,
466 901 572 953 eundern
597 907 645 950 ran
664 900 727 950 oben
745 899 790 949 ber
813 900 853 972 bei
875 893 908 961 ¹l,
934 899 1074 950 rarfinstert
1091 900 1199 951 worden.
1236 901 1291 952 Bitt
1313 917 1356 951 um
1374 901 1540 966 Erlonternng
1558 900 1655 950 dieser

282 977 419 1032 anomalia.
437 976 484 1025 vie
501 976 537 1024 sie
555 973 589 1024 ad
605 971 753 1036 hypothesin
772 970 901 1035 Coparnici
920 986 952 1021 an
970 972 1176 1023 accommodiren.

368 1119 409 1170 sd
425 1118 490 1169 haec
507 1114 635 1181 respondit
651 1113 826 1196 Keplerne:

369 1246 417 1307 De
441 1242 523 1307 Solis
547 1240 653 1319 eclipsi
682 1239 809 1320 primurn
838 1242 928 1304 valde
956 1241 1029 1303 milri
1057 1248 1176 1321 gratnm
1200 1247 1265 1314 est,
1295 1241 1439 1303 accedere
1470 1240 1509 1302 ad
1540 1259 1650 1301 meam

280 1335 406 1400 aliomm
431 1351 547 1413 quoque
579 1330 824 1404 observationes,
857 1331 965 1410 quibua
995 1332 1155 1411 praecipue
1183 1329 1269 1410 digiti
1300 1330 1432 1410 ecliptici
1459 1330 1647 1411 prodantur.

280 1425 363 1488 Sane
387 1441 493 1485 novem
518 1420 631 1500 digitos
655 1418 719 1499 ipse
743 1438 870 1499 quoque,
894 1421 949 1483 sed
972 1420 1085 1482 oculari
1105 1421 1216 1482 saltem
1231 1422 1413 1501 conjectura,
1437 1418 1522 1481 nulla
1535 1417 1648 1481 circini

279 1514 417 1594 ἀκριβείᾳ
440 1511 624 1574 constituere
646 1515 794 1588 poteram.

273 1599 278 1614 '
321 1635 325 1640 ·
366 1605 474 1682 Itaque
498 1613 681 1680 magnopere
703 1605 735 1659 te
759 1617 826 1673 oro,
850 1606 884 1659 ut
907 1598 985 1660 inter
1008 1605 1126 1660 ceteras
1151 1597 1311 1660 aliorum
1334 1597 1643 1673 observationes,

280 1713 355 1774 quas
378 1689 547 1773 polliceris,
579 1688 658 1749 hanc
682 1687 788 1760 etiam,
817 1687 868 1751 nbi
892 1695 999 1748 nactus
1023 1687 1099 1758 eris,
1128 1687 1285 1767 adjungas.
1331 1687 1461 1751 Omnino
1485 1688 1563 1750 haec
1587 1690 1645 1751 via

279 1782 390 1844 estad
413 1777 627 1861 perfectionem
651 1777 737 1838 artis.
783 1774 1057 1840 Observationibns
1085 1777 1151 1858 ipse
1174 1796 1290 1857 quoque
1312 1777 1466 1851 incumbo,
1499 1779 1643 1857 quamvis

278 1872 360 1933 nullo
387 1870 652 1931 instrumentorum
680 1866 819 1946 remigio,
849 1867 898 1928 vel
928 1867 995 1929 ideo
1025 1867 1148 1940 saltem,
1182 1875 1216 1928 ut
1244 1866 1270 1928 si
1303 1867 1420 1947 qnando
1449 1866 1480 1927 in
1509 1868 1642 1929 aliorum

279 1957 507 2023 observationes
540 1954 686 2027 incidam,
720 1975 778 2016 non
813 1957 886 2017 nihil
919 1956 1063 2030 babeam,
1098 1976 1156 2037 quo
1188 1956 1377 2035 diligentiam
1406 1955 1642 2018 observatorum

278 2050 443 2129 explorem.
488 2044 569 2109 Nam
592 2043 649 2105 hae
665 2044 893 2106 observationes
908 2065 1041 2119 crassae,
1067 2065 1142 2126 quae
1167 2046 1357 2124 planetarum
1381 2045 1420 2107 ad
1443 2046 1520 2106 lixas
1545 2047 1639 2107 eitum

278 2138 373 2200 variis
397 2133 632 2198 circumstantiis
654 2133 794 2214 produnt,
819 2135 878 2196 etsi
901 2154 961 2197 non
986 2135 1023 2198 ad
1047 2144 1110 2197 mm
1134 2134 1259 2214 exiguas
1282 2134 1503 2214 portiunculas,
1529 2143 1564 2198 ut
1589 2137 1639 2195 in-

278 2223 520 2295 strumentarias,
545 2223 710 2295 deducunt,
734 2223 830 2284 minus
854 2231 966 2299 tamen,
992 2243 1080 2305 quam
1099 2223 1183 2293 illae,
1216 2224 1362 2286 obnoxiae
1386 2230 1457 2285 sunt
1480 2223 1524 2286 illi
1549 2243 1638 2287 erro-

280 2336 346 2379 mm
368 2312 522 2386 varietati,
548 2312 598 2393 qui
621 2313 780 2374 confertim
803 2312 1011 2375 instrumentis
1034 2312 1225 2376 insidiantur.
1272 2313 1319 2374 De
1335 2331 1434 2374 annua
1456 2313 1514 2374 hac
1538 2314 1638 2393 eclip-

280 2407 357 2469 sium
380 2401 540 2476 anomalia,
573 2400 632 2462 etsi
662 2420 720 2462 uon
749 2409 798 2462 est
821 2403 907 2475 (ante
935 2403 1093 2465 multomm
1124 2421 1267 2463 annornm
1292 2402 1412 2463 labores
1431 2401 1637 2470 continuatos,

280 2494 381 2559 omnia
403 2493 497 2574 probe
519 2498 695 2570 perspecta,
725 2492 825 2553 omnia
848 2491 956 2554 calculi
980 2490 1111 2571 ecliptici
1135 2491 1330 2553 fundamenta
1353 2490 1392 2552 ad
1416 2491 1560 2553 amussim
1584 2512 1637 2552 re-

278 2591 398 2656 vocata,
424 2599 527 2643 omnes
551 2580 681 2640 omnium
703 2587 871 2660 temporum
895 2581 1024 2660 eclipses
1048 2580 1085 2641 ad
1101 2581 1249 2642 calculum
1263 2579 1456 2641 Prutenicnm
1474 2581 1635 2652 reductas)

262 2673 437 2753 'quicquam
458 2668 722 2749 pronunciandum,
746 2669 858 2749 ingenii
880 2677 983 2731 tamen
1008 2669 1109 2749 gratia
1133 2668 1236 2730 licebit
1258 2668 1337 2730 serio
1361 2668 1516 2731 certamini
1540 2688 1634 2748 prae-

280 2761 392 2824 ludere.
436 2757 585 2821 Memiui
612 2777 698 2819 sane
729 2757 764 2818 in
787 2758 1014 2821 Ptolemaico
1038 2759 1231 2838 eclipsium
1264 2757 1410 2820 calculo
1440 2758 1483 2820 ab
1513 2759 1634 2820 Alba-

279 2849 405 2929 tegnio
429 2845 696 2926 deprehensam
721 2847 952 2923 anomaliam‚
978 2855 1015 2910 et
1035 2847 1326 2928 discrepantiam
1350 2847 1631 2909 observaturum

278 2936 474 3019 eclipsinm
505 2934 551 2998 ab
573 2935 704 2997 iisdem
736 2936 955 3011 calculatis,
990 2955 1135 3016 eamque
1168 2936 1278 2999 aliam
1310 2954 1412 3017 qnam
1448 2936 1537 2997 haec
1570 2937 1631 2998 loo·

277 3029 408 3090 dierna
431 3031 497 3086 est.
545 3024 618 3086 ideo
641 3023 815 3104 priusquam
839 3027 914 3088 certi
938 3026 1007 3106 quid
1031 3032 1197 3099 statuatur,
1223 3026 1303 3086 illius
1327 3024 1419 3086 etiarn
1443 3045 1537 3087 causa
1558 3027 1631 3087 red-

278 3117 378 3179 denda
400 3115 468 3176 erit.
514 3115 855 3191 Praesupponemns
878 3114 1011 3194 igitur,
1037 3113 1126 3175 hanc
1151 3113 1369 3175 anomaliam
1393 3134 1545 3175 annuam
1568 3116 1627 3175 ho-

219 3265 222 3270 .
278 3206 490 3267 dicrnarum
506 3200 701 3281 eclipsium
723 3211 938 3283 perpetuum
963 3222 1045 3264 esse
1069 3203 1261 3265 Prutenici
1285 3202 1421 3265 calculi
1447 3204 1629 3278 comitem,

277 3294 308 3355 si
332 3293 363 3354 is
386 3298 490 3355 retro
513 3297 720 3369 usurpetur.
767 3293 809 3354 Et
830 3291 1015 3371 propositum
1040 3291 1126 3352 nobis
1150 3298 1226 3363 esto,
1250 3311 1373 3353 cansam
1388 3292 1518 3370 reperire
1542 3292 1630 3370 hujus

277 3381 456 3444 anomaliae.
504 3376 581 3442 Cum
604 3396 675 3457 ergo
698 3377 760 3440 tria
782 3381 845 3464 sint
867 3398 1007 3461 corpora,
1039 3388 1103 3442 tres
1122 3385 1224 3443 motus
1251 3380 1290 3442 ad
1309 3380 1526 3442 noviluniorum
1549 3389 1629 3442 tern-

274 3490 351 3553 pora
373 3467 557 3533 dimetienda
580 3475 802 3546 concurrentes,
826 3476 901 3550 puta
925 3468 1016 3544 Solis,
1041 3468 1157 3544 Lunae,
1183 3478 1215 3532 et
1236 3469 1325 3549 primi
1348 3459 1467 3531 mobilis
1492 3472 1541 3543 (nt
1564 3479 1628 3532 ter-

277 3562 365 3624 minis
386 3559 577 3622 ‚usitatarum
600 3557 811 3639 hypothesium
834 3561 984 3633 utamur),
1019 3558 1139 3637 singula
1175 3559 1310 3639 singulas
1347 3558 1433 3619 nobis
1462 3559 1630 3638 praebeant

278 3649 475 3730 suspiciones.
520 3646 602 3709 Nam
630 3646 700 3708 dnm
731 3648 902 3710 vernalia
930 3646 1120 3709 novilunia
1153 3657 1215 3709 aut
1241 3647 1451 3729 pleniluuia
1479 3648 1629 3710 tardius

276 3758 383 3802 revera
404 3736 537 3809 veniant,
562 3754 651 3815 quam
666 3733 695 3796 in
710 3739 826 3800 calculo
839 3736 1062 3816 praedicuntur,
1087 3737 1315 3799 autumnalia
1337 3735 1470 3798 citius:
1495 3738 1630 3800 sisausa

276 3827 306 3888 iu
325 3825 408 3889 Solis
431 3830 514 3886 motu
542 3832 605 3897 est,
641 3833 762 3903 oportet
785 3825 886 3888 Solem
917 3845 1009 3887 verno
1038 3834 1174 3904 tempore
1207 3826 1324 3905 longius
1355 3818 1384 3885 iu
1414 3827 1629 3908 consequentia

674 3913 788 3977 distare
812 3935 901 3994 qnam
936 3935 954 3975 a
986 3915 1101 3977 calculo
1125 3914 1276 3993 proditur,
1310 3916 1474 3976 autumnali
1498 3917 1627 3977 brevius.

673 4002 717 4063 Ut
747 4004 778 4065 A
809 4004 852 4065 sit
880 4012 1016 4066 oentmm
1048 4004 1149 4065 mundi
1181 4011 1212 4065 et
1244 4002 1324 4065 orbis
1358 4003 1506 4077 Lunaris,
1544 4007 1628 4085 cujus

673 4090 821 4155 diameter
847 4112 902 4173 per
926 4093 1129 4172 longitudines
1153 4090 1235 4154 Solis
1265 4091 1381 4154 medias
1404 4112 1496 4173 prope
1521 4095 1627 4174 aequi-

634 4247 637 4271 ,
672 4182 775 4243 noctia
798 4183 882 4254 (narn
913 4182 952 4243 ab
985 4181 1004 4242 l.
1029 4201 1067 4243 m.
1096 4181 1214 4243 distant
1243 4201 1301 4244 non
1332 4181 1436 4244 multis
1468 4183 1629 4262 gradibus)

673 4361 733 4422 situ
769 4360 799 4422 in
832 4378 890 4439 quo
926 4359 1089 4421 assumitur
1126 4359 1155 4420 in
1189 4360 1315 4428 calculo,
1358 4360 1505 4422 diameter
1536 4360 1630 4438 igitur

670 4468 726 4529 per
752 4447 956 4528 longitudines
985 4448 1101 4510 medias
1125 4446 1219 4510 LBO.
1267 4447 1316 4510 Sit
1344 4457 1444 4510 autem
1468 4449 1496 4511 D
1523 4448 1628 4522 Libra,

668 4540 685 4600 1
708 4537 810 4608 Aries,
833 4545 865 4598 et
889 4545 1084 4599 assumantur
1105 4536 1177 4598 bina
1200 4543 1337 4619 tempora
1361 4537 1391 4599 in
1416 4537 1527 4618 quibus
1542 4538 1630 4599 Luna

672 4628 835 4690 secundnm
859 4624 1006 4689 calculum
1031 4625 1095 4708 (qni
1118 4626 1178 4704 jam
1201 4626 1232 4688 in
1252 4627 1341 4690 Luna
1362 4645 1457 4689 verax
1480 4647 1547 4688 esse
1570 4644 1628 4705 po-

276 4719 371 4796 nitur)
395 4722 438 4784 sit
464 4722 495 4783 in
518 4722 557 4796 Q,
581 4724 624 4786 R.
670 4718 781 4787 Iisdem
797 4724 962 4797 temporum
983 4714 1117 4777 articulis
1133 4725 1301 4795 appareant
1324 4716 1353 4778 iu
1368 4717 1628 4778 observationibus

276 4808 354 4871 duae
384 4811 513 4892 eclipses
537 4812 673 4877 Solares.
719 4808 854 4870 Necesse
883 4812 933 4867 est
959 4804 1066 4884 igitur,
1095 4801 1198 4866 Solem
1226 4825 1372 4889 apparere
1400 4807 1429 4869 in
1459 4807 1539 4867 linea
1560 4805 1627 4880 AF,
