3609 5634
306 373 372 441 stt
906 373 1066 425 Prooemium.

398 533 548 613 Keplerus
573 552 661 614 quum
695 533 723 594 iu
747 532 846 596 iudice
870 551 1016 595 summam
1046 533 1139 595 libelli
1162 525 1296 611 suitpoe
1325 532 1503 612 prodiderit,
1531 533 1573 595 nil
1595 551 1658 596 am·

308 623 386 704 plius
411 622 578 684 addendum
602 620 660 683 rati
685 640 787 682 sumus
811 622 848 683 de
871 621 925 695 iis,
958 641 1034 702 quae
1058 621 1160 683 insunt
1182 619 1251 682 huic
1274 623 1359 684 suavi
1385 623 1542 701 opusculo,
1571 637 1660 701 prae·

311 713 397 792 cipue
413 729 480 773 oum
505 710 619 784 endem,
646 728 722 790 quae
737 710 767 771 in
783 710 857 771 libro
873 710 910 771 de
925 708 1027 771 Stella
1041 711 1130 771 Nova
1144 710 1316 790 conscripto
1339 729 1399 772 uon
1414 710 1513 772 omitti
1527 717 1661 789 possunt,

309 801 357 863 hic
380 799 488 862 iisdem
517 798 579 860 lere
608 797 707 859 verbis
734 798 959 878 praemittenda
990 799 1127 860 inissent.
1174 799 1240 860 Hoo
1267 806 1400 874 tantum,
1434 798 1513 879 qnod
1544 797 1661 877 saepius

310 888 453 961 diximus,
484 905 653 957 monemus,
686 906 723 946 ea
751 887 832 959 losa,
860 886 889 948 in
919 886 1025 966 quibus
1054 886 1271 949 defendendam
1304 887 1440 966 suscepit
1454 886 1660 965 ,astrologiam

310 977 469 1055 Keplerus,
494 993 551 1036 nou
577 973 605 1035 in
629 974 716 1053 pejus
740 973 766 1035 ei
790 975 938 1036 tenenda
961 993 1038 1043 esse,
1063 974 1133 1054 quia
1156 983 1187 1036 et
1210 994 1315 1038 munus
1339 974 1475 1038 habebat
1496 995 1516 1036 a
1530 973 1661 1038 Caesare

310 1063 537 1137 demandatum,
569 1071 601 1124 et
622 1062 686 1141 ipse
714 1082 765 1134 ea,
798 1063 905 1142 quibus
939 1063 1121 1141 astrologiae
1156 1064 1255 1137 „tiliae
1289 1071 1415 1126 matrem
1447 1063 1661 1125 astronomiam

312 1150 442 1214 alentis“
467 1152 535 1232 plns
554 1149 639 1230 justo
663 1151 794 1212 tribuere
818 1151 950 1223 videtur,
973 1147 1142 1229 restringit,
1172 1171 1291 1231 semper
1314 1170 1492 1232 comparans
1516 1150 1661 1213 rationem

309 1241 497 1319 astrologiae
520 1258 587 1302 oum
612 1238 664 1300 illa
686 1239 862 1314 medicinae,
888 1257 977 1319 quam
1000 1240 1137 1301 Feselius
1159 1241 1351 1320 profiteatur,
1374 1241 1421 1302 oui
1445 1258 1535 1321 qnam
1559 1255 1661 1319 pamm

310 1337 396 1391 certa
418 1329 493 1389 fides
518 1335 646 1403 constet,
670 1345 725 1407 per
743 1327 817 1407 §oua
837 1334 870 1389 st
892 1328 974 1390 saria
995 1327 1115 1408 probat

398 1416 474 1496 Agit
498 1417 534 1478 de
558 1416 614 1477 hoc
638 1415 742 1477 libello
761 1415 799 1477 El
825 1414 1016 1477 Scheibelius
1039 1416 1068 1478 ln
1094 1413 1356 1489 ,Oeliouomiselre
1378 1415 1587 1478 Naehriclrten
1611 1415 1661 1476 der

306 1504 517 1568 Schlesiacliso
541 1503 764 1566 Patriolisolien
790 1502 1017 1566 Gesellschaft“
1043 1505 1106 1574 (an.
1136 1499 1249 1576 1776),
1274 1505 1411 1566 refutans
1435 1503 1582 1566 vaticinia
1599 1500 1661 1566 Ou-

307 1594 434 1655 lendarii
458 1641 466 1669 ,
492 1592 570 1673 quod
595 1599 702 1657 vocant
725 1593 870 1654 seculare.
917 1589 1106 1654 Scheibelins
1130 1592 1257 1653 laudans
1281 1592 1400 1672 quidem
1422 1592 1549 1672 Kepleri
1574 1592 1661 1671 iuge-

305 1683 397 1755 nium,
421 1700 486 1743 enm
510 1682 598 1762 longe
622 1682 684 1743 alia
704 1680 764 1761 ipsi
787 1681 828 1742 sit
851 1679 1003 1743 sententia
1025 1680 1113 1742 nimis
1135 1680 1245 1761 premit
1269 1700 1313 1753 ea,
1339 1700 1416 1761 qnae
1440 1681 1478 1742 de
1493 1675 1662 1759 astrologia

306 1770 458 1849 Kepleros
490 1770 519 1831 iu
552 1769 609 1831 hoe
640 1768 743 1831 libello
775 1769 930 1849 proponit,
963 1767 1084 1832 minime
1117 1769 1263 1831 rationem
1293 1768 1407 1832 habens
1431 1788 1550 1844 eornm,
1588 1787 1662 1849 qnae

307 1858 394 1920 modo
417 1858 548 1919 diximus
570 1858 607 1918 de
630 1856 684 1919 illa
706 1855 830 1936 Keplsri
851 1856 1033 1919 conditione.

395 1945 570 2007 Sohtireri
597 1946 821 2024 responsionem
845 1946 883 2007 nd
907 1945 1018 2007 Foselii
1043 1941 1184 2018 libellum,
1209 1943 1298 2005 ulmis
1321 1945 1460 2007 diffusam
1484 1942 1570 2017 (²20
1592 1957 1660 2025 pag.

306 2034 338 2095 iu
359 2029 423 2107 4.),
448 2035 477 2094 in
501 2053 561 2113 qua
583 2034 781 2114 astrologiam
805 2034 892 2096 auxie
919 2034 1067 2108 defendit,
1099 2041 1178 2094 anuo
1205 2027 1301 2094 1611.
1326 2033 1488 2112 prodiisse,
1508 2033 1663 2095 mosnists

305 2122 446 2184 suffloist
492 2123 559 2185 Hos
583 2131 701 2186 nutum
723 2121 871 2195 addimus,
896 2120 1077 2185 Sohtrsrnm
1100 2123 1129 2182 in
1153 2121 1238 2183 salos
1262 2120 1330 2183 libri
1344 2121 1390 2183 sni
1415 2131 1566 2184 mortuum
1585 2131 1660 2182 nnn·

306 2209 387 2273 oiare
410 2210 561 2277 Fsselinm
584 2227 686 2274 mansa
709 2209 883 2290 Septembri
909 2207 1004 2274 1610.
