3609 5634
764 353 769 364 '
821 349 1086 417 *mum

269 512 445 576 eccentrioie
476 517 666 592 permutatos
698 510 866 574 fabuletur:
898 509 1066 574 videbimus
1099 529 1137 572 ex
1165 509 1350 584 Αιὶιιιιιιιιι,
1382 509 1453 591 quid
1484 508 1560 572 certi
1591 507 1633 570 de

267 602 385 664 Eudoxi
414 599 568 663 sentemia
595 599 699 663 haberi
729 599 850 681 possit:
882 598 1045 680 praecipue
1078 619 1144 662 eum
1172 600 1251 662 huuc
1274 600 1373 662 locum
1397 597 1550 662 austeris
1578 603 1634 659 aut

266 691 438 772 neglectum
460 697 514 752 aut
527 689 606 751 mele
621 696 786 752 tractatum
805 689 1020 768 interpretibus
1044 707 1154 768 operae
1178 687 1309 768 pretium
1332 689 1474 750 videatur
1498 686 1631 767 diligen·

268 780 328 843 tiue
351 778 531 860 expendere.
578 775 655 841 Gom
678 786 778 841 autem
801 778 831 841 in
847 778 967 858 gemina
980 778 1138 840 constituti
1154 778 1249 840 simus
1264 777 1456 849 difficultate,
1480 795 1527 851 eo,
1551 776 1632 856 quod

267 876 300 931 et
322 867 519 942 Aristoteles,
553 885 652 930 rerum
682 867 964 930 mathematicamm
994 867 1161 952 imperitior
1192 873 1226 929 ιιι
1247 866 1352 928 multis
1372 866 1460 929 *locis
1491 872 1630 944 apparet,

267 956 385 1020 Eudoxi
408 963 538 1018 mentem
560 956 609 1017 vel
633 955 756 1018 sinistre
777 956 951 1037 perceperit
971 957 1020 1018 vel
1044 956 1201 1019 obscurius
1230 956 1425 1034 expresserit,
1458 962 1491 1016 et
1516 953 1632 1015 numeri

268 1045 427 1108 manifeste
451 1065 471 1107 a
492 1044 594 1106 verbis
618 1044 801 1108 dissideant:
826 1046 973 1108 faciamus
996 1045 1076 1125 quod
1097 1063 1267 1124 possumus,
1291 1044 1451 1107 verborum
1475 1042 1633 1104 involucra

192 1151 195 1160 ·
268 1134 451 1214 conjecturis
475 1133 666 1196 sublevemus
688 1152 935 1214 numerorumque
959 1153 1076 1197 errores
1100 1134 1286 1196 cumcurm
1300 1133 1402 1195 serbis
1425 1139 1632 1195 consentanea

267 1224 420 1286 tollamus.
466 1222 564 1302 Igitur
590 1241 657 1285 cunr
681 1223 732 1286 lib.
756 1222 828 1285 ΧΠ.
852 1223 989 1303 Metapb.
1013 1222 1195 1285 Aristoteles
1225 1223 1255 1284 in
1278 1221 1533 1302 contemplatione
1559 1238 1630 1281 rer·

269 1318 353 1373 cetur
384 1311 623 1375 substantiarum
655 1311 835 1392 simplicium
868 1318 901 1373 et
929 1311 1058 1374 materis
1089 1312 1268 1385 carentium,
1306 1329 1402 1392 eoque
1434 1309 1631 1372 sublimitatis

268 1400 414 1464 evehatur
438 1408 582 1462 accurata
604 1408 702 1462 motus
726 1408 759 1462 et
779 1400 894 1481 primae
918 1409 1050 1463 motuum
1074 1419 1185 1463 causae
1205 1399 1424 1479 disquisitione,
1453 1405 1486 1460 ut
1508 1399 1630 1460 invento

268 1508 307 1551 ex
329 1489 466 1569 simplici,
491 1488 633 1551 uniformi
656 1496 688 1551 et
711 1498 835 1552 aeterno
858 1498 951 1564 motu,
977 1508 1065 1571 quern
1083 1490 1212 1572 primurn
1227 1488 1362 1564 dicimus,
1387 1495 1503 1550 motare
1522 1487 1629 1567 primo,

268 1578 307 1639 ad
331 1577 599 1658 intelligentiarum
622 1579 820 1641 merodorum
842 1587 875 1641 et
896 1580 1011 1662 primae
1035 1578 1297 1641 subordinatarnm
1320 1596 1475 1639 numerum
1498 1576 1630 1638 investi-

240 1667 400 1747 *gaudum
423 1684 490 1745 cap.
515 1662 547 1728 8.
572 1665 718 1729 accedat:
741 1667 815 1730 illud
838 1668 999 1748 praecipue
1022 1685 1143 1746 urgens,
1163 1667 1290 1747 singulis
1308 1667 1469 1729 mobilibus
1492 1664 1630 1743 singulas

266 1773 411 1835 praeesse
434 1753 663 1835 intelligentias,
688 1774 743 1817 nee
765 1755 1015 1818 introducendum
1040 1756 1199 1837 quicquam
1216 1756 1413 1828 inmundum,
1437 1753 1518 1835 quod
1531 1753 1630 1816 officio

267 1851 373 1906 eareat
401 1843 569 1906 otiosumne
601 1843 650 1907 sit
705 1844 862 1907 Mobilium
898 1863 970 1906 vero
1003 1846 1180 1908 coelestium
1213 1863 1370 1924 corporum
1404 1861 1559 1905 numerum
1593 1861 1631 1904 ex

267 1940 409 2007 motuum,
434 1931 486 2012 qui
507 1931 648 1995 videntur
669 1932 700 1995 in
724 1933 818 2008 coelo,
843 1933 994 1996 varietata
1017 1934 1162 1998 instituit.
1208 1932 1254 1996 At
1268 1942 1368 1995 motus
1390 1934 1485 2014 ipsos,
1508 1932 1632 2012 quinam

268 2028 303 2084 et
324 2028 397 2101 quot
420 2020 692 2100 deprehendantur,
718 2022 836 2102 quaerit
859 2023 898 2086 ab
922 2022 1113 2086 astronomis.
1159 2022 1238 2085 Hinc
1256 2023 1322 2102 ejus
1335 2023 1444 2084 verba:
1469 2039 1528 2094 „ac
1550 2020 1629 2083 mul·

266 2116 316 2172 tos
346 2108 465 2190 quidem
494 2118 592 2172 motus
615 2130 684 2172 esse
711 2129 813 2174 eorum
845 2131 922 2193 qnae
951 2113 1100 2185 feruntur,
1135 2111 1172 2173 iis
1205 2111 1298 2173 etiam
1327 2110 1451 2172 evidens
1483 2118 1548 2183 est,
1580 2110 1631 2190 qui

268 2197 458 2261 mediocriter
485 2198 515 2260 in
547 2199 605 2262 hac
627 2219 660 2263 re
684 2200 799 2262 versati
823 2208 903 2263 sunt.
950 2201 1031 2263 Nanr
1060 2200 1195 2280 pluribus
1221 2199 1283 2261 unt
1310 2199 1491 2262 motionibus
1521 2197 1631 2276 singuli

268 2305 390 2349 errones
424 2288 567 2351 teruntur.
622 2286 709 2358 Quot
739 2296 841 2351 sutem
872 2289 949 2364 sint,
984 2308 1061 2352 nunc
1094 2289 1214 2370 quidem
1244 2308 1282 2350 ea
1313 2307 1391 2369 quae
1424 2286 1632 2350 mathematici

268 2376 401 2438 nonnulli
424 2375 558 2451 madunt,
583 2376 763 2458 cognitionis
785 2397 879 2441 eausa
902 2377 1048 2452 dicimus;
1081 2385 1116 2440 nt
1138 2378 1237 2440 animo
1259 2386 1374 2440 certum
1399 2377 1549 2457 quendam
1572 2395 1630 2437 uu·
1706 2367 1713 2379 ’

268 2483 382 2528 merum
404 2465 554 2544 possimus
576 2466 843 2546 comprehendere:
869 2467 1097 2547 ceterapartim
1112 2466 1200 2529 nobis
1222 2466 1402 2546 inquirenda
1415 2473 1495 2538 suut,
1518 2463 1631 2544 partim

267 2554 305 2629 ii,
338 2553 388 2635 qui
411 2554 487 2616 haec
509 2553 679 2634 inquirunt,
708 2555 928 2635 interrogandi,
960 2575 1030 2628 nuru
1054 2555 1125 2636 quid
1146 2563 1270 2636 praeter
1292 2574 1330 2616 ea
1352 2573 1429 2634 quae
1453 2554 1536 2624 dicta
1559 2551 1630 2625 sint,

267 2642 306 2704 iis
335 2642 477 2704 videatur
507 2642 557 2722 qui
588 2643 665 2705 baec
692 2651 843 2719 tractant3
877 2663 914 2705 ac
941 2653 1006 2706 tum
1034 2644 1152 2724 utrique
1176 2643 1297 2706 amandi
1325 2644 1370 2705 illi
1403 2643 1521 2723 quidem
1545 2649 1634 2704 eruut

269 2730 373 2810 eisque
397 2731 499 2810 gratis
520 2731 679 2807 babenda3
703 2734 758 2795 sed
781 2733 820 2795 iis
843 2733 962 2794 demum
984 2733 1126 2795 habenda
1147 2733 1233 2808 fides,
1257 2733 1307 2813 qui
1326 2732 1497 2794 accuratius
1511 2740 1545 2792 et
1558 2731 1630 2793 dili·

267 2818 388 2898 gentius
411 2819 647 2883 tradiderunt.“-
680 2820 746 2885 Hoc
769 2822 935 2902 proemium
961 2822 1066 2884 audiat
1088 2821 1243 2884 Osiander
1265 2828 1299 2883 et
1320 2822 1418 2885 Ursus
1448 2828 1482 2883 et
1504 2819 1629 2901 quicun-

270 2926 326 2989 que
355 2916 596 2972 astronomorum
624 2910 661 2973 de
688 2929 786 2973 rerum
815 2919 925 2973 ustura
952 2918 1116 2990 conceptus
1142 2912 1230 2990 parvi
1260 2911 1343 2973 facit
1390 2909 1533 2989 Sequitur
1564 2909 1632 2988 ipsa

267 3016 336 3060 res:
359 2997 526 3073 „Eudoxus
549 2997 632 3061 Solis
655 3007 687 3060 et
709 3001 814 3062 Lunae
837 3000 991 3080 utriusque
1014 3001 1159 3064 lationem
1182 3001 1211 3061 in
1235 2999 1332 3061 tribus
1354 2997 1488 3078 ponebat
1516 2999 1630 3077 ephra

269 3085 328 3156 ris,
359 3106 484 3166 quarum
513 3088 641 3166 primam
670 3107 739 3150 esse
768 3107 827 3151 non
855 3089 1021 3151 errantium
1044 3087 1235 3152 stellarum.“
1280 3088 1419 3150 Haecin
1444 3086 1630 3165 compendiis

269 3174 480 3236 astronomicis
503 3177 593 3256 vulgo
606 3176 790 3257 ,depingitur
813 3178 956 3259 amplecti
979 3185 1077 3240 totum
1099 3178 1226 3257 alicujus
1248 3178 1390 3256 planetae
1412 3183 1555 3258 systema,
1578 3175 1628 3236 id-

268 3281 325 3343 que
349 3262 424 3325 iaeit
446 3264 683 3338 concentricnm;
716 3273 853 3327 movetur
876 3286 966 3345 super
987 3267 1067 3345 polis
1094 3267 1270 3346 aequaturis
1293 3267 1421 3328 abortu
1439 3265 1469 3326 in
1489 3281 1631 3326 occasum

270 3356 303 3411 et
331 3351 496 3414 revolvitur
522 3371 583 3413 una
613 3372 680 3414 cum
709 3372 745 3415 eo
777 3355 859 3416 boris
882 3351 936 3418 uc.
988 3355 1141 3418 Interdum
1173 3355 1201 3417 ei
1231 3355 1312 3416 aliud
1339 3355 1462 3434 iusuper
1488 3353 1630 3427 officium,

269 3439 423 3501 deferendi
447 3440 551 3516 nodos,
576 3441 762 3514 attribuitur,
785 3443 863 3508 unde
886 3444 1059 3525 plemmqne
1083 3463 1190 3506 nemen
1213 3444 1321 3516 habet3
1350 3444 1404 3505 sed
1429 3443 1485 3504 hoc
1509 3461 1568 3504 uon
1592 3459 1630 3503 ex
1656 3497 1659 3502 .

269 3527 386 3590 Eudoxi
409 3537 518 3592 mente.
565 3529 758 3606 „Secundam
781 3539 881 3594 antem
905 3551 959 3612 per
982 3548 1057 3594 enm·
1071 3532 1215 3595 circulum
1238 3533 1324 3602 ferri,
1348 3532 1398 3612 qui
1420 3550 1475 3611 per
1497 3529 1628 3594 medinm

269 3616 386 3678 zodiaci
408 3617 489 3682 est.“
535 3619 675 3699 Apparet
696 3619 855 3683 Eudoxum
885 3620 962 3683 bunc
991 3622 1092 3684 orbem
1120 3621 1165 3682 sic
1193 3622 1379 3702 disposuisse
1408 3619 1439 3681 in
1462 3621 1564 3693 Luna,
1598 3627 1633 3681 ut

270 3706 335 3785 ejus
357 3706 419 3784 poli
442 3707 535 3786 priori
559 3708 623 3770 orbi
647 3709 843 3771 revolutionis
866 3710 990 3772 diurnae
1014 3711 1206 3784 insisterent,
1237 3710 1425 3772 declinantes
1447 3709 1587 3788 utrinque
1611 3727 1631 3772 a

268 3792 346 3872 polis
367 3793 451 3857 illius
473 3796 503 3858 in
527 3797 628 3859 coloro
651 3798 850 3861 solstitiomm
874 3799 975 3878 spatio
999 3799 1189 3879 obliquitatis
1214 3799 1383 3877 eclipticae.
1431 3798 1535 3860 Motus
1556 3814 1630 3857 vern

270 3882 334 3961 ejus
357 3890 407 3945 est
429 3884 485 3946 snb
507 3886 600 3965 priori
624 3888 663 3948 ab
687 3895 755 3949 ortu
777 3888 807 3948 iu
832 3907 973 3949 occasum
997 3907 1049 3949 seu
1075 3888 1104 3949 iu
1129 3888 1357 3960 antecedentia,
1381 3886 1554 3949 restituitur
1576 3904 1629 3947 se·

184 4007 189 4014 v
270 3970 330 4032 mel
358 3972 396 4033 ad
424 3972 505 4034 idem
532 3973 614 4036 illius
640 3976 726 4055 primi
758 3976 823 4038 sive
851 3977 890 4038 ud
914 3977 994 4038 idem
1020 3977 1137 4038 zodiaci
1169 3983 1314 4057 punctum
1343 3975 1429 4037 annis
1462 3972 1511 4038 19.
1563 3971 1632 4044 Quo

270 4061 369 4140 spatio
392 4060 566 4125 circumfert
588 4065 692 4126 nodos.
739 4062 846 4134 Qualis
861 4083 932 4127 vero
955 4073 1054 4128 motus
1078 4065 1167 4145 hujus
1191 4065 1294 4127 circuli
1318 4063 1360 4126 sit
1382 4064 1411 4124 in
1432 4062 1551 4126 theoria
1569 4061 1631 4125 So-

269 4148 318 4225 lis,
343 4149 440 4214 dicam
459 4152 524 4232 jam
546 4161 691 4232 quantum
713 4153 773 4216 dici
794 4161 898 4233 potest
921 4155 950 4216 in
970 4154 1071 4216 tertio.
1119 4154 1276 4228 „Tertiam
1291 4163 1392 4216 autem
1412 4171 1466 4233 per
1480 4152 1632 4232 obliquum

270 4237 411 4302 circulum
436 4242 474 4302 ed
498 4241 687 4304 latitudinem
711 4242 898 4323 signorum.“
944 4240 999 4326 Sic
1020 4242 1172 4322 intelligo,
1201 4242 1326 4305 tertium
1351 4242 1390 4303 ad
1414 4241 1577 4310 secuudum
1599 4240 1631 4302 in

179 4329 184 4336 '
270 4327 365 4389 latum
393 4328 535 4390 inflexum
564 4348 641 4393 esse.
688 4330 749 4394 Est
777 4348 850 4412 ergc
880 4330 944 4404 bic,
979 4330 1028 4411 qui
1050 4332 1168 4393 Lunam
1199 4330 1295 4410 ipsam
1320 4331 1427 4392 defert
1472 4329 1547 4409 Ejus
1570 4328 1632 4408 poli

270 4415 402 4477 secundo
424 4417 596 4497 infiguntur,
622 4420 820 4481 deflectentes
842 4420 982 4500 utrinque
1005 4419 1106 4499 spatio
1129 4419 1300 4482 latitudinis
1320 4419 1470 4481 maximae
1485 4417 1631 4482 Lucanis:

270 4510 408 4567 movetur
439 4506 468 4567 in
498 4505 712 4588 consequentia
741 4528 795 4571 seu
823 4508 862 4571 ab
890 4527 1000 4571 occasu
1028 4509 1180 4570 inertum
1203 4516 1240 4576 et
1269 4509 1440 4572 restituitur
1467 4506 1506 4568 ad
1534 4504 1632 4585 primi,
1715 4537 1723 4547 ·

270 4609 324 4653 seu
348 4593 388 4655 ad
415 4593 531 4657 zodiaci
563 4595 643 4658 idem
670 4605 812 4677 punctum
845 4597 946 4677 spatio
970 4598 1032 4659 lere
1055 4604 1218 4659 menstruo.
1264 4599 1313 4659 lta
1339 4597 1387 4669 fit,
1420 4595 1528 4674 utqui
1551 4594 1632 4656 orbis
1743 4621 1749 4626 ·

270 4687 393 4760 propter
415 4689 529 4745 motum
552 4684 746 4765 longitudinis
768 4685 898 4766 ponitur,
923 4685 950 4747 is
964 4685 1119 4748 latitudini
1141 4685 1265 4761 serviat,
1290 4685 1339 4766 qui
1355 4702 1427 4746 vero
1442 4683 1633 4746 latitudinem

271 4768 380 4831 stellae
400 4779 559 4851 praestare
583 4773 684 4849 debet,
708 4774 904 4853 longitudinis
927 4783 1042 4837 motum
1064 4775 1187 4837 efficiat.

361 4855 412 4921 Sit
433 4855 525 4940 ΑΒΕ
552 4861 684 4944 sphaera
709 4862 834 4929 lixarum
861 4870 895 4925 et
924 4863 954 4926 in
987 4883 1025 4926 ea
1055 4863 1120 4943 ipse
1151 4859 1243 4926 ADG
1273 4808 1392 4924 colurus
1423 4858 1633 4933 solstitiorum,
