3609 5634
258 289 325 358 424
820 283 1057 341 normannens-

350 449 551 515 Differentiae
575 468 646 530 ergo
671 449 702 512 in
725 448 897 511 universum
921 444 1098 529 quindecim
1142 444 1214 510 Jam
1231 442 1397 524 videamus,
1421 445 1544 529 minam
1567 443 1623 507 in-

261 550 309 605 ter
331 541 387 603 has
412 540 614 613 deiecisset
637 530 784 621 quaenam
807 538 870 599 siut
892 534 1113 601 naturaliter‘
1095 530 1268 600 ασισιιιιοι

265 626 274 661 l
801 626 932 689 Thesis
954 626 1074 689 XXIII.

352 717 484 779 Primum
509 715 622 779 nullum
646 735 802 778 excessum
831 716 879 777 vel
909 716 1060 778 delectum
1083 713 1252 777 solitarium
1278 714 1344 777 sius
1371 711 1624 792 compensatione

263 807 431 869 consistere
456 825 583 885 aequum
607 811 665 867 est.
711 805 759 867 Ex
781 804 926 867 solitariis
949 804 1052 885 itaque
1076 823 1143 878 sex,
1176 810 1303 884 quatuor
1329 803 1451 866 cadunt.
1496 800 1623 864 Medio·

162 926 166 939 ‹
265 896 360 958 critas
385 914 454 957 vero
478 894 589 956 caloris
614 893 870 966 (mediocritatem
892 894 1085 974 proportione
1108 892 1220 968 mundi,
1244 911 1302 954 non
1326 891 1497 973 quantitate
1520 888 1623 952 aesti-
1690 972 1695 979 Ι

263 985 427 1058 mabimus)
451 984 563 1045 collata
586 990 634 1045 est
657 983 686 1044 in
711 1001 821 1063 corpus
837 981 955 1058 Solare,
981 983 1030 1063 qui
1052 1000 1134 1043 mere
1156 981 1277 1061 propria
1290 982 1355 1043 luce
1370 980 1478 1044 utitur:
1502 978 1625 1042 medio-

263 1073 356 1136 critas
378 1073 571 1136 humectandi
593 1073 624 1136 in
648 1090 756 1153 cerpus
779 1072 911 1145 Lunare,
935 1091 1011 1152 quae
1026 1090 1108 1133 mere
1131 1071 1306 1134 mutuatitia
1325 1069 1410 1135 Solis
1432 1076 1466 1131 et
1487 1068 1625 1131 siderum

262 1164 329 1225 luce
352 1163 456 1225 utitur.

800 1248 934 1310 Thesis
956 1246 1076 1311 XXIV.
1168 1295 1174 1305 .

353 1339 471 1402 Deinde
494 1358 590 1420 neque
615 1356 758 1400 excessus
783 1337 927 1400 cumulari
956 1336 1139 1417 expediebat
1166 1336 1215 1398 vel
1243 1335 1389 1398 deiectus.
1437 1330 1518 1397 Sunt
1541 1332 1624 1395 enirn

269 1451 288 1491 a
311 1435 420 1491 natura
443 1429 532 1509 paulo
557 1427 732 1503 alieniores,
764 1446 820 1488 nec
843 1426 901 1488 nisi
924 1426 1143 1507 contemperati
1166 1443 1310 1487 excessus
1332 1442 1400 1487 cum
1423 1422 1544 1485 defectu
1567 1441 1625 1485 ro-

267 1518 424 1598 cipiuntur.
470 1519 577 1598 Itaque
601 1516 700 1578 nullus
723 1516 847 1597 planeta
870 1517 970 1578 iactus
994 1523 1051 1591 est,
1076 1514 1124 1595 qui
1148 1524 1305 1594 utrumque
1328 1513 1377 1575 vel
1392 1530 1550 1574 excessum
1572 1512 1626 1572 vel

267 1606 418 1669 delectum
442 1606 639 1685 suscepisset.
685 1605 820 1667 Restant
838 1623 909 1684 ergo
933 1604 1122 1667 differentiae
1146 1622 1183 1665 ex
1202 1600 1473 1669 combinatiodibns
1493 1607 1624 1681 septeni

265 1696 363 1759 Porro
386 1715 423 1756 ex
446 1694 494 1756 bis
516 1695 564 1756 bis
587 1693 676 1755 binae
700 1694 806 1755 eodem
828 1693 976 1755 recidunt.
1022 1692 1140 1754 Eadem
1162 1692 1241 1754 enim
1263 1688 1313 1753 est
1333 1690 1489 1774 proportio
1511 1708 1625 1753 excos-

267 1803 319 1846 sus
347 1784 456 1846 caloris
485 1784 524 1845 ad
554 1782 797 1845 mediocritatem
825 1782 971 1856 humoris,
1007 1800 1084 1862 quae
1113 1780 1334 1844 mediocritatis
1362 1778 1474 1842 caloris
1501 1779 1543 1840 ad
1565 1779 1624 1841 de·

268 1873 381 1935 lectum
413 1873 561 1935 humoris:
596 1871 700 1932 eadem
729 1868 866 1937 delectus
894 1869 1005 1932 caloris
1032 1871 1071 1931 ad
1104 1868 1344 1933 mediocritatem
1366 1865 1516 1944 humoris,
1545 1886 1624 1948 quse

230 2003 238 2013 ·
268 1961 487 2024 mediocritatis
512 1960 623 2022 caloris
648 1961 687 2021 ad
710 1979 868 2023 excessum
890 1958 1038 2035 humoris,
1073 1960 1152 2040 quod
1173 1959 1223 2021 vel
1254 1959 1284 2022 in
1312 1959 1410 2038 ligura
1436 1956 1536 2019 bueus
1564 1977 1626 2037 pa-

273 2050 372 2114 ralleli
388 2051 561 2112 ostendunt
608 2049 693 2111 ldem
708 2046 744 2111 dc
764 2049 880 2129 junctis
895 2047 1071 2110 excessibus
1085 2048 1235 2129 judicium,
1259 2048 1309 2110 vel
1328 2046 1507 2110 defectibus.
1546 2045 1629 2109 Sunt

270 2159 342 2219 ergo
365 2158 454 2201 verae
479 2137 668 2201 differentiae
692 2138 829 2219 quinque,
853 2148 917 2200 tres
932 2137 1095 2218 simplices,
1120 2137 1197 2200 duae
1211 2138 1277 2201 ut
1263 2156 1329 2217 Jsm
1351 2137 1452 2218 patuit
1474 2136 1627 2214 quodum·

270 2228 357 2290 modo
389 2227 536 2308 duplices,
570 2246 623 2288 seu
655 2227 755 2309 potius
788 2228 913 2290 duorum
945 2227 1113 2302 nominum,
1146 2246 1206 2289 una
1237 2158 1337 2289 trium.
1383 2226 1431 2288 Ac
1462 2243 1533 2287 curn
1561 2216 1627 2286 ‘sint

270 2319 300 2378 in
323 2317 433 2379 mundo
462 2317 590 2398 quinque
614 2316 707 2377 etiam
729 2316 883 2394 planetae,
917 2322 980 2378 tres
1004 2315 1175 2396 superiores
1197 2324 1230 2379 et
1257 2317 1315 2378 duo
1339 2313 1514 2387 interiores,
1547 2332 1626 2376 con-

270 2414 448 2468 sentaneum
472 2405 609 2486 equidem
633 2412 691 2479 est,
716 2404 765 2465 vel
786 2405 824 2465 ob
846 2405 925 2466 hanc
948 2406 1045 2468 solam
1068 2423 1191 2466 causam
1214 2403 1368 2485 (quamvis
1391 2411 1424 2465 et
1445 2402 1525 2465 aliae
1548 2420 1626 2482 sup·

269 2496 392 2574 petant)
416 2501 463 2556 tot
485 2514 607 2556 numero
632 2495 730 2555 laotos
755 2513 843 2555 esse:
873 2492 949 2555 adeo
973 2492 1046 2555 nibil
1070 2494 1171 2574 aptius
1202 2513 1271 2557 esse
1299 2493 1400 2575 potuit
1426 2493 1484 2555 buc
1506 2490 1625 2555 combi-

270 2584 423 2645 nationum
447 2584 526 2645 inter
548 2583 631 2664 ipsos
655 2582 881 2645 distributione:
906 2601 996 2662 quam
1019 2583 1077 2645 hac
1100 2583 1216 2646 tabella
1237 2583 1276 2646 ob
1300 2583 1403 2646 oculos
1424 2600 1513 2662 pono.

430 2759 584 2823 Excessus
690 2758 705 2820 I
750 2758 781 2820 V
826 2759 852 2822 P
896 2758 912 2821 1
956 2758 983 2820 Τ
1027 2756 1055 2820 Ε
1099 2758 1129 2821 Β
1244 2758 1399 2823 Excessus

613 2847 636 2910 S
664 2866 729 2910 mer
1102 2846 1126 2911 S
1170 2846 1195 2911 S

675 2935 705 2997 A
816 2955 854 2998 cu
952 2935 984 2997 V
1096 2936 1127 2999 Β

367 3046 401 3095 0
751 3024 778 3086 'l'
820 3024 851 3086 N
949 3023 976 3086 ri
1025 3024 1057 3088 A
1482 3039 1514 3100 m

369 3101 400 3195 ξ·
672 3112 731 3174 VE
820 3114 851 3173 V
944 3113 980 3175 M
1087 3132 1123 3175 us

279 3200 401 3263 Sol.ml
370 3164 391 3295 Ξ
432 3199 576 3279 Mediocr.
685 3200 700 3262 I
745 3200 776 3262 V
821 3201 847 3264 P
891 3203 907 3264 Ι
952 3201 979 3262 Τ
1022 3200 1050 3262 Ε
1095 3201 1126 3264 Β
1246 3200 1445 3267 Mediocritas
1481 3201 1624 3271 alnus

370 3265 401 3437 Ξ
658 3288 848 3440 ‘Vri
943 3289 1117 3443 lus
1482 3272 1574 3421 Ξ

680 3466 711 3529 Α
770 3538 772 3543 ,
809 3466 839 3530 Ν
943 3465 969 3529 ri
1088 3468 1119 3530 V
1205 3478 1210 3497 '

614 3555 649 3617 M
672 3554 730 3617 VE
1075 3576 1111 3619 us
1155 3555 1180 3620 S

435 3642 581 3705 Defectus
669 3645 685 3707 I
729 3644 760 3706 V
804 3643 831 3705 P
875 3645 891 3706 Ι
938 3645 965 3706 Τ
1009 3644 1037 3707 Ε
1081 3644 1112 3708 R
1248 3644 1397 3709 Defectus
1495 3696 1505 3703 .

814 3820 950 3883 Thesis
972 3820 1075 3884 XXV.

359 3904 407 3967 Ex
429 3906 477 3968 his
507 3907 654 3987 sequitur,
688 3908 828 3990 planetas
861 3909 990 3991 quinque
1014 3929 1072 3972 nou
1100 3914 1219 3974 tantum
1252 3911 1429 3974 mutuatitia
1452 3911 1535 3977 Solis
1558 3912 1624 3975 luce

271 3993 339 4064 frui,
366 3994 419 4055 sed
443 3995 535 4056 etiam
559 3997 596 4058 de
620 4016 673 4058 suo
699 3997 811 4077 aliquid
834 3998 963 4061 addere:
988 4001 1067 4079 quod
1091 4000 1210 4081 quidem
1233 4008 1265 4062 et
1288 4000 1368 4063 alias
1391 4002 1526 4065 rationes
1549 4020 1625 4063 sus·

273 4085 356 4146 dent.
401 4083 481 4145 Nam
506 4085 531 4146 si
555 4085 650 4148 multa
672 4086 751 4167 apud
774 4106 829 4149 nos
851 4087 979 4169 physica
1001 4108 1129 4168 corpora
1146 4090 1244 4151 lucem
1257 4089 1373 4153 babent
1390 4090 1528 4167 insitam,
1554 4090 1625 4170 qnid

273 4172 429 4253 prohibet,
454 4173 567 4235 habere
591 4176 731 4251 eandem,
741 4182 882 4257 praeter
907 4175 1023 4252 Solem,
1048 4187 1082 4240 ιι
1104 4179 1180 4241 alios
1202 4178 1311 4258 globos
1334 4179 1507 4245 coelestes?
1552 4180 1627 4241 Turn

272 4262 298 4322 si
323 4269 461 4323 carerent
482 4263 624 4343 planetae
648 4266 712 4327 luce
734 4265 873 4344 propria,
898 4226 1039 4329 videntrir
1062 4269 1153 4330 etiam
1176 4267 1298 4345 faciam,
1323 4276 1358 4331 ιι
1379 4268 1484 4343 Luna,
1508 4276 1625 4333 mutsrs

273 4350 392 4413 debere.
439 4351 576 4433 Denique
599 4353 741 4417 credibile
765 4362 823 4431 est,
849 4354 997 4435 fulgorem
1020 4364 1052 4418 et
1070 4356 1318 4421 scintillationem
1331 4365 1543 4439 argumentum
1556 4377 1626 4421 esse

272 4437 348 4500 lucis
371 4440 521 4523 propriae,
545 4442 777 4506 nebulositatem
801 4450 834 4505 et
855 4442 1010 4524 pigritiem
1033 4445 1161 4507 alienae.

362 4612 619 4679 Considerandum
643 4638 719 4681 nunc
743 4531 1199 4704 etiarbhlioscibsizxqiiidnam
1191 4621 1223 4684 id
1245 4621 1302 4695 sit,
1333 4623 1413 4705 quod
1435 4608 1627 4703 planetarum

271 4702 328 4763 bas
350 4702 431 4765 vires
460 4704 490 4766 in
514 4724 669 4767 excessum
698 4709 826 4771 medinm
854 4718 887 4771 ιι
919 4711 1069 4773 delectum
1099 4710 1284 4790 distinguere
1317 4712 1426 4793 possit
1471 4710 1627 4773 Mutuati-
1678 4784 1681 4791 Ι

273 4789 347 4852 tiam
370 4790 471 4875 itaque
494 4794 590 4858 lucem
613 4814 679 4857 cnm
704 4817 723 4858 s
744 4798 907 4860 reflexione
931 4799 1152 4871 deduxerimus
1161 4800 1387 4869 comidarandi
1405 4806 1478 4864 snut
1498 4818 1554 4882 pro
1569 4800 1629 4863 buo
