3609 5634
276 328 342 399 tm
698 330 1211 396 memmae-queam·

276 487 1640 630 mdaqmmemmmnwnmmumums-,m

354 669 523 720 Fabricius
542 666 733 730 (Resurbavlae
751 666 775 715 d.
798 666 820 714 l.
840 663 909 727 (ll.)
928 667 994 731 Aug.
1017 663 1107 728 1602).

353 739 564 805 ‚..chnosco
584 735 622 800 (lu
641 734 711 798 suia)
729 737 845 802 postridie
864 738 989 787 abiturum
1013 737 1072 788 hinc
1091 737 1124 788 ad
1143 737 1281 785 rosunum
1306 750 1337 786 es
1360 738 1449 787 nocuis
1475 735 1639 792 mundalia

280 824 358 878 quare
378 810 478 861 domum
496 824 607 874 propero,
639 817 665 859 et
684 806 815 859 σκελετον
832 809 923 859 saltem
940 805 1099 874 (paginarum
1125 808 1150 856 ln
1168 806 1225 857 ioiic
1245 807 1278 857 ad
1295 809 1420 873 margines
1444 806 1572 872 plenarum
1592 802 1640 868 lt)

281 881 314 935 ad
331 891 358 933 te
377 897 444 932 nuuc
462 881 611 931 mittendum
631 880 743 939 conficio,
763 880 843 930 donec
861 881 961 931 occasio
979 879 1012 930 ad
1029 879 1226 943 respondendum
1244 885 1369 943 sequatur.

349 953 447 1004 videm
466 952 616 1017 asnoiogiae
634 966 722 1015 parum
739 951 778 1001 vel
796 948 858 1001 nibil
876 953 993 1001 inbuere.
1031 952 1070 1000 Au
1089 951 1136 1001 hcc
1154 951 1236 1000 studio
1254 952 1350 1006 famu,
1377 954 1407 998 ut
1423 948 1456 999 D.
1475 948 1576 1012 i’ycbo,
1596 949 1638 1014 qui

276 1039 364 1090 pamm
382 1024 494 1075 inlibris
513 1024 574 1073 lacit
593 1023 764 1088 astrologiam,
791 1036 865 1088 qnam
883 1029 969 1073 tamen
988 1024 1070 1072 auimo
1090 1021 1202 1084 colebat,
1222 1036 1255 1072 au
1273 1036 1331 1072 vero
1349 1021 1427 1078 serio,
1451 1022 1545 1070 aurio.
1582 1019 1639 1085 Ego

277 1096 409 1147 multorum
427 1109 548 1145 annorum
566 1093 648 1144 studio
666 1102 693 1144 et
712 1095 923 1144 observationibus
941 1093 1034 1144 sedulis
1053 1095 1175 1156 comperi.
1204 1096 1324 1156 majorem
1341 1093 1367 1142 in
1385 1105 1418 1143 ea
1436 1106 1490 1142 ease
1509 1092 1637 1142 certitudi

276 1183 343 1227 uem,
362 1181 437 1233 quam
455 1166 494 1216 vel
512 1165 657 1215 millesimus
676 1167 778 1230 quisque
797 1165 943 1215 emsdmat'
969 1164 1136 1230 Praecipuum
1154 1179 1240 1213 meum
1263 1164 1309 1214 lucc
1329 1169 1368 1214 est
1385 1164 1508 1221 studium,
1532 1170 1561 1211 ut
1580 1176 1639 1213 eam

277 1238 410 1305 aliqnando
428 1237 548 1287 dlustrem
566 1236 676 1286 reddam.
714 1236 806 1286 Omnes
824 1235 964 1294 ventilabo,
987 1234 1143 1292 Chaldaeos,
1162 1235 1275 1291 Arabes,
1294 1234 1480 1292 Ptolemaeum,
1500 1236 1593 1286 amicos
1612 1241 1640 1284 et

276 1312 396 1367 inimicos,
415 1309 501 1359 Picum
520 1312 546 1358 et
565 1307 634 1357 siloa
671 1306 796 1371 Principis
813 1307 917 1372 physica
935 1313 962 1357 et
980 1306 1122 1373 theologica
1140 1307 1279 1363 ostendam,
1298 1311 1328 1355 ut
1345 1306 1451 1355 induam
1465 1311 1585 1355 umorum
1605 1305 1639 1354 ab

276 1383 345 1433 lutra
362 1388 389 1432 et
406 1380 438 1431 ab
456 1387 528 1430 extra
546 1377 687 1429 defendam.
724 1377 811 1439 Situ,
830 1381 864 1428 ml
882 1378 1007 1442 Keplere.
1028 1379 1107 1429 audes
1124 1380 1150 1428 iu
1169 1377 1325 1442 planetamm
1343 1376 1440 1442 palade
1458 1376 1594 1426 ascendere
1613 1382 1641 1426 et

279 1454 364 1504 omnia
381 1453 484 1501 istorum
501 1455 600 1500 secreta
617 1450 675 1502 loca
690 1449 827 1515 indagare.
854 1450 988 1514 explanare
1007 1456 1034 1500 et
1050 1449 1169 1513 prodere.
1198 1463 1242 1498 cur
1265 1464 1315 1498 uon
1333 1448 1393 1498 mibl
1419 1450 1544 1513 integrum
1561 1454 1638 1505 esset.

277 1538 328 1574 non
344 1529 444 1574 tautum
462 1523 488 1574 in
505 1521 645 1586 pensandis
662 1520 758 1571 illorum
776 1522 891 1586 irrepere,
910 1521 955 1571 sed
974 1521 1051 1571 etiam
1069 1520 1199 1571 thesauros
1217 1520 1313 1569 illorum
1332 1520 1450 1578 occultos,
1469 1519 1572 1570 bonerto
1591 1519 1637 1569 ali·

276 1609 325 1661 qno
343 1595 408 1646 lutto
424 1587 460 1643 'ad
477 1606 517 1644 me
536 1589 678 1643 adducere?

349 1701 356 1716 .
377 1701 383 1716 .
404 1700 410 1714 .
430 1665 531 1715 Librum
548 1663 766 1728 meteorologicum
784 1660 893 1713 nondum
913 1662 975 1722 ridi,
1004 1663 1063 1727 quia
1081 1660 1206 1726 exemplar
1224 1660 1352 1712 Jchannes
1371 1657 1517 1722 (iirlcksen)
1535 1676 1585 1711 uon
1604 1659 1638 1711 ad

276 1753 318 1789 me
335 1738 409 1788 misit
448 1735 521 1796 Quae
539 1733 570 1785 de
590 1735 731 1800 aspectibus
748 1733 798 1784 tuis
815 1735 885 1784 noris
904 1733 1017 1791 adducis,
1033 1739 1095 1799 puto
1113 1748 1163 1784 uon
1182 1735 1280 1783 omnino
1299 1746 1366 1784 rans
1383 1747 1446 1784 esse.

366 1825 553 1903 Keplerus
577 1824 622 1896 (d.
650 1822 678 1885 i.
704 1821 773 1886 Oct
802 1817 920 1897 teob:
953 1822 1185 1903 Aspectnum
1215 1822 1371 1901 negotium
1395 1821 1486 1885 velim
1510 1833 1542 1886 te
1565 1822 1636 1886 dili·

276 1921 384 1995 genter
405 1913 590 1994 perpendere
614 1921 646 1973 et
668 1930 734 1973 cum
757 1911 1019 1975 observationibus
1034 1911 1277 1990 meteorologicis
1292 1911 1440 1973 conferre.
1487 1912 1564 1975 alta
1585 1920 1637 1973 est

278 2001 448 2084 speculatio
472 2009 504 2063 et
527 2021 584 2063 nnn
609 2007 672 2062 tam
697 2000 828 2063 difficilis
853 2019 943 2081 qnam
967 2000 1029 2062 late
1052 2009 1173 2080 patens.
1220 1999 1286 2080 Ego
1307 2001 1467 2074 contendo,
1490 2020 1540 2063 res
1559 2019 1635 2081 geo·

247 2090 421 2154 'metricas
452 2079 632 2171 praebuisse
664 2090 794 2153 creatori
828 2090 983 2171 exemplar
1019 2091 1113 2152 totius
1141 2088 1243 2151 mnndi
1270 2088 1445 2152 exornandi.
1491 2089 1638 2171 Disputat

277 2178 464 2244 Aristoteles
491 2177 575 2260 ipse,
609 2178 699 2241 rebus
729 2179 924 2257 geometricis
957 2197 1026 2242 esse
1058 2199 1130 2242 suas
1162 2176 1313 2240 essentiae
1341 2186 1449 2241 contra
1471 2197 1506 2241 se
1532 2187 1636 2242 matum

277 2269 454 2342 distinctas,
477 2277 511 2331 ut
534 2286 561 2329 e.
585 2286 624 2350 g.-
641 2267 669 2329 in
693 2275 801 2330 nostra
821 2267 950 2331 materis
972 2275 1038 2330 toto
1062 2285 1172 2347 genere
1195 2267 1354 2341 differunt,
1385 2267 1417 2328 id
1440 2268 1520 2347 qnod
1549 2286 1635 2330 com·

276 2358 379 2439 parari
401 2357 441 2419 ad
464 2356 642 2419 diametrum
665 2365 770 2437 potest
792 2358 881 2420 modo
906 2374 1091 2439 quocunqne,
1125 2356 1164 2417 ab
1188 2374 1224 2417 eo
1248 2355 1336 2436 qnod,
1364 2356 1422 2417 etsi
1446 2365 1561 2419 certum
1585 2365 1637 2418 est

276 2455 309 2509 et
329 2445 484 2509 delinitam
506 2464 675 2508 mensnram
700 2445 802 2522 babet,
827 2444 898 2508 sciri
921 2455 1022 2507 tamen
1048 2464 1106 2506 non
1129 2451 1235 2525 potest
1261 2464 1317 2505 nec
1344 2446 1522 2524 comparari.
1567 2446 1635 2507 Hoc

277 2554 372 2615 prus
395 2534 611 2616 quantitatum,
634 2543 668 2596 ut
691 2535 772 2596 latus
786 2533 970 2615 septangnli,
995 2533 1167 2614 ncuanguli,
1192 2533 1402 2614 undecanguli,
1425 2533 1634 2616 tredecanguli

277 2625 317 2686 ad
339 2625 533 2700 diametmrn,
556 2624 647 2685 valde
672 2632 722 2685 est
743 2623 878 2686 mirabile
903 2624 1071 2685 dimensum
1095 2641 1179 2698 esse,
1203 2632 1235 2683 et
1257 2623 1424 2684 mensurari
1447 2641 1505 2685 non
1528 2642 1633 2704 posse.

278 2713 328 2776 Its
350 2713 393 2789 fir,
418 2722 453 2774 nt
467 2713 548 2775 nitra
571 2721 602 2775 et
616 2730 708 2793 snpra
722 2712 961 2776 intellectiobem
982 2711 1028 2774 sui
1052 2711 1143 2773 aliam
1161 2710 1255 2774 etium
1269 2711 1382 2774 babeat
1396 2710 1634 2774 subsistentiam
1689 2703 1700 2716 ’

364 2802 450 2864 Haec
472 2802 574 2881 itaque
594 2800 832 2882 magnitudinum
855 2809 964 2863 natura
987 2820 1046 2863 non
1069 2809 1119 2862 est
1141 2801 1373 2881 proportionata
1386 2801 1454 2882 cspi
1478 2801 1517 2862 ab
1540 2801 1635 2864 intei-

279 2893 360 2954 lectn
383 2898 497 2967 nostro,
522 2890 572 2971 qui
594 2889 664 2951 idea
687 2899 736 2952 est
759 2890 856 2953 omnis
880 2889 1027 2971 spiritalis
1050 2890 1079 2951 in
1104 2890 1214 2951 mundo
1238 2899 1365 2952 naturae
1373 2908 1383 2964 ς
1418 2898 1450 2951 et
1473 2891 1560 2952 simui
1584 2891 1633 2953 vi-
1678 2901 1682 2905 '

159 2995 162 3000 ’
278 2980 398 3056 demus,
433 2979 512 3059 quod
535 2997 594 3041 uon
617 2978 659 3041 sit
679 2979 853 3042 introducta
883 2980 923 3041 ad
946 2979 1111 3042 movendas
1135 2979 1164 3040 in
1188 2980 1297 3042 mundo
1325 2987 1450 3042 naturas
1474 2979 1634 3053 animales,

278 3067 471 3151 quianullus
495 3075 638 3147 aspectus
670 3068 886 3148 aseptenaris
909 3068 1044 3140 ratione,
1077 3087 1132 3130 nec
1163 3089 1183 3130 a
1205 3067 1315 3130 ceteris
1343 3068 1493 3131 similibus
1520 3070 1632 3132 oritur:

279 3154 530 3239 quemadmodum
553 3155 646 3217 etism
669 3157 782 3219 nulium
806 3175 915 3238 corpus
938 3156 1092 3237 regulare,
1118 3156 1167 3217 vel
1182 3158 1280 3236 quasi,
1305 3178 1325 3218 a
1338 3158 1430 3237 plano
1453 3158 1635 3240 septangnlc

278 3244 442 3307 conficitur.
489 3242 525 3305 Si
539 3242 706 3305 cabalistas
730 3246 935 3325 septenarium
949 3246 1138 3327 perrexerint
1161 3246 1294 3321 laudare,
1320 3247 1419 3309 dicam
1442 3265 1510 3308 esse
1526 3266 1633 3310 nume-

277 3353 343 3397 rum
366 3332 485 3414 quietis.
532 3331 613 3394 Nem
636 3351 729 3414 usque
754 3333 794 3395 ad
817 3334 968 3397 senarium
991 3335 1153 3415 gignuntur
1176 3344 1328 3416 aspectus,
1353 3336 1452 3417 prima
1465 3335 1544 3399 ratio
1558 3356 1635 3418 sep·

277 3421 396 3486 tenacia
418 3422 502 3484 sistit
523 3421 602 3484 banc
621 3422 882 3504 propagationem.
930 3423 982 3487 Sic
1005 3442 1066 3487 non
1083 3423 1118 3498 7,
1142 3424 1196 3488 sed
1221 3421 1321 3488 bdies
1336 3425 1481 3488 creationi
1494 3425 1636 3490 tribuun-

279 3522 337 3588 tur,
362 3509 510 3591 septimus
533 3509 629 3592 quieti
652 3520 848 3575 consecratus
871 3521 932 3575 est.

366 3598 428 3661 Sed
452 3600 491 3661 ab
514 3599 726 3664 Aristotele
758 3602 945 3684 inceperam,
979 3602 1048 3665 illuc
1071 3601 1172 3664 redeo.
1220 3602 1371 3682 Agnoscit
1390 3603 1452 3664 ille
1482 3603 1633 3683 quandam

277 3689 441 3751 essentiam
470 3708 569 3751 rerum
599 3691 898 3766 mathematicorum
936 3691 1051 3754 fuciunt
1080 3691 1110 3752 id
1143 3691 1272 3754 maxime
1305 3690 1397 3753 etiam
1429 3690 1632 3754 Platonici.

277 3777 403 3840 Dicunt:
438 3779 626 3842 abstractam
649 3799 732 3856 esse,
764 3800 821 3861 qno
846 3780 966 3844 nomine
989 3780 1028 3841 ad
1052 3779 1154 3842 divina
1182 3790 1216 3841 et
1239 3781 1445 3844 immateriata
1474 3781 1632 3855 accedant,

167 3893 171 3900 ·
278 3865 442 3928 divisibilia
464 3875 566 3929 tamen
591 3876 622 3929 et
636 3869 823 3948 multiplicia,
848 3889 908 3951 qua
930 3870 1046 3931 ratione
1071 3868 1265 3931 sensibilibus
1285 3871 1541 3950 appropinquent3
1565 3887 1636 3931 esse

178 3999 180 4002 -
277 3972 349 4035 ergo
371 3955 470 4016 medio
493 3956 570 4017 loco.
617 3955 659 4017 Et
675 3964 794 4032 tamen,
819 3978 884 4020 cum
909 3977 959 4020 res
982 3956 1099 4019 divinae
1124 3958 1294 4020 subsistant
1313 3958 1404 4021 etiarn
1424 3959 1556 4034 realiter,
1582 3977 1632 4021 res

279 4043 409 4108 sensiles
440 4043 559 4121 itidem,
582 4045 798 4109 mathematica
826 4057 940 4127 negant
967 4045 1143 4107 subsistere.
1189 4047 1256 4128 Ego
1280 4066 1449 4128 repugnare
1473 4066 1532 4110 non
1556 4066 1631 4128 pos-

276 4151 353 4195 sum.
399 4131 495 4208 Miror
517 4141 618 4196 tamen
647 4153 706 4195 non
730 4136 831 4198 omnia
849 4135 878 4197 in
903 4144 1003 4197 mente
1027 4134 1156 4197 hominis
1175 4136 1308 4198 relucere
1331 4156 1432 4217 posse,
1464 4156 1554 4219 qnam
1577 4155 1631 4198 so·

276 4224 337 4284 iam
360 4240 464 4284 omnes
488 4223 676 4302 quantitates
705 4232 829 4306 propter
852 4224 1031 4287 intinitatem
1061 4224 1149 4301 plene
1172 4242 1355 4305 cognoscere
1384 4246 1443 4288 non
1466 4244 1557 4308 posse
1581 4225 1630 4286 la·

276 4317 387 4385 tenter,
412 4311 466 4373 sed
489 4330 556 4373 esse
579 4321 741 4393 praeterea
763 4321 796 4376 et
818 4314 889 4390 alia,
914 4313 958 4377 nti
982 4314 1192 4394 septangulnm
1216 4334 1301 4377 suam
1321 4314 1437 4378 invenit-
1459 4335 1498 4380 ex
1520 4314 1630 4377 circulo

275 4407 308 4462 et
330 4398 360 4462 in
384 4419 420 4461 eo
445 4400 676 4464 determinatam
700 4402 931 4483 longitudinem,
962 4402 991 4464 in
1015 4410 1115 4464 mente
1138 4403 1267 4465 hominis
1295 4424 1355 4467 non
1379 4405 1494 4470 invenit
1501 4424 1511 4481 3
1541 4404 1631 4484 plane

245 4511 249 4520 ⁸
275 4497 310 4552 ut
330 4487 397 4568 ipse
421 4489 550 4552 cuculus
573 4489 613 4552 ad
636 4490 816 4555 diametrum
839 4492 911 4566 (sed
934 4491 1003 4554 aliis
1027 4490 1065 4552 de
1089 4492 1190 4553 causis
1214 4511 1302 4573 qnam
1325 4495 1552 4574 septangnlnm)
1571 4493 1628 4555 ha-

276 4576 329 4638 bet
346 4576 464 4657 justam
486 4577 722 4659 proportionem,
746 4601 802 4644 nec
824 4590 927 4644 tamen
952 4580 991 4642 ad
1014 4580 1079 4660 ejus
1095 4580 1305 4662 cognitionem,
1329 4589 1454 4662 propter
1471 4582 1632 4645 infinitatis

227 4679 253 4761 ἰ
275 4665 434 4742 rationem,
458 4667 609 4747 perveniri
631 4677 750 4748 potest;
788 4679 821 4733 et
844 4690 915 4733 vere
939 4688 997 4732 non
1020 4677 1140 4751 potest,
1165 4671 1423 4754 demonstrarique
1445 4680 1551 4753 potest
1572 4690 1631 4734 non

273 4772 375 4838 posse.
422 4755 471 4820 ita
492 4756 698 4822 necessarium
722 4767 787 4837 est,
821 4769 853 4824 et
876 4762 914 4823 de
938 4757 1074 4824 essentia
1095 4758 1199 4822 circuli
1222 4759 1267 4823 sic
1290 4780 1374 4838 esse,
1406 4769 1441 4824 nt
1463 4761 1630 4843 ignoretur.
