3609 5634
732 361 820 408 conus
836 353 935 406 um
1447 347 1514 417 265

128 511 284 594 pinqnae
315 530 388 577 vero
418 514 657 591 numerationes,
692 513 821 578 artificio
850 510 1139 577 demonstrationum
1163 510 1344 610 destitutam
1378 511 1457 615 quod
1476 531 1514 574 ex

127 601 187 664 illa
214 601 320 684 longa
341 604 509 667 Ptolemaei
532 604 728 667 excusatione
752 604 803 667 lib.
828 603 884 667 IX.
909 603 994 665 initio
1020 600 1110 664 iacile
1133 601 1235 682 colligi
1258 608 1376 704 potest:
1408 601 1513 704 dispo-⁴
1601 670 1605 677 ,

125 699 238 754 tatum
265 693 363 756 etlam
384 693 469 756 varie
493 694 558 765 fuit,
583 712 711 774 quonam
733 702 824 774 pacto
847 700 990 773 punctum
1015 697 1130 753 certum
1153 697 1337 794 geometrice
1358 691 1513 795 designari

127 789 244 863 queat,
274 781 307 844 in
332 802 390 863 quo
412 783 538 864 planeta
560 790 643 847 stare
666 783 821 846 videatur:
854 801 922 844 eum
955 782 1031 843 baec
1059 798 1108 843 res
1139 798 1196 841 non
1220 779 1397 883 ²l'i⁰¹.⁰.¹⁸¹
1420 797 1514 883 prope

124 888 245 933 verum
282 872 426 935 constitui
454 879 486 934 et
508 872 691 936 numerando
720 870 823 952 colligi
855 889 947 952 posse
970 869 1149 972 videretur..
1179 868 1293 931 Extrtrt
1319 876 1417 970 agutur·
1433 875 1514 932 mter
1591 962 1594 966 ἱ

125 966 266 1023 ceteros
292 970 325 1023 et
346 961 539 1042 Pergaeus
562 969 770 1044 geometra,
794 960 952 1042 problema
974 965 1168 1038 geometricus
1193 957 1435 1060 accommodavit
1458 957 1514 1058 de·

126 1050 429 1128 monstrationibus,
453 1070 548 1134 eaque
572 1051 630 1114 sibi
653 1050 776 1127 sumsit,
801 1049 908 1131 quibus
933 1045 1087 1110 concessis
1111 1047 1253 1126 expedire
1277 1046 1514 1150 demonstratio-

126 1157 205 1201 nem
242 1147 407 1222 speraret:
441 1161 517 1222 quae
553 1141 673 1222 quidem
703 1138 924 1203 demonstratio
957 1135 1126 1199 admirabili
1139 1224 1145 1237 .
1158 1134 1297 1215 prolecta
1327 1153 1448 1240 mgenro
1481 1141 1515 1195 et

127 1228 321 1293 inventione
344 1231 554 1306 solertissima,
578 1234 669 1312 plane
692 1231 828 1295 conica
849 1229 916 1308 ejus
941 1225 1057 1288 autoris
1074 1231 1172 1327 sapit.
1219 1224 1322 1288 Deeo
1345 1244 1391 1288 aro
1404 1223 1513 1286 Ptole·

104 1336 249 1393 ,maens
276 1320 413 1401 (Almag.
435 1320 513 1397 XII,
546 1321 611 1394 l.):
645 1320 811 1402 Supposita
837 1337 897 1380 una
927 1315 1040 1377 saltem
1072 1314 1294 1394 inaequalitate
1326 1321 1442 1388 motus,
1475 1330 1514 1372 οι

129 1426 272 1490 nempe,
297 1428 373 1491 quae
396 1408 436 1471 ad
459 1409 561 1473 Solem
584 1412 762 1489 restituitur,

127 1497 299 1575 geminam
314 1498 482 1562 instituisse
498 1501 624 1564 formam
638 1502 761 1583 proble-

129 1586 243 1650 matis.
288 1588 391 1652 Primo
414 1589 440 1651 si
457 1589 535 1652 hanc
558 1591 761 1671 inaequalita-

129 1686 201 1742 tem
228 1683 300 1762 quis
323 1682 353 1744 in
377 1683 511 1765 epicyolo
535 1693 654 1751 statuat
675 1689 759 1752 aeci·

132 1768 228 1845 dere,
265 1771 312 1834 ita
341 1779 375 1834 ut
406 1773 532 1855 epioycli
563 1785 698 1841 centmm
729 1778 759 1841 in

132 1863 336 1926 concentrico
365 1873 523 1928 moveatur
548 1867 578 1932 in
609 1869 774 1952 signomm

133 1952 371 2033 consequentia,
395 1952 486 2017 stella
507 1955 538 2019 in
557 1958 690 2041 epieyclo
714 1958 759 2023 si-

133 2040 259 2104 militer
289 2043 320 2105 in
353 2043 568 2124 consequentia
604 2069 641 2113 ex
671 2059 759 2132 parte

134 2131 313 2210 superiori:
347 2133 453 2215 quibus
488 2138 614 2217 positis,
648 2159 691 2203 sc.
728 2140 761 2204 Α

134 2219 257 2295 Terra,
299 2228 331 2284 et
369 2222 479 2285 circum
524 2246 590 2291 eam
628 2248 759 2293 concen-

117 2308 219 2384 ¹trioo
246 2308 314 2385 ΟΕ,
341 2310 431 2392 inque
455 2333 490 2377 eo
515 2317 649 2399 epieyclo
673 2317 761 2382 Gffl

137 2396 267 2463 circaC
287 2407 432 2476 centrum,
457 2409 489 2466 et
503 2402 575 2469 Sole
589 2426 708 2487 semper
729 2408 760 2471 in

136 2486 227 2548 linea
239 2489 296 2552 ΡΑ
310 2499 462 2566 versante,
486 2493 568 2558 ducit
580 2497 762 2577 Apollonius

137 2575 256 2638 lineam
271 2577 391 2642 AHEG
408 2582 511 2657 talem,
535 2592 569 2647 ut
590 2585 648 2650 ΕΗ
671 2586 760 2649 dimi-

139 2665 227 2728 dium
258 2667 404 2746 portionis
435 2670 517 2735 intra
548 2674 690 2739 circulum
721 2677 761 2739 ad

140 2753 220 2829 ΑΗ,
254 2757 404 2820 residuum
435 2760 474 2823 ab
502 2764 588 2825 oculo
610 2765 640 2827 A
669 2765 709 2828 ad
731 2765 762 2829 H

142 2863 312 2908 convexam
339 2848 465 2933 epicyeli
497 2858 643 2940 partem„
661 2853 702 2917 sit
730 2853 761 2916 in

142 2952 183 2995 ea
206 2937 407 3015 proportione,
431 2938 460 3001 iu
484 2958 544 3020 qua
566 2951 615 3004 est
637 2943 762 3024 epinyeli

143 3023 294 3086 velocitas
322 3023 407 3090 exG
435 3027 464 3089 in
488 3027 515 3091 E
544 3030 583 3092 ad
610 3031 760 3096 velocita-

142 3118 208 3174 tem
241 3115 349 3177 stellae
382 3135 419 3178 ex
442 3117 468 3179 F
491 3118 521 3180 in
551 3116 601 3181 G:
635 3120 761 3184 demon-

143 3207 298 3282 stratque,
322 3203 348 3266 si
370 3207 495 3285 planeta
516 3207 546 3269 iu
570 3208 599 3271 id
623 3219 766 3291 puuctum
790 3214 819 3276 Η
843 3214 976 3293 incidat,
1007 3222 1090 3278 stare
1116 3215 1214 3280 visum
1237 3213 1284 3279 iri.
1331 3214 1386 3279 Sin
1410 3224 1511 3281 autem

144 3289 212 3371 quis
237 3291 322 3354 malit
343 3292 422 3356 hanc
446 3294 704 3377 inaequalitatem,
727 3323 804 3384 quae
827 3311 1005 3386 respectum
1018 3304 1112 3369 habet
1135 3305 1175 3368 ad
1189 3303 1304 3380 Solem,
1327 3323 1382 3386 per
1404 3325 1513 3370 eccen-

144 3378 254 3442 tricnm
270 3382 491 3461 administrare,
510 3387 671 3451 valituram
685 3391 763 3456 banc
1111 3410 1158 3460 nr·
1173 3411 1194 3451 ⁸·
1290 3465 1293 3472 ,

143 3470 292 3533 rationem
316 3472 434 3535 nonnisi
456 3474 486 3536 in
511 3472 758 3558 3superioribus,

143 3558 195 3638 qui
209 3560 287 3622 omui
303 3569 476 3641 aspectuum
496 3562 593 3628 forma
606 3587 672 3632 cum
687 3567 760 3633 Sole

144 3649 379 3729 configurantur,
408 3658 440 3714 et
463 3660 600 3733 oportere
624 3665 760 3723 centrum

144 3735 234 3816 hujus
258 3739 416 3802 eceentrici
444 3741 525 3805 circa
548 3752 682 3809 centrum
705 3768 759 3812 zo·

145 3824 223 3888 diaci
247 3828 414 3909 aequaliter
427 3827 492 3893 Soli
507 3834 620 3896 moveri
638 3835 668 3903 in
686 3855 760 3900 cou-

144 3916 316 3995 sequentia‚
350 3919 471 3982 stellam
500 3922 624 3985 veroin
649 3945 759 3989 eccen-

144 4004 230 4080 trico,
255 4006 335 4069 circa
358 4015 493 4072 centrum
515 4010 609 4092 ipsius
624 4014 654 4076 in
668 4033 760 4095 prae·

144 4093 295 4171 cedentia,
319 4096 545 4179 inaequalitatis
568 4100 651 4165 iius
665 4104 759 4168 motui

145 4184 321 4263 aequaliter.
369 4184 486 4258 Quibus
509 4190 619 4255 itemm
641 4194 758 4272 positis,

144 4290 186 4335 so.
210 4274 236 4334 F
257 4275 366 4350 Terra,
390 4277 437 4349 N,
463 4275 491 4339 E
523 4287 626 4343 centm
649 4302 758 4346 eccen-

143 4360 225 4436 tn'oi‚
258 4366 339 4426 circa
366 4366 393 4427 F
424 4385 522 4429 annuo
554 4377 636 4432 motu
669 4372 757 4435 voln-

120 4448 197 4513 'bili
218 4451 269 4514 via
290 4451 392 4530 NEQ,
426 4454 455 4518 A
479 4475 549 4519 vero
575 4459 701 4539 planeta
728 4461 757 4524 in

144 4542 310 4604 ecceutrico
327 4561 433 4606 versus
447 4543 530 4608 Bor
543 4555 657 4612 motum
671 4569 757 4613 corn-

144 4631 318 4693 mutationis
333 4630 516 4714 (Gopemico
537 4636 663 4710 dictum)
686 4657 757 4719 per·
804 4664 828 4716 Α

143 4717 276 4795 ficiente;
307 4721 388 4785 ducit
415 4743 532 4787 rursum
557 4745 613 4807 per
632 4729 658 4789 F
680 4729 758 4790 Ter-

143 4824 207 4869 ram
230 4808 340 4872 lineam
355 4810 458 4883 talem,
482 4821 517 4877 ut
538 4816 688 4880 medietas
703 4815 759 4881 OT

142 4895 239 4962 lineae
253 4896 307 4962 ΒΤ
320 4898 429 4964 ductas
452 4904 676 4990 proportionem
690 4926 758 4976 eam
