3609 5634
267 339 333 406 272
416 410 419 418 ,
812 338 937 406 ΑΜ*
953 337 1077 403 metum

268 517 396 580 superne
417 497 653 578 praedictarum,
677 497 800 561 ntideo
823 515 883 561 non
905 504 1034 578 possunt
1056 496 1165 560 abesse
1188 495 1326 577 amplius,
1355 494 1495 577 quoniam
1517 511 1630 558 curva-

269 598 340 652 tura
362 587 501 651 absidum
532 587 709 650 nonhabet
736 587 776 650 ibi
804 586 1022 667 longitudinem
1045 586 1226 667 majorem.“
1272 583 1441 648 Obscumm
1471 603 1539 646 esse
1562 583 1631 646 Pli-

269 679 351 741 ninm
373 678 404 739 in
427 677 474 739 his
496 676 599 739 verbis
621 694 725 738 omnes
747 677 896 751 latentur,
926 674 1121 751 Gollimitius,
1152 695 1190 738 ex
1212 675 1269 737 hoc
1293 674 1451 755 Zieglems
1478 675 1632 753 interpre-

233 779 239 787 '
269 767 416 830 tationem
437 784 529 827 unum
552 765 681 834 afferunt
703 773 736 827 et
759 765 847 827 simul
861 765 1001 846 rejiciunt
1023 773 1057 827 nt
1069 764 1306 846 impossibilem:
1330 762 1487 843 Zieglerus
1502 763 1630 825 alteram

267 855 442 937 superaddit
464 853 648 936 Mycillcque
671 854 857 935 suppeditat,
882 873 972 935 quam
994 861 1088 934 negat
1110 855 1175 933 ipse
1199 872 1266 915 esse
1290 851 1496 915 Pliniancrum
1518 851 1629 914 verbo·

266 965 331 1008 rum
355 943 527 1024 genuinam.
576 941 640 1006 Sed
664 941 850 1024 Copernicue
878 944 1075 1006 communiter
1097 943 1171 1004 mihi
1194 950 1226 1003 et
1248 943 1328 1004 Urso
1351 949 1491 1022 receptus
1518 941 1549 1002 in
1573 940 1630 1000 hoc

266 1034 387 1113 negotio
410 1032 510 1108 testis,
534 1031 561 1094 is
586 1049 668 1112 erge,
692 1032 869 1115 posthabito
892 1051 960 1112 cap.
976 1032 1079 1107 vnn,
1105 1032 1265 1094 emendato
1285 1049 1356 1092 vero
1372 1037 1526 1102 contextu,
1550 1028 1630 1109 qnod

266 1123 371 1186 crebro
395 1122 425 1184 in
449 1122 505 1183 hoc
528 1129 652 1183 auctore
676 1121 880 1183 necessarium
903 1122 1043 1190 occurrit,
1068 1121 1162 1183 efficit
1184 1129 1218 1183 nt
1236 1120 1300 1199 jam
1319 1120 1350 1182 in
1369 1118 1468 1182 Plinio
1483 1117 1629 1199 Capellae

267 1230 372 1274 vocem
394 1209 549 1273 exaudias.
596 1208 649 1272 Sic
672 1229 778 1290 nempe
802 1209 925 1290 scripsit
948 1229 985 1271 ex
1008 1217 1108 1272 mente
1133 1208 1295 1290 Copemici
1317 1208 1450 1273 Plinius:
1480 1221 1629 1283 „conuer-

266 1322 320 1364 sas
343 1298 457 1363 habent
478 1308 622 1379 utraeque
646 1299 770 1362 absidas
796 1307 832 1361 nt
854 1298 966 1363 circum
990 1297 1092 1362 Solem
1115 1300 1208 1373 sitae;
1236 1305 1413 1378 tantumque
1444 1297 1480 1358 de
1509 1295 1629 1360 circulis

267 1408 370 1453 earum
393 1388 497 1451 subter
520 1396 569 1450 est
592 1396 735 1470 quantum
754 1388 915 1469 superne.“
960 1388 1004 1452 Ut
1026 1406 1086 1449 vox
1109 1388 1233 1463 „infra“
1254 1388 1295 1450 sit
1309 1385 1490 1461 adulterina,
1515 1397 1628 1466 „prae-

265 1477 439 1542 dictamnu“
462 1496 534 1539 vero
558 1477 745 1557 surreptitia.
792 1477 891 1539 Movit
906 1475 1112 1557 Cepernicom,
1137 1484 1172 1538 ut
1195 1478 1252 1538 hoe
1265 1475 1396 1541 Plinium
1420 1475 1535 1538 dixisse
1558 1493 1628 1536 cre·

267 1570 367 1641 deret,
399 1567 473 1629 illud
496 1566 695 1649 potissimum,
722 1568 801 1647 quod
823 1575 856 1628 et
879 1566 1038 1629 Vitruvius
1062 1573 1133 1628 ante
1156 1565 1295 1633 Plinium,
1321 1574 1354 1626 et
1377 1564 1515 1644 Capella,
1538 1562 1630 1625 Plinii

266 1657 507 1736 metaphrastes,
537 1655 642 1717 eadem
667 1656 704 1718 de
727 1655 860 1736 planetis
884 1655 1046 1736 dogmata,
1071 1656 1199 1717 easdem
1222 1654 1407 1730 sententias,
1432 1654 1553 1715 eosdem
1576 1670 1628 1713 er-

265 1765 364 1820 rores,
398 1745 504 1807 eadem
533 1763 625 1825 saepe
648 1745 742 1806 verba
764 1764 832 1807 cnm
853 1744 1069 1825 praecedentia
1098 1751 1160 1806 tum
1185 1743 1343 1824 sequentia
1365 1742 1429 1805 nui
1449 1761 1515 1804 cunr
1527 1741 1628 1804 Plinio

267 1842 420 1914 usurpent,
444 1833 631 1914 posteriora
653 1834 752 1913 priore
775 1841 939 1896 mutuatus.
986 1834 1021 1895 lu
1044 1833 1101 1896 hcc
1122 1833 1196 1907 loce,
1223 1832 1272 1894 nbi
1291 1833 1329 1895 de
1344 1832 1474 1894 Veneris
1494 1839 1527 1895 et
1541 1832 1628 1894 Mer-

267 1922 341 1986 curii
364 1941 430 1985 cum
454 1921 524 1984 Sole
548 1923 770 2003 conspiratione
793 1922 907 2002 agitur,
937 1922 981 1985 illi
1005 1922 1124 2002 quidem
1148 1922 1225 1984 bunc
1248 1940 1383 1996 sensum,
1420 1941 1508 2024 quern
1530 1920 1630 1983 Plinio

179 2009 184 2016 ’
267 2011 452 2092 Copernicns
474 2011 621 2087 restituit,
646 2011 826 2091 exprimunt.
875 2008 952 2073 Cum
980 2011 1058 2074 enim
1080 2011 1180 2073 Plinio
1194 1998 1300 2075 inerit
1322 2011 1401 2072 alter
1425 2009 1572 2089 magister
1598 2017 1629 2069 et

267 2101 637 2205 praemonstratensium
660 2100 833 2180 discipulus,
858 2106 983 2183 uterque
1006 2118 1061 2180 pro
1081 2100 1244 2180 interprete
1259 2099 1453 2162 obscuritatis
1467 2099 1628 2161 Plinianae

263 2192 331 2271 jure
358 2188 494 2252 adhiberi
523 2188 617 2252 videri
645 2198 758 2268 potest.
806 2189 852 2251 Ac
875 2189 947 2251 mihi
972 2208 1061 2263 sane,
1095 2190 1178 2264 dum,
1214 2189 1284 2270 quid
1307 2188 1423 2250 Plinius
1446 2206 1514 2268 cap.
1539 2187 1628 2248 Vlll.

270 2278 389 2353 dixerit,
415 2277 486 2359 qnid
504 2278 569 2359 jam
593 2296 659 2358 cap.
684 2277 788 2340 XVII.
813 2278 927 2340 dixisse
952 2277 1132 2340 credendum
1156 2276 1224 2353 sit',
1244 2277 1417 2353 considero,
1441 2277 1562 2339 videtur
1583 2276 1630 2337 vir

270 2368 320 2430 ille
343 2367 477 2430 rationes
501 2375 740 2430 astronomorum
764 2366 952 2432 etVitmvii
975 2367 1068 2429 verba
1091 2386 1149 2429 nen
1173 2368 1250 2430 satis
1273 2367 1456 2447 percepisse,
1481 2366 1535 2428 sed
1559 2366 1629 2428 dnrn

271 2455 383 2537 raptim
406 2456 550 2519 torrentis
573 2457 669 2519 instar
691 2474 795 2519 omnes
818 2464 959 2519 auctores
981 2456 1143 2536 percurrit,
1168 2456 1268 2519 onmia
1290 2456 1457 2532 convolvit,
1489 2454 1628 2518 ubertate

271 2546 416 2608 scientiae
438 2544 584 2620 tumidus,
618 2547 714 2609 multa
736 2545 905 2608 semicruda
933 2565 989 2607 nec
1011 2547 1099 2627 plene
1123 2564 1223 2608 secum
1247 2545 1305 2626 ipsi
1333 2553 1479 2627 percepta
1501 2544 1627 2626 profert,

272 2635 459 2698 obscuritate
482 2635 640 2697 verborum
662 2653 696 2697 se
719 2634 806 2698 simul
832 2644 864 2696 et
886 2635 1030 2698 lectorem
1054 2635 1216 2716 decipiens.
1263 2635 1329 2697 Hoc
1352 2634 1396 2697 illi
1425 2653 1498 2696 sane
1522 2633 1627 2698 crebro

272 2723 350 2787 alias
374 2724 549 2800 usuvenit,
573 2724 623 2786 nbi
648 2724 827 2787 secretiores
849 2724 888 2786 ab
911 2744 966 2786 usn
990 2724 1165 2804 quotidiano
1189 2723 1365 2805 disciplinas
1385 2723 1517 2805 attingit,
1559 2724 1626 2785 Ita-

271 2831 328 2895 que
351 2831 409 2874 non
432 2814 533 2875 estin
557 2813 613 2875 hec
636 2821 759 2877 auctore
782 2813 1144 2884 absurdumcredidisse
1168 2813 1245 2875 hunc
1260 2813 1395 2876 ordinem
1417 2814 1625 2895 sphaeramm,

272 2902 321 2984 qni
344 2908 393 2964 est
415 2920 482 2982 cap.
508 2902 610 2976 vlu„
634 2909 666 2966 et
688 2902 879 2966 nihilominus
904 2920 971 2964 curn
986 2901 1127 2964 Vitmvin
1150 2902 1283 2964 sensisse
1307 2920 1375 2981 cap.
1400 2901 1520 2978 xvn,
1546 2901 1624 2983 qnod

270 2991 373 3056 Solem
397 2988 532 3054 ambiunt
554 2991 661 3055 Venus
684 2999 716 3054 et
738 2991 917 3054 Mercurius.

359 3080 422 3143 Sed
445 3080 603 3143 audiamus
627 3089 659 3142 et
680 3081 862 3143 Vitruvium.
896 3080 929 3142 Is
942 3076 1013 3153 me
1028 3078 1252 3153 Architectura,
1276 3078 1331 3142 IX.
1360 3076 1404 3153 l.)
1428 3097 1495 3140 cum
1512 3084 1626 3140 mutum

269 3169 406 3252 primurn,
431 3168 481 3250 qui
503 3169 630 3232 fixarum
652 3177 685 3232 et
707 3169 859 3251 signorum
881 3168 999 3231 zodiaci
1021 3177 1085 3244 est,
1110 3169 1295 3249 explicasset
1313 3167 1438 3248 jamque
1462 3169 1492 3230 in
1516 3186 1625 3249 genere

203 3300 209 3304 -
249 3258 408 3333 dixisset,
434 3258 582 3338 quomedo
605 3258 721 3334 ,‚Lnne,
746 3259 838 3321 stella
860 3258 1012 3328 Mercurii,
1037 3257 1177 3333 Veneris,
1202 3258 1267 3339 ipse
1291 3256 1359 3334 Sol,
1384 3257 1515 3339 itemque
1538 3257 1622 3318 Mar·

271 3348 327 3424 tis,
357 3345 444 3409 ,lovis
464 3354 496 3409 et
518 3345 641 3410 Satnmi
666 3348 738 3418 (boc
761 3347 839 3410 enim
863 3347 977 3410 usitato
1000 3346 1104 3409 ordine
1126 3348 1266 3429 planetas
1289 3355 1444 3423 recenset,
1478 3366 1536 3428 qno
1558 3345 1624 3407 Pli-

269 3438 349 3500 nium
381 3437 459 3499 forte
492 3435 626 3517 decepit)
655 3435 837 3499 contrariam
868 3437 936 3499 fixis
967 3437 1048 3499 uiam
1079 3436 1135 3499 sub
1166 3435 1282 3499 zodiaci
1306 3435 1401 3517 signis
1424 3435 1624 3517 peragrent“:

271 3525 389 3589 accedit
420 3526 460 3588 ad
490 3524 724 3607 explicationem
752 3525 936 3607 singulorum
963 3545 999 3589 en
1030 3525 1150 3600 ordine,
1182 3544 1239 3608 qno
1269 3534 1478 3608 proposuerat
1525 3525 1625 3588 Prinne

269 3616 373 3679 Itunae
406 3621 505 3678 motus
537 3622 569 3678 et
601 3617 703 3696 spatia
732 3624 887 3679 menstma
914 3615 1072 3691 describit3
1105 3615 1173 3677 dein
1206 3616 1243 3678 de
1268 3615 1397 3677 Veneris
1425 3625 1458 3678 et
1484 3614 1625 3679 Mercurii

269 3705 361 3767 stella
383 3704 426 3767 sic
450 3705 509 3768 ait:
535 3704 699 3780 „Mercurii
723 3712 824 3769 antem
848 3713 880 3769 et
903 3705 1033 3768 Veneris
1057 3704 1165 3773 stellae
1187 3705 1300 3767 circum
1319 3704 1400 3767 Solis
1423 3704 1539 3781 radies,
1564 3704 1625 3767 So·
1684 3737 1688 3742 ,

271 3796 327 3856 lem
350 3793 447 3877 ipsum
469 3793 514 3857 nti
537 3801 671 3857 centrum
694 3794 853 3857 itineribus
876 3804 1071 3873 coronantes,
1102 3813 1259 3875 regressus
1282 3801 1446 3857 retrorsum
1470 3805 1502 3856 et
1524 3802 1623 3859 retar-

269 3882 408 3945 dationes
432 3883 578 3946 taciunt.“
622 3883 737 3947 Postea
757 3885 799 3950 ,ad
817 3885 938 3961 Martis,
962 3884 1058 3961 Jovis,
1084 3883 1208 3947 Saturni
1232 3883 1339 3946 stellas
1363 3884 1482 3953 accedit
1504 3901 1623 3946 earnm-

270 3990 326 4054 que
349 3977 448 4034 motus
472 3972 614 4055 explicat.
662 3970 755 4036 Clara
778 3981 827 4037 est
844 3974 946 4055 itaque
970 3973 1128 4036 verberum
1152 3973 1216 4053 ejus
1239 3973 1401 4035 sententia.

357 4060 496 4124 Platonis
519 4060 638 4143 quidem
660 4062 756 4143 ipsius
778 4064 872 4125 verba
895 4063 1023 4125 obscura
1046 4070 1126 4139 sunt,
1150 4062 1205 4123 sed
1229 4070 1330 4124 tamen
1352 4061 1464 4124 indicia
1477 4061 1624 4143 quaedam

267 4150 415 4231 praebent
437 4149 503 4230 ejus
526 4150 705 4226 sententiae,
732 4171 820 4232 quam
839 4151 884 4215 illi
907 4151 1013 4214 tribuit
1035 4151 1218 4214 Macrobius.
1265 4150 1379 4227 „Gum,
1404 4150 1516 4231 inquit,
1548 4152 1622 4213 etle-

268 4240 363 4302 eisset
385 4239 468 4302 Deus
491 4259 617 4321 corpora
640 4240 837 4321 singulorum,
862 4259 899 4303 ea
921 4241 1024 4321 posuit
1046 4240 1077 4303 in
1100 4241 1355 4314 circumlationes,
1384 4259 1459 4322 quas
1483 4241 1624 4320 cujusque

268 4330 409 4392 circuitus
432 4329 612 4411 requireret,
647 4337 775 4410 septena
795 4330 826 4393 in
850 4339 1007 4411 septenas,
1041 4331 1157 4393 Lunam
1181 4329 1299 4411 quidem
1333 4331 1362 4391 in
1392 4328 1520 4410 priunum
1544 4330 1624 4391 circa

268 4417 407 4494 Terram,
440 4415 542 4481 Solem
569 4437 641 4481 vern
665 4419 695 4481 in
719 4420 881 4482 secundum
905 4439 996 4500 supra
1019 4420 1156 4496 Terram,
1186 4419 1357 4499 Vesperum
1379 4437 1451 4481 vero
1480 4426 1512 4480 et
1534 4437 1624 4500 qnam

268 4507 418 4570 Mercurio
450 4527 568 4570 sacram
600 4508 703 4570 dicunt
734 4508 764 4571 iu
787 4511 881 4584 tales,
912 4509 961 4591 qui
985 4510 1152 4572 celeritatis
1176 4509 1294 4613 quidem
1316 4509 1432 4572 ratione
1456 4527 1622 4589 aequetur-

268 4603 385 4658 rentem
408 4594 472 4658 Soli
496 4597 598 4660 orbem
621 4606 708 4672 eunt,
733 4598 915 4661 contrariam
938 4618 1009 4660 veru
1024 4599 1051 4662 ei
1065 4599 1126 4661 uim
1141 4597 1241 4661 sorfiti
1260 4607 1345 4673 sunt3
1369 4616 1460 4679 quare
1485 4606 1516 4658 et
1538 4615 1620 4659 cnm-

268 4684 455 4765 prehendunt
486 4693 518 4747 et
544 4686 836 4766 comprehenduntur
867 4706 943 4750 ase
973 4696 1076 4751 mutue
1114 4695 1147 4750 et
1178 4687 1341 4750 secundum
1374 4687 1480 4749 eadem
1508 4685 1621 4803 Solem,

159 4817 167 4826 .
268 4771 449 4836 Mercurium
472 4781 504 4835 et
525 4774 710 4838 Venerem.“

295 4861 489 4927 Primum
511 4861 648 4928 videmus
672 4864 837 4929 celeritatis
864 4863 981 4930 ratione
1010 4862 1137 4929 eundem
1159 4864 1250 4929 tribui
1278 4863 1374 4929 tribus
1402 4863 1486 4927 hisce
1509 4862 1621 4942 orbern,
