3609 5634
257 369 323 437 332
676 369 777 421 Literna
796 369 898 434 Kepleri
921 367 1072 433 aliorumque
1090 375 1192 419 monae

258 532 333 597 locis
357 531 398 592 sit
421 549 528 610 capax,
553 529 670 593 ruboris
693 546 809 609 quoqne
832 526 944 590 Martis
969 529 1061 589 fuisse
1085 547 1237 608 capacem,
1263 529 1364 610 itaque
1388 546 1425 588 ex
1448 526 1506 587 boc
1529 524 1614 585 fonte

258 621 287 682 in
311 620 439 682 hominis
463 637 586 698 corpore
609 617 740 679 existere
764 615 915 678 terribiles
939 618 1064 679 affectos
1081 618 1150 692 duc,
1175 618 1324 697 etiamque
1339 616 1401 678 suis
1424 612 1613 693 temporibus

257 710 296 770 ad
320 708 402 789 leges
427 707 622 770 directionum
642 703 807 769 redundare
824 706 962 767 humores
977 712 1009 767 et
1027 705 1163 768 affectus.
1211 704 1290 776 Quid
1311 713 1343 768 tu
1362 704 1430 766 hic?
1476 700 1613 773 Talibus,

258 798 365 876 inquis,
389 795 572 875 argumentis
595 794 738 859 inauditis
762 792 848 856 nobis
870 794 961 873 plane
975 813 1084 856 nevam
1100 803 1130 856 et
1155 794 1383 874 imaginatiram
1407 799 1439 854 et
1463 797 1614 869 exparte

258 886 471 965 geometricam
503 884 701 964 astrologiam
732 882 910 945 constitues.
958 883 1040 944 Tunc
1072 902 1130 944 nou
1160 884 1241 946 alind
1268 877 1613 960 habes‘argumentnnr,

260 975 337 1053 quod
360 973 521 1053 opponas?
568 973 735 1053 Figmenta,
760 971 817 1032 hoc
841 979 889 1032 est
913 980 1082 1034 commenta
1107 972 1181 1035 haec
1204 993 1272 1034 esse
1296 974 1387 1043 falsa,
1421 967 1613 1049 probandum

259 1063 312 1125 tibi
336 1069 394 1125 est.
441 1063 528 1123 Vera
551 1061 685 1124 inaudite
709 1080 767 1121 non
791 1059 963 1121 reformido.
1009 1061 1100 1123 Nova
1122 1082 1161 1123 an
1184 1063 1321 1136 afferam,
1346 1079 1404 1123 noo
1427 1058 1519 1139 plane
1535 1055 1613 1128 scio;

258 1171 316 1213 non
340 1150 438 1212 evolvi
462 1152 591 1213 omnium
616 1150 720 1213 libros.
766 1149 1001 1228 Imaginatisam
1018 1151 1166 1212 contendo
1182 1169 1297 1211 omnem
1313 1149 1478 1211 coelestem
1501 1163 1613 1225 opera·

258 1240 380 1314 tionem,
405 1246 436 1300 et
452 1240 569 1319 quidem
583 1238 828 1319 imaginationem
844 1237 874 1299 in
890 1239 1001 1312 Terris,
1027 1239 1083 1301 hoc
1098 1248 1144 1300 est
1163 1240 1191 1299 in
1212 1238 1407 1301 facultatibus
1421 1233 1614 1305 animalibus,

258 1328 301 1390 rei
316 1327 517 1409 geometricae
533 1324 788 1408 imaginabilibus,
803 1326 891 1388 simol
906 1335 938 1387 et
954 1327 1037 1389 lucis.
1078 1327 1162 1388 Haec
1185 1327 1274 1406 plane
1294 1333 1363 1388 sunt
1375 1344 1443 1387 mea
1457 1325 1613 1402 dogmata.
1631 1385 1645 1401 ,

257 1418 325 1479 Non
358 1436 404 1479 me
437 1425 534 1478 terres
562 1414 785 1498 explosionibns
815 1415 884 1476 tuis.
906 1416 980 1500 ‘To
1004 1435 1077 1478 vero
1109 1434 1207 1477 nonne
1241 1416 1278 1476 de
1303 1415 1387 1476 novis
1418 1410 1551 1475 inventis
1584 1408 1613 1471 in

258 1505 426 1585 astrologia
450 1515 481 1567 et
503 1505 569 1586 ipse
593 1505 651 1567 toti
680 1505 811 1567 minatus
836 1522 869 1564 es
895 1505 1091 1584 antiquitati?
1137 1504 1240 1583 Atque
1264 1506 1339 1566 adeo
1367 1519 1512 1583 perquam
1536 1517 1616 1560 nova

257 1596 330 1656 haec
345 1613 461 1656 mecum
481 1594 663 1656 eommunia:
689 1600 773 1654 astra
792 1609 851 1652 non
868 1611 939 1652 esse
959 1612 1069 1655 causas
1085 1612 1182 1655 rerum
1197 1593 1409 1665 sublunarium,
1434 1590 1489 1652 sed
1504 1606 1611 1649 exem-

257 1682 318 1760 pla,
341 1682 407 1744 Deo
427 1679 617 1745 intemuucio
641 1692 673 1744 et
696 1687 893 1754 exsecutor03
922 1682 972 1742 ubi
998 1701 1054 1761 ego
1079 1682 1242 1761 cujuslibet
1265 1682 1307 1743 rei
1340 1682 1520 1764 facultatem
1545 1676 1614 1738 ani-

257 1770 364 1832 mulem
392 1780 495 1833 statuo
519 1773 795 1849 exsecutricemque
819 1768 1075 1848 imaginationem.
1123 1770 1189 1832 Tibi
1204 1771 1288 1833 Deus
1309 1771 1337 1831 in
1365 1779 1504 1830 naturam
1518 1765 1614 1837 venit,

258 1858 329 1920 mihi
358 1867 467 1921 natura
495 1862 532 1922 ad
565 1861 756 1922 divinitatem
784 1857 911 1935 aspirat.
957 1861 1060 1939 Atque
1088 1861 1142 1920 eu!
1179 1858 1222 1920 Et
1249 1856 1513 1938 imaginationibus
1536 1854 1613 1916 meis

258 1947 435 2011 subscribis.
481 1951 645 2029 Apprcbas
669 1945 822 2025 exempla3
850 1948 968 2026 profers
991 1949 1020 2010 iu
1041 1957 1137 2027 peste,
1167 1967 1224 2009 non
1253 1957 1370 2009 terrore
1395 1947 1490 2008 solum
1514 1950 1614 2016 nocet,

259 2038 313 2098 sed
338 2037 514 2104 formatione
538 2039 582 2100 rei
606 2039 713 2100 similis
737 2043 770 2096 et
793 2034 822 2094 in
846 2037 977 2097 membro
996 2037 1096 2098 simili.
1145 2035 1260 2099 Contra
1278 2054 1335 2097 non
1351 2032 1616 2111 omnisimagina·

259 2124 350 2187 tinnis
374 2143 449 2204 epos
473 2128 582 2189 malum
606 2135 669 2200 est;
699 2125 767 2187 hnic
789 2123 980 2202 pulcherrimi
1009 2135 1041 2186 et
1064 2134 1222 2205 parentum
1246 2125 1359 2187 similes
1391 2125 1543 2204 prodeunt
1565 2120 1614 2181 iu·

260 2216 369 2288 fantes,
385 2213 452 2276 huic
468 2215 539 2276 nulli
551 2216 714 2277 sanitatem
728 2221 910 2288 recuperant
925 2233 962 2274 ex
976 2213 1098 2275 morbis.
1137 2215 1287 2294 Denique,
1312 2212 1453 2295 quidquid
1467 2211 1616 2273 hacteuus

259 2302 315 2365 fnit
337 2303 550 2381 exemplorum,
575 2323 633 2366 oon
657 2304 762 2366 mirum
787 2298 853 2373 fuit,
879 2310 932 2364 ant
955 2311 1036 2363 certe
1060 2321 1118 2364 non
1143 2322 1201 2383 qua
1224 2311 1310 2382 parte
1330 2301 1435 2363 mirum
1460 2308 1533 2361 ate
1558 2298 1617 2360 fuit

258 2390 429 2453 adductum.
477 2391 576 2453 Tuuru
599 2402 648 2455 est
678 2393 734 2454 hoc
758 2388 926 2452 clanculum
949 2399 980 2452 et
1004 2411 1096 2471 supra
1119 2403 1253 2454 nostrum
1276 2399 1412 2472 captum,
1438 2389 1517 2471 quod
1540 2405 1617 2449 uxor

185 2502 187 2506 ¹
258 2498 339 2554 mea,
381 2480 447 2541 viso
481 2480 587 2542 limace
620 2488 652 2542 et
684 2481 754 2542 forti
786 2474 1003 2557 imaginatione
1040 2478 1132 2541 filiolo
1165 2499 1230 2541 meo
1263 2479 1394 2541 Henrmo
1425 2498 1455 2559 p.
1489 2496 1528 2539 ru,
1560 2493 1616 2555 pro

258 2568 392 2630 mentula
415 2567 608 2647 implantavit
630 2569 796 2634 limaceam.
824 2573 922 2641 (comp.
945 2576 1030 2627 luem
1053 2577 1156 2641 Kepteri
1182 2577 1215 2627 sd
1238 2576 1400 2626 remensum
1423 2576 1512 2631 meas.
1540 2586 1617 2637 sopra

257 2680 281 2729 p.
301 2661 375 2725 ²98.)
421 2656 549 2719 Adhuc
573 2676 657 2738 opus,
682 2660 817 2738 quamvis
840 2657 999 2721 rationalis
1028 2667 1195 2731 creaturae,
1221 2658 1357 2720 discursu
1381 2676 1455 2719 sane
1474 2676 1533 2719 noo
1560 2656 1616 2716 fuit

258 2763 314 2807 usa
346 2751 468 2820 natura,
503 2747 620 2810 occulto
653 2748 797 2810 instinctu
830 2748 954 2809 fantum.
1010 2746 1060 2809 Sic
1099 2765 1195 2827 neque
1229 2744 1338 2807 Jacobi
1371 2764 1443 2806 oves
1477 2745 1615 2808 discursu

258 2832 384 2895 rationis
418 2834 588 2899 utebantur.
654 2834 734 2906 Quid
767 2837 859 2915 igitur
892 2845 924 2897 tu
958 2837 1005 2898 hic
1035 2838 1071 2897 de
1107 2835 1272 2897 structione
1308 2833 1364 2895 viri
1406 2843 1437 2896 et
1476 2834 1614 2906 feminae,

257 2920 384 2984 animosi
407 2931 440 2984 et
462 2924 634 2998 effeminati,
661 2924 785 2986 scientis
799 2924 972 3005 philosophi
995 2932 1027 2986 et
1043 2925 1209 3004 ignorantis
1233 2921 1339 2983 rustici
1358 2924 1520 3002 argutaris,
1547 2926 1616 2982 cum

257 3030 294 3071 ne
318 3011 438 3090 quidem
461 3012 539 3074 inter
562 3032 649 3074 ovem
672 3021 703 3074 et
727 3013 876 3075 hominem
903 3014 992 3090 hujus
1006 3014 1049 3073 rei
1074 3032 1169 3073 causa
1183 3012 1275 3072 liceat
1290 3011 1494 3090 distinguere?
1533 3010 1616 3071 Vide

256 3118 354 3160 meam
379 3098 673 3163 dissertatiunculam
697 3110 729 3163 et
752 3103 867 3163 refuta!
914 3103 1074 3180 Nunquam
1105 3101 1183 3162 forte
1207 3101 1338 3161 Martem
1362 3100 1439 3160 vidit
1469 3099 1614 3180 agricola

257 3188 336 3249 Puto
359 3187 571 3250 multominus
596 3190 661 3268 ejus
685 3208 775 3262 uror3
801 3199 831 3251 et
855 3199 966 3260 tamen,
992 3209 1057 3252 cum
1081 3188 1224 3268 gignunt,
1249 3190 1340 3250 horas
1365 3188 1527 3268 genesibns
1552 3187 1616 3249 suis

259 3283 479 3337 consentaneas
502 3276 666 3352 inveniunt,
694 3275 823 3339 manime
846 3279 909 3341 illa.
956 3277 990 3340 Si
1005 3278 1059 3339 tibi
1084 3296 1141 3338 non
1167 3277 1302 3357 suppetit
1324 3277 1525 3356 experientia,
1557 3295 1616 3338 non

260 3383 294 3425 es
317 3362 448 3444 diligens
471 3366 651 3446 astrologos.
697 3366 769 3428 Dixi
794 3367 874 3429 idern
895 3368 926 3428 in
951 3366 1230 3440 dissertatiuncula;
1255 3365 1442 3443 respexisses
1469 3366 1508 3426 ad
1539 3385 1616 3427 eam.

348 3452 395 3514 De
418 3463 519 3515 cetero
550 3456 579 3515 in
604 3454 794 3517 enarratione
819 3464 889 3517 tuae
914 3456 1084 3516 sententiae
1114 3455 1288 3534 theologum
1318 3454 1405 3531 agis;
1436 3473 1560 3533 possum
1585 3462 1619 3516 et

262 3560 317 3619 ego
333 3542 362 3603 in
378 3561 454 3603 mea.
498 3540 574 3606 Cum
592 3543 676 3606 Deus
692 3544 844 3618 irascitur,
868 3553 1008 3606 naturam
1022 3544 1298 3623 imaginationibus,
1324 3562 1398 3622 quas
1413 3543 1516 3618 mittit,
1543 3543 1618 3604 hor·

261 3630 363 3692 rendis
386 3632 558 3711 eclipsibus,
583 3632 817 3695 circumstantiis
841 3633 928 3707 acris,
955 3633 1063 3712 agitat,
1088 3640 1122 3693 ut
1143 3633 1308 3712 profundae
1332 3632 1394 3693 sint
1417 3632 1561 3695 tenebrae
1586 3641 1620 3694 et

260 3727 398 3781 naturam
420 3721 493 3782 diris
517 3722 613 3783 modis
636 3730 780 3783 terreant.

347 3807 486 3871 Ridicule
511 3809 634 3872 desinis.
681 3811 764 3873 Deus
789 3819 821 3871 et
844 3809 942 3872 Satan
975 3815 1155 3871 concurrunt
1182 3839 1219 3849 -
1246 3809 1372 3871 stultum
1395 3828 1483 3891 ergo,
1517 3809 1619 3871 omnia

260 3895 299 3956 ad
322 3915 433 3958 causas
457 3899 612 3959 naturales
635 3899 756 3960 referre.
804 3898 914 3970 Multa,
932 3898 1062 3967 Fabrici,
1087 3898 1191 3969 multa,
1212 3896 1272 3958 imo
1296 3898 1455 3978 plerasque
1471 3897 1618 3959 scientias

263 3983 351 4063 hujus
375 3986 545 4047 sententiae
569 3988 728 4069 tyrannide
752 3988 912 4068 opprimes.
960 3985 1041 4057 Quid
1056 3986 1155 4047 enirn?
1202 3984 1235 4047 Si
1245 3986 1307 4062 ‘hoc
1327 4005 1438 4059 verum,
1464 4004 1534 4046 num
1549 3985 1617 4047 ideo

260 4090 357 4135 meam
381 4073 564 4136 sententiam
589 4093 656 4136 curu
679 4084 732 4137 tua
755 4077 946 4156 permutabo,
979 4084 1142 4155 propterea
1171 4074 1248 4153 qnod
1282 4081 1335 4134 tua
1360 4074 1415 4136 Dei
1440 4082 1473 4135 et
1495 4073 1617 4135 Diaboli

260 4180 315 4240 ope
339 4163 407 4240 plns
430 4163 555 4244 indiget,
580 4182 648 4224 mea
670 4164 739 4225 illas
754 4163 991 4246 hyperphysicas
1006 4164 1094 4244 plane
1121 4181 1179 4224 non
1202 4162 1355 4224 excludit?
1400 4163 1524 4225 Minime
1544 4163 1616 4224 hoc!

260 4250 364 4312 Potius
388 4270 507 4314 omnem
530 4252 728 4333 astrologiam
752 4253 907 4315 mittamus
931 4262 962 4315 et
976 4253 1116 4315 mundum
1140 4251 1330 4312 sublunarem
1350 4251 1415 4314 Dec
1440 4251 1617 4314 etDiabolo

260 4340 423 4417 regendum
446 4341 611 4403 tradamus.
660 4343 737 4416 Ant,
770 4343 796 4404 si
819 4343 899 4422 pium
924 4351 956 4403 et
979 4349 1131 4416 sanctum,
1161 4339 1349 4401 naturalibus
1374 4351 1517 4421 quantum
1540 4360 1616 4422 pos·

260 4446 362 4577 spfimus
385 4430 576 4504 contendere,
601 4429 770 4510 praestabit
793 4431 858 4511 ejus
882 4429 1042 4504 sententia,
1072 4429 1121 4510 qui
1150 4427 1341 4509 paucioribus
1356 4429 1510 4510 principiis
1528 4432 1618 4509 plura

260 4535 276 4574 e
310 4514 361 4579 cit

330 4604 541 4655 Fabricius:
560 4605 599 4655 An
617 4605 824 4658 inflammare
842 4607 1038 4658 essentialis
1057 4595 1353 4673 proprietar‘Solis
1372 4607 1417 4661 sit,
1438 4603 1615 4654 raldedubito.

260 4673 325 4723 Nam
343 4676 507 4726 inflammatio
526 4672 572 4738 (sc.
592 4690 657 4741 quae
676 4692 693 4727 a
711 4676 769 4728 Sele
788 4678 874 4736 orium)
892 4693 942 4728 non
960 4679 989 4728 fit
1007 4679 1038 4728 ah
1059 4679 1157 4728 achone
1176 4675 1240 4726 Solis
1260 4676 1387 4726 ementiali
1405 4678 1552 4739 praecipue.
1571 4675 1617 4726 red

260 4759 304 4808 per
322 4746 449 4805 accident,
467 4759 485 4795 a
500 4747 625 4797 radiorum
641 4748 783 4799 reflexione.
820 4747 907 4798 Multis
925 4751 1023 4812 probari
1041 4755 1131 4812 potest.
1152 4746 1217 4796 Solis
1236 4747 1345 4797 calormn
1363 4749 1389 4797 ln
1406 4761 1501 4796 summo
1515 4747 1618 4796 aethera

261 4816 380 4865 minorum
399 4830 463 4874 esse,
481 4830 556 4882 quarn
572 4819 599 4867 in
617 4817 707 4880 Terris,
727 4821 786 4884 quia
804 4818 872 4869 color
889 4819 932 4871 ille
949 4835 999 4869 non
1018 4827 1057 4869 ast
1075 4819 1232 4869 dementatis
1244 4820 1317 4884 ignia
1337 4825 1382 4869 ant
1398 4817 1467 4869 calor
1478 4817 1617 4882 deputent

261 4891 306 4935 aut
324 4886 461 4946 destruens,
489 4887 534 4939 red
551 4887 677 4940 vivificans
704 4895 731 4940 et
748 4903 912 4946 consumans,
937 4897 967 4940 ut
983 4897 1011 4940 tu
1029 4897 1097 4941 recte
1115 4891 1216 4947 santur
1245 4899 1271 4940 et
1288 4891 1390 4954 proinde
1408 4891 1485 4940 etium
1508 4890 1618 4940 namrali
