3609 5634
804 392 1136 458 nmatione-gneum

839 607 960 706 Caput
986 602 1108 679 XVII.

706 763 813 828 Aliud
836 764 875 827 de
897 760 1060 829 Mercurio
1083 762 1244 825 monitum.

384 908 464 974 lllnd
487 906 584 988 magis
608 906 772 980 mirabere,
801 924 867 968 cum
895 905 1104 986 promiserim,
1137 904 1214 966 velle
1238 921 1285 964 me
1309 904 1485 986 corporibus
1508 904 1584 984 ipsis
1607 901 1660 963 in-

296 1001 426 1064 scribere
449 998 601 1078 planetas,
625 1013 677 1056 cur
700 994 881 1057 Mercurium
903 1014 962 1057 non
986 993 1130 1056 octaedrc
1154 993 1369 1073 inscripserim,
1394 993 1448 1056 sed
1467 1011 1575 1073 passus
1599 991 1661 1054 sim

295 1108 362 1151 eum
385 1089 414 1150 in
440 1085 550 1149 circulo
575 1083 676 1165 aliquo
699 1084 780 1146 ultra
803 1084 905 1147 orbem
929 1081 1125 1163 inscriptilem
1149 1082 1188 1143 ad
1213 1081 1351 1163 quadrati
1367 1082 1531 1145 octaedrici
1548 1080 1660 1162 empli-

296 1178 429 1241 tudinem
452 1174 629 1255 exspatiari.
676 1173 757 1236 Nam
780 1191 873 1253 supra
896 1191 963 1253 cap.
993 1168 1030 1235 13
1056 1178 1087 1232 et
1113 1165 1153 1233 ll
1181 1188 1236 1249 pro
1260 1167 1324 1233 577
1354 1190 1475 1233 numero
1505 1170 1586 1234 orbis
1609 1171 1661 1231 in-

296 1266 400 1347 scripti
430 1263 572 1343 usurpavi
604 1259 683 1336 707,
713 1281 867 1325 numemm
895 1261 1001 1323 circuli
1023 1259 1162 1340 inscripti
1186 1259 1346 1339 quadrato.
1393 1258 1525 1323 Causam
1549 1259 1660 1321 diem

296 1356 438 1428 Primum,
463 1353 534 1433 quia
557 1352 622 1431 ejus
642 1348 749 1412 aSole
764 1350 915 1430 digressio
933 1349 1052 1429 longior
1073 1348 1194 1410 minime
1215 1348 1282 1427 pati
1303 1350 1403 1427 potnit
1425 1358 1489 1411 tam
1512 1357 1662 1428 coptos

296 1461 450 1513 carceres,
483 1440 591 1502 deinde
620 1440 691 1519 quic
723 1448 756 1501 et
783 1440 947 1502 octabdren
975 1437 1055 1500 inter
1081 1455 1210 1516 corpora
1236 1446 1269 1498 et
1290 1447 1392 1499 motus
1415 1437 1557 1500 Mercurii
1578 1436 1662 1498 inter

296 1534 437 1614 planetas
460 1529 613 1611 peculiare
637 1529 707 1607 quid
731 1536 764 1590 et
785 1547 941 1591 commune
960 1527 1087 1589 invicem
1106 1526 1230 1588 hebent.
1267 1526 1346 1588 Nam
1369 1527 1400 1587 in
1424 1528 1492 1588 solo
1513 1524 1661 1588 octcbdrc

298 1639 390 1701 snper
404 1619 547 1699 angulum
562 1627 663 1679 erecto
678 1620 839 1688 usuvenit,
864 1626 898 1679 ut
913 1617 1091 1696 quadratum
1110 1614 1235 1676 directis
1259 1615 1404 1676 lateribus
1426 1615 1506 1677 riam
1528 1615 1664 1694 aliquam

299 1718 450 1773 monstret
473 1706 611 1786 ampliori
635 1705 755 1781 circulo,
780 1726 870 1788 qnam
887 1714 936 1768 est
958 1705 1041 1766 orbis
1065 1702 1238 1784 inscriptus,
1262 1721 1316 1784 per
1330 1704 1458 1766 medium
1473 1702 1659 1767 transeundi.

296 1800 332 1861 ld
356 1798 435 1879 quod
463 1795 492 1857 in
526 1796 607 1857 nullo
639 1794 698 1856 alio
732 1814 856 1877 corpore
890 1794 1151 1876 quomodocunque
1179 1793 1282 1854 voluto
1309 1813 1364 1855 usu
1393 1794 1485 1857 venit.
1532 1790 1660 1872 Semper

297 1886 375 1951 enim
399 1892 577 1948 transversa
599 1902 653 1963 per
676 1884 806 1948 medium
830 1892 863 1947 et
884 1881 1030 1965 impedita
1052 1882 1194 1944 incedent
1217 1882 1325 1944 latera.

464 1987 511 2037 rir-
525 1982 560 2028 25·
797 1975 834 2037 In
858 1973 914 2035 hoc
937 1972 1094 2035 schemate
1117 1978 1245 2051 quatuor
1276 1970 1375 2033 lineas
1407 1979 1561 2033 extremae
1588 1978 1662 2030 sunt

498 2047 528 2090 ²
735 2071 864 2145 quatuor
892 2059 1159 2142 perpendiculares
1182 2059 1311 2121 totidem
1332 2061 1489 2140 planorum
1516 2059 1548 2122 in
1569 2066 1661 2120 ccta-

735 2153 819 2214 edro.
856 2151 895 2225 Β,
920 2150 945 2224 I,
966 2149 1000 2223 T,
1021 2149 1052 2210 V
1072 2156 1143 2210 sunt
1160 2166 1263 2210 eorum
1285 2149 1440 2227 plenum
1463 2156 1578 2222 centra,
1602 2146 1662 2207 de·

607 2233 637 2282 V
736 2238 932 2303 terminantia
949 2236 1178 2317 amplitudinem
1197 2237 1279 2299 orbis
1296 2237 1445 2317 immi,
1469 2236 1510 2298 de
1530 2253 1589 2316 qno
1611 2234 1663 2297 hic

737 2330 823 2391 vides
846 2328 989 2390 circulum
1013 2326 1184 2389 mammons.
1230 2322 1290 2395 Qui
1314 2326 1395 2389 orbis
1423 2324 1664 2404 riintelligabar

715 2418 818 2510 Svolui
842 2432 932 2496 snper
953 2415 1072 2495 punctis
1096 2414 1201 2490 ad'X,
1225 2414 1265 2483 Η,
1289 2414 1364 2477 duos
1389 2414 1515 2492 angulos
1537 2414 1662 2492 figurae,

637 2564 643 2591 ,
737 2506 869 2587 reperiet
891 2504 921 2566 in
944 2505 971 2566 P
994 2502 1161 2586 quadrante
1186 2524 1204 2564 a
1230 2503 1308 2583 polis
1337 2503 1529 2566 circumcirca
1552 2500 1662 2581 ampli-

737 2597 870 2658 tudinem
895 2594 1028 2676 aliquam
1060 2594 1223 2672 majorem,
1256 2612 1346 2672 qnam
1378 2599 1428 2653 est
1455 2590 1499 2654 OI
1530 2591 1578 2653 rel
1606 2587 1664 2652 ΟΡ

617 2671 641 2724 Τ
735 2684 960 2748 semidiameter
979 2681 1071 2755 orbiS,
1093 2700 1201 2761 nempe
1217 2679 1286 2752 OQ.
1323 2681 1504 2743 Differentia
1527 2680 1591 2760 ejus
1615 2686 1664 2739 est

734 2772 800 2845 PQ.
838 2772 881 2835 Et
903 2779 993 2834 muta
1015 2780 1064 2833 est
1087 2770 1216 2832 latitudo
1239 2770 1358 2846 circuli,
1384 2771 1433 2852 qui
1455 2770 1537 2832 ultra
1559 2769 1662 2831 orbem

504 2865 532 2923 ll
736 2880 913 2936 excurrens,
944 2862 1041 2924 instar
1065 2858 1227 2923 horizontis
1251 2860 1379 2940 alicujus
1402 2859 1432 2921 iu
1455 2858 1587 2937 sphaera
1608 2876 1663 2918 ar-

304 2953 431 3028 millari,
465 2970 519 3033 per
550 2951 681 3013 mediam
713 2951 850 3014 octaedri
883 2949 1013 3012 transire
1044 2958 1158 3028 potest.
1204 2945 1336 3018 Qenim
1359 2946 1437 3011 etS
1465 2956 1537 3010 snut
1562 2945 1665 3009 medin

301 3051 416 3122 puncta
437 3041 562 3102 ducrum
585 3040 730 3115 laterum,
754 3040 879 3121 proinde
902 3049 936 3101 et
957 3037 1094 3118 proxima
1116 3036 1191 3099 orbi.

382 3127 550 3200 Quomodo
574 3128 610 3190 siv
624 3128 775 3191 animatus
797 3128 918 3209 quidam
949 3128 1073 3206 planeta
1098 3144 1153 3205 per
1180 3125 1309 3187 medium
1338 3125 1512 3187 ocraedmn
1541 3140 1662 3186 currere

298 3218 475 3299 juberetur,
505 3225 537 3279 et
564 3217 690 3297 angulos
714 3218 790 3279 duos
817 3235 871 3297 pro
899 3216 996 3296 polis,
1028 3213 1255 3295 amplitudinem
1279 3214 1416 3293 inscripti
1438 3231 1493 3293 pro
1516 3211 1663 3274 curneulc

303 3307 485 3384 observare:
518 3325 576 3367 non
601 3306 701 3367 hercle
724 3306 844 3378 mirum,
875 3305 902 3365 ai
924 3304 1070 3367 invitatus
1094 3304 1146 3365 illa
1175 3302 1383 3383 amplitudine,
1417 3303 1467 3364 ubi
1495 3301 1595 3363 nullae
1618 3298 1664 3361 illi
1708 3364 1712 3369 ,

193 3406 199 3416 ’
302 3406 402 3458 metae
427 3395 586 3457 obstarent
608 3413 661 3474 per
684 3403 781 3457 totum
800 3393 954 3467 erubitum,
979 3392 1166 3455 exorbitaret
1180 3392 1351 3474 aliquando,
1376 3399 1410 3453 nt
1423 3390 1581 3454 Phaethon
1601 3388 1664 3464 ille,

211 3538 213 3543 .
304 3487 467 3566 tantisper,
501 3485 569 3545 dum
593 3482 790 3563 repelleretur
813 3483 852 3545 ab
876 3482 1045 3545 occurrenti
1069 3482 1174 3545 latere.
1221 3478 1311 3552 Quod
1333 3499 1388 3561 per
1406 3480 1508 3560 jocum
1532 3479 1608 3554 dixi,
1633 3477 1665 3541 id

305 3575 384 3636 serio
408 3573 495 3652 ajunt
518 3573 649 3635 artifices
673 3574 794 3634 evenire
816 3571 977 3634 Mercurio.
1025 3568 1101 3633 Cum
1130 3571 1209 3632 enim
1237 3570 1331 3632 ceteri
1359 3589 1461 3632 omnes
1484 3568 1515 3630 in
1538 3568 1665 3647 singulis

306 3661 542 3723 revolutionibus
570 3660 746 3724 describant
773 3661 907 3742 ejusdem
935 3660 1142 3740 amplitudinis
1174 3659 1302 3721 circulos
1335 3660 1493 3739 (qnantum
1523 3658 1604 3719 enirn
1626 3656 1665 3720 ab

306 3769 365 3811 una
388 3761 475 3830 parte
500 3749 668 3824 discedunt,
693 3760 810 3812 tantum
834 3769 872 3812 ex
894 3750 994 3812 altera
1016 3748 1084 3810 riae
1102 3757 1191 3829 parte
1208 3748 1358 3810 accedunt
1374 3748 1412 3810 ad
1428 3745 1557 3820 Solem),
1582 3747 1664 3808 solue

283 3838 472 3901 ‘Mercurius
497 3839 535 3901 ab
559 3839 723 3902 artificibus
748 3839 885 3911 obtinuit,
911 3849 944 3900 ut
968 3838 1127 3919 aliqnando
1150 3838 1311 3917 majorem,
1337 3836 1498 3917 aliquando
1521 3836 1665 3898 minorem

307 3927 450 3989 circulum
474 3928 645 3991 describere
671 3929 839 4013 diceretur,
868 3928 958 4009 idque
981 3926 1170 4007 privilegium
1193 3945 1306 3989 merum
1329 3925 1465 3988 haberet.
1480 3930 1508 3999 ⁸)
1553 3924 1667 3986 Dicunt

469 4032 512 4080 *lr-
527 4029 562 4073 26-
759 4019 836 4080 enirn
851 4018 934 4080 illum
950 4017 1092 4078 accedere
1109 4027 1140 4078 et
1160 4016 1300 4078 recedere
1321 4036 1340 4077 a
1358 4022 1462 4077 centro
1477 4013 1524 4076 sni
1538 4010 1663 4075 orbisO

478 4107 484 4124 '
584 4097 589 4121 ”
762 4127 817 4188 per
839 4107 947 4168 lineam
964 4116 1079 4167 rectam
1093 4104 1158 4179 YZ,
1183 4104 1232 4167 ubi
1256 4105 1479 4166 semidiameter
1499 4100 1558 4164 ΟΥ
1576 4102 1664 4182 longe

762 4197 905 4259 minorem
925 4195 1066 4257 circulum
1086 4194 1238 4266 describit,
1254 4213 1343 4274 qnam
1358 4191 1423 4255 OZ.
1451 4192 1530 4255 Nam
1545 4201 1664 4253 ceteras

763 4285 996 4364 inaequalitates
1009 4302 1112 4344 omnes
1127 4302 1192 4345 cum
1207 4282 1276 4344 eliis
1292 4282 1458 4363 aequaliter
1469 4280 1594 4343 sortitus
1604 4288 1662 4355 est,

707 4353 719 4394 ²
762 4374 932 4453 nullamque
947 4392 1013 4434 cum
1023 4373 1081 4434 hac
1091 4372 1310 4434 exorbitatione
1323 4369 1527 4434 commutavit.
1547 4368 1590 4432 Et
1598 4364 1664 4432 crim
1683 4359 1688 4363 ’

763 4472 929 4526 ceterorum
945 4468 1166 4523 eccentrotetes
1180 4479 1294 4536 ornnes,
1318 4460 1345 4522 si
1369 4479 1428 4522 non
1451 4459 1666 4540 proportiona-

763 4552 842 4625 liter,
853 4551 897 4613 sic
906 4559 1007 4613 tamen
1018 4551 1204 4625 decrescant,
1215 4559 1249 4613 ut
1258 4549 1382 4612 minoris
1391 4568 1510 4633 semper
1519 4549 1615 4611 minor
1623 4549 1666 4611 sit

304 4648 535 4712 eccentricitas:
565 4647 647 4708 sclns
671 4641 839 4707 Mercurius
861 4640 1022 4703 immanem
1045 4640 1148 4713 babet,
1162 4636 1190 4714 l’)
1214 4657 1321 4718 nempe
1344 4638 1501 4719 decuplum
1523 4637 1663 4713 Veneris,

262 4730 264 4733 ’
305 4756 372 4800 cnm
399 4737 458 4819 ipsi
485 4744 519 4797 nt
549 4734 683 4797 inferiori
710 4732 808 4796 minus
841 4729 933 4792 etiarn
961 4729 1130 4791 deberetur.
1183 4727 1284 4799 Quare
1308 4728 1366 4790 etsi
1390 4727 1473 4790 illam
1495 4727 1664 4808 inaequali·

305 4832 401 4888 tatem
423 4824 574 4905 privatam
598 4823 729 4885 nonduin
756 4838 822 4881 cum
856 4819 913 4879 hac
941 4817 1042 4882 circuli
1071 4817 1108 4878 sb
1139 4818 1210 4880 orbe
1237 4817 1409 4880 differentia
1431 4815 1663 4889 conciliarem,

305 4933 361 4977 nec
385 4933 422 4977 ea
445 4913 577 4976 fortasse
601 4908 754 4976 conciliari
778 4906 886 4990 possit,
910 4915 945 4970 nt
966 4907 1087 4990 prodita
1109 4914 1159 4970 est
1181 4907 1219 4970 ab
1239 4906 1414 4984 artificibus,
1438 4904 1662 4971 adamussim:
