<?xml version="1.0" encoding="UTF-8"?>
<!DOCTYPE html PUBLIC "-//W3C//DTD XHTML 1.0 Transitional//EN"
    "http://www.w3.org/TR/xhtml1/DTD/xhtml1-transitional.dtd">
<html xmlns="http://www.w3.org/1999/xhtml" xml:lang="en" lang="en">
 <head>
  <title>
</title>
<meta http-equiv="Content-Type" content="text/html;charset=utf-8" />
  <meta name='ocr-system' content='tesseract 3.04.00' />
  <meta name='ocr-capabilities' content='ocr_page ocr_carea ocr_par ocr_line ocrx_word'/>
</head>
<body>
  <div class='ocr_page' id='page_1' title='image "./joanniskepleria01unkngoog_0249.png"; bbox 0 0 3609 5634; ppageno 0'>
   <div class='ocr_carea' id='block_1_1' title="bbox 534 1275 1095 1436">
    <p class='ocr_par' dir='ltr' id='par_1_1' title="bbox 534 1275 1095 1436">
     <span class='ocr_line' id='line_1_1' title="bbox 534 1275 1095 1436; baseline 0.005 -61"><span class='ocrx_word' id='word_1_1' title='bbox 534 1424 537 1436; x_wconf 70' lang='lat'><strong>,</strong></span> <span class='ocrx_word' id='word_1_2' title='bbox 590 1275 1095 1379; x_wconf 73' lang='lat' dir='ltr'><strong>anonumum</strong></span> 
     </span>
    </p>
   </div>
   <div class='ocr_carea' id='block_1_2' title="bbox 777 1544 909 1556">
    <p class='ocr_par' dir='ltr' id='par_1_2' title="bbox 777 1544 909 1556">
     <span class='ocr_line' id='line_1_2' title="bbox 777 1544 909 1556; baseline 0.008 -3"><span class='ocrx_word' id='word_1_3' title='bbox 777 1544 909 1556; x_wconf 76' lang='lat'><strong>——-.</strong></span> 
     </span>
    </p>
   </div>
   <div class='ocr_carea' id='block_1_3' title="bbox 254 1701 1524 1787">
    <p class='ocr_par' dir='ltr' id='par_1_3' title="bbox 254 1701 1524 1787">
     <span class='ocr_line' id='line_1_3' title="bbox 254 1701 1524 1787; baseline 0.001 -20"><span class='ocrx_word' id='word_1_4' title='bbox 254 1706 288 1767; x_wconf 91' lang='lat' dir='ltr'><strong>In</strong></span> <span class='ocrx_word' id='word_1_5' title='bbox 311 1705 500 1785; x_wconf 73' lang='lat' dir='ltr'><strong>praefatione</strong></span> <span class='ocrx_word' id='word_1_6' title='bbox 523 1704 563 1766; x_wconf 92' lang='lat' dir='ltr'><strong>ad</strong></span> <span class='ocrx_word' id='word_1_7' title='bbox 577 1704 771 1766; x_wconf 89' lang='lat' dir='ltr'><strong>Prodromum</strong></span> <span class='ocrx_word' id='word_1_8' title='bbox 791 1704 876 1786; x_wconf 88' lang='lat' dir='ltr'><strong>(pag.</strong></span> <span class='ocrx_word' id='word_1_9' title='bbox 893 1702 953 1779; x_wconf 86' lang='grc'><strong>36)</strong></span> <span class='ocrx_word' id='word_1_10' title='bbox 976 1706 1108 1787; x_wconf 90' lang='lat' dir='ltr'><strong>epistola</strong></span> <span class='ocrx_word' id='word_1_11' title='bbox 1130 1712 1233 1769; x_wconf 87' lang='lat' dir='ltr'><strong>exstat</strong></span> <span class='ocrx_word' id='word_1_12' title='bbox 1248 1705 1293 1781; x_wconf 88' lang='lat' dir='ltr'><strong>(d.</strong></span> <span class='ocrx_word' id='word_1_13' title='bbox 1309 1704 1394 1787; x_wconf 89' lang='lat' dir='ltr'><strong>Sept.</strong></span> <span class='ocrx_word' id='word_1_14' title='bbox 1413 1701 1524 1780; x_wconf 82' lang='grc'>1597),</span> 
     </span>
    </p>
   </div>
   <div class='ocr_carea' id='block_1_4' title="bbox 163 1793 1591 2234">
    <p class='ocr_par' dir='ltr' id='par_1_4' title="bbox 163 1793 1591 2234">
     <span class='ocr_line' id='line_1_4' title="bbox 164 1793 1591 1877; baseline -0.001 -21"><span class='ocrx_word' id='word_1_15' title='bbox 164 1795 196 1856; x_wconf 92' lang='lat' dir='ltr'><strong>iu</strong></span> <span class='ocrx_word' id='word_1_16' title='bbox 221 1814 280 1875; x_wconf 88' lang='lat' dir='ltr'><strong>qua</strong></span> <span class='ocrx_word' id='word_1_17' title='bbox 302 1794 454 1875; x_wconf 85' lang='lat' dir='ltr'><strong>Keplerus</strong></span> <span class='ocrx_word' id='word_1_18' title='bbox 476 1794 525 1857; x_wconf 90' lang='lat' dir='ltr'><strong>his</strong></span> <span class='ocrx_word' id='word_1_19' title='bbox 547 1793 649 1856; x_wconf 89' lang='lat' dir='ltr'><strong>verbis</strong></span> <span class='ocrx_word' id='word_1_20' title='bbox 668 1794 833 1856; x_wconf 88' lang='lat' dir='ltr'><strong>Maestliuo</strong></span> <span class='ocrx_word' id='word_1_21' title='bbox 856 1795 994 1872; x_wconf 78' lang='lat' dir='ltr'><strong>nunciat,</strong></span> <span class='ocrx_word' id='word_1_22' title='bbox 1029 1795 1149 1859; x_wconf 80' lang='lat' dir='ltr'>misisse</span> <span class='ocrx_word' id='word_1_23' title='bbox 1173 1816 1206 1858; x_wconf 90' lang='lat' dir='ltr'><strong>ee</strong></span> <span class='ocrx_word' id='word_1_24' title='bbox 1225 1795 1408 1877; x_wconf 87' lang='lat' dir='ltr'><strong>Raymaro</strong></span> <span class='ocrx_word' id='word_1_25' title='bbox 1431 1795 1525 1858; x_wconf 83' lang='lat' dir='ltr'><strong>Urso</strong></span> <span class='ocrx_word' id='word_1_26' title='bbox 1584 1866 1591 1875; x_wconf 21' lang='lat' dir='ltr'>x</span> 
     </span>
     <span class='ocr_line' id='line_1_5' title="bbox 163 1883 1525 1967; baseline -0.001 -21"><span class='ocrx_word' id='word_1_27' title='bbox 163 1883 343 1946; x_wconf 90' lang='lat' dir='ltr'><strong>Dithmarso</strong></span> <span class='ocrx_word' id='word_1_28' title='bbox 373 1883 548 1964; x_wconf 90' lang='lat' dir='ltr'><strong>opusculum</strong></span> <span class='ocrx_word' id='word_1_29' title='bbox 571 1902 667 1945; x_wconf 85' lang='lat' dir='ltr'><strong>suum.</strong></span> <span class='ocrx_word' id='word_1_30' title='bbox 714 1883 832 1958; x_wconf 87' lang='lat' dir='ltr'><strong>„Ursus</strong></span> <span class='ocrx_word' id='word_1_31' title='bbox 854 1884 957 1965; x_wconf 88' lang='lat' dir='ltr'><strong>Praga</strong></span> <span class='ocrx_word' id='word_1_32' title='bbox 985 1885 1023 1947; x_wconf 88' lang='lat' dir='ltr'><strong>ad</strong></span> <span class='ocrx_word' id='word_1_33' title='bbox 1049 1905 1097 1949; x_wconf 89' lang='lat' dir='ltr'><strong>me</strong></span> <span class='ocrx_word' id='word_1_34' title='bbox 1121 1885 1257 1967; x_wconf 78' lang='lat' dir='ltr'>scripsit,</span> <span class='ocrx_word' id='word_1_35' title='bbox 1288 1895 1396 1963; x_wconf 88' lang='lat' dir='ltr'><strong>petens</strong></span> <span class='ocrx_word' id='word_1_36' title='bbox 1420 1903 1525 1945; x_wconf 85' lang='lat' dir='ltr'><strong>exem-</strong></span> 
     </span>
     <span class='ocr_line' id='line_1_6' title="bbox 165 1971 1526 2057; baseline 0 -23"><span class='ocrx_word' id='word_1_37' title='bbox 165 1974 285 2057; x_wconf 89' lang='lat' dir='ltr'><strong>plaria;</strong></span> <span class='ocrx_word' id='word_1_38' title='bbox 310 1973 356 2035; x_wconf 90' lang='lat' dir='ltr'><strong>cni</strong></span> <span class='ocrx_word' id='word_1_39' title='bbox 380 1971 516 2055; x_wconf 88' lang='lat' dir='ltr'><strong>quamvis</strong></span> <span class='ocrx_word' id='word_1_40' title='bbox 539 1971 659 2034; x_wconf 90' lang='lat' dir='ltr'><strong>minime</strong></span> <span class='ocrx_word' id='word_1_41' title='bbox 673 1973 759 2052; x_wconf 84' lang='lat' dir='ltr'><strong>gravi</strong></span> <span class='ocrx_word' id='word_1_42' title='bbox 784 1974 903 2037; x_wconf 89' lang='lat' dir='ltr'><strong>authori</strong></span> <span class='ocrx_word' id='word_1_43' title='bbox 925 1975 1036 2037; x_wconf 91' lang='lat' dir='ltr'><strong>indulsi</strong></span> <span class='ocrx_word' id='word_1_44' title='bbox 1060 1984 1173 2052; x_wconf 86' lang='lat' dir='ltr'><strong>tamen,</strong></span> <span class='ocrx_word' id='word_1_45' title='bbox 1198 1974 1269 2056; x_wconf 90' lang='lat' dir='ltr'><strong>quia</strong></span> <span class='ocrx_word' id='word_1_46' title='bbox 1283 1972 1455 2037; x_wconf 84' lang='lat' dir='ltr'><strong>Caesareus</strong></span> <span class='ocrx_word' id='word_1_47' title='bbox 1478 1981 1526 2034; x_wconf 88' lang='lat' dir='ltr'><strong>est</strong></span> 
     </span>
     <span class='ocr_line' id='line_1_7' title="bbox 166 2061 1524 2146; baseline 0 -22"><span class='ocrx_word' id='word_1_48' title='bbox 166 2062 420 2135; x_wconf 86' lang='lat' dir='ltr'><strong>mathematicus,</strong></span> <span class='ocrx_word' id='word_1_49' title='bbox 451 2061 581 2143; x_wconf 82' lang='lat' dir='ltr'>mihique</span> <span class='ocrx_word' id='word_1_50' title='bbox 612 2080 672 2143; x_wconf 87' lang='lat' dir='ltr'><strong>qna</strong></span> <span class='ocrx_word' id='word_1_51' title='bbox 703 2063 847 2143; x_wconf 81' lang='lat' dir='ltr'>prodesse</span> <span class='ocrx_word' id='word_1_52' title='bbox 878 2083 938 2145; x_wconf 90' lang='lat' dir='ltr'><strong>qua</strong></span> <span class='ocrx_word' id='word_1_53' title='bbox 967 2064 1074 2127; x_wconf 89' lang='lat' dir='ltr'><strong>obesse</strong></span> <span class='ocrx_word' id='word_1_54' title='bbox 1103 2070 1216 2146; x_wconf 88' lang='lat' dir='ltr'><strong>potest.</strong></span> <span class='ocrx_word' id='word_1_55' title='bbox 1262 2063 1356 2125; x_wconf 89' lang='lat' dir='ltr'><strong>Patet</strong></span> <span class='ocrx_word' id='word_1_56' title='bbox 1384 2063 1465 2125; x_wconf 89' lang='lat' dir='ltr'><strong>enirn</strong></span> <span class='ocrx_word' id='word_1_57' title='bbox 1495 2062 1524 2124; x_wconf 92' lang='lat' dir='ltr'><strong>in</strong></span> 
     </span>
     <span class='ocr_line' id='line_1_8' title="bbox 166 2150 1526 2234; baseline -0.001 -20"><span class='ocrx_word' id='word_1_58' title='bbox 166 2151 302 2234; x_wconf 88' lang='lat' dir='ltr'><strong>Styriam</strong></span> <span class='ocrx_word' id='word_1_59' title='bbox 325 2171 419 2233; x_wconf 90' lang='lat' dir='ltr'><strong>usquo</strong></span> <span class='ocrx_word' id='word_1_60' title='bbox 441 2152 507 2230; x_wconf 89' lang='lat' dir='ltr'><strong>ejus</strong></span> <span class='ocrx_word' id='word_1_61' title='bbox 531 2150 757 2233; x_wconf 63' lang='lat' dir='ltr'><strong>familiaritas‘f</strong></span> <span class='ocrx_word' id='word_1_62' title='bbox 801 2152 875 2214; x_wconf 90' lang='lat' dir='ltr'><strong>Inde</strong></span> <span class='ocrx_word' id='word_1_63' title='bbox 899 2153 1033 2233; x_wconf 82' lang='lat' dir='ltr'><strong>Keplero</strong></span> <span class='ocrx_word' id='word_1_64' title='bbox 1057 2162 1125 2216; x_wconf 89' lang='lat' dir='ltr'><strong>orta</strong></span> <span class='ocrx_word' id='word_1_65' title='bbox 1139 2161 1210 2216; x_wconf 86' lang='lat' dir='ltr'><strong>sunt</strong></span> <span class='ocrx_word' id='word_1_66' title='bbox 1227 2152 1425 2225; x_wconf 89' lang='lat' dir='ltr'><strong>incommoda,</strong></span> <span class='ocrx_word' id='word_1_67' title='bbox 1449 2169 1526 2232; x_wconf 86' lang='lat' dir='ltr'><strong>quae</strong></span> 
     </span>
    </p>
   </div>
   <div class='ocr_carea' id='block_1_5' title="bbox 72 2240 1524 2322">
    <p class='ocr_par' dir='ltr' id='par_1_5' title="bbox 72 2240 1524 2322">
     <span class='ocr_line' id='line_1_9' title="bbox 72 2240 1524 2322; baseline -0.001 -20"><span class='ocrx_word' id='word_1_68' title='bbox 72 2259 79 2265; x_wconf 88' lang='lat'><em>·</em></span> <span class='ocrx_word' id='word_1_69' title='bbox 167 2248 330 2321; x_wconf 85' lang='lat' dir='ltr'><strong>sequentes</strong></span> <span class='ocrx_word' id='word_1_70' title='bbox 353 2241 498 2303; x_wconf 77' lang='lat' dir='ltr'><strong>exhibent</strong></span> <span class='ocrx_word' id='word_1_71' title='bbox 519 2240 648 2321; x_wconf 79' lang='lat' dir='ltr'><strong>paginae</strong></span> <span class='ocrx_word' id='word_1_72' title='bbox 673 2248 705 2302; x_wconf 89' lang='lat' dir='ltr'><strong>et</strong></span> <span class='ocrx_word' id='word_1_73' title='bbox 728 2260 852 2322; x_wconf 87' lang='lat' dir='ltr'><strong>quornm</strong></span> <span class='ocrx_word' id='word_1_74' title='bbox 877 2242 1129 2305; x_wconf 88' lang='lat' dir='ltr'><strong>sublevandorum</strong></span> <span class='ocrx_word' id='word_1_75' title='bbox 1154 2262 1248 2304; x_wconf 89' lang='lat' dir='ltr'><strong>causa</strong></span> <span class='ocrx_word' id='word_1_76' title='bbox 1265 2241 1415 2322; x_wconf 89' lang='lat' dir='ltr'><strong>Keplerue</strong></span> <span class='ocrx_word' id='word_1_77' title='bbox 1435 2240 1524 2302; x_wconf 87' lang='lat' dir='ltr'><strong>libel-</strong></span> 
     </span>
    </p>
   </div>
   <div class='ocr_carea' id='block_1_6' title="bbox 166 2327 1595 3481">
    <p class='ocr_par' dir='ltr' id='par_1_6' title="bbox 166 2327 1526 2502">
     <span class='ocr_line' id='line_1_10' title="bbox 166 2327 1526 2412; baseline -0.002 -19"><span class='ocrx_word' id='word_1_78' title='bbox 166 2331 229 2393; x_wconf 93' lang='lat' dir='ltr'><strong>lum</strong></span> <span class='ocrx_word' id='word_1_79' title='bbox 261 2329 455 2411; x_wconf 91' lang='lat' dir='ltr'><strong>conscripsit,</strong></span> <span class='ocrx_word' id='word_1_80' title='bbox 489 2329 538 2412; x_wconf 91' lang='lat' dir='ltr'><strong>qui</strong></span> <span class='ocrx_word' id='word_1_81' title='bbox 567 2329 703 2411; x_wconf 84' lang='lat' dir='ltr'><strong>quamvis</strong></span> <span class='ocrx_word' id='word_1_82' title='bbox 731 2349 789 2392; x_wconf 91' lang='lat' dir='ltr'><strong>non</strong></span> <span class='ocrx_word' id='word_1_83' title='bbox 818 2330 975 2394; x_wconf 89' lang='lat' dir='ltr'><strong>absolutus</strong></span> <span class='ocrx_word' id='word_1_84' title='bbox 1000 2350 1017 2392; x_wconf 92' lang='lat' dir='ltr'><strong>e</strong></span> <span class='ocrx_word' id='word_1_85' title='bbox 1048 2330 1261 2412; x_wconf 75' lang='lat' dir='ltr'><strong>manuscriptis</strong></span> <span class='ocrx_word' id='word_1_86' title='bbox 1290 2327 1526 2410; x_wconf 86' lang='lat' dir='ltr'><strong>Petropolitanis</strong></span> 
     </span>
     <span class='ocr_line' id='line_1_11' title="bbox 166 2419 741 2502; baseline -0.003 -20"><span class='ocrx_word' id='word_1_87' title='bbox 166 2419 296 2500; x_wconf 89' lang='lat' dir='ltr'><strong>primum</strong></span> <span class='ocrx_word' id='word_1_88' title='bbox 319 2419 368 2482; x_wconf 90' lang='lat' dir='ltr'><strong>hic</strong></span> <span class='ocrx_word' id='word_1_89' title='bbox 391 2420 472 2502; x_wconf 89' lang='lat' dir='ltr'><strong>typis</strong></span> <span class='ocrx_word' id='word_1_90' title='bbox 495 2419 659 2499; x_wconf 88' lang='lat' dir='ltr'><strong>impressus</strong></span> <span class='ocrx_word' id='word_1_91' title='bbox 683 2429 741 2482; x_wconf 87' lang='lat' dir='ltr'><strong>est.</strong></span> 
     </span>
    </p>

    <p class='ocr_par' dir='ltr' id='par_1_7' title="bbox 167 2504 1595 3481">
     <span class='ocr_line' id='line_1_12' title="bbox 256 2504 1526 2588; baseline -0.002 -18"><span class='ocrx_word' id='word_1_92' title='bbox 256 2509 338 2571; x_wconf 88' lang='lat' dir='ltr'><strong>Joh.</strong></span> <span class='ocrx_word' id='word_1_93' title='bbox 363 2509 541 2571; x_wconf 89' lang='lat' dir='ltr'><strong>Mollerns</strong></span> <span class='ocrx_word' id='word_1_94' title='bbox 564 2507 816 2588; x_wconf 85' lang='lat' dir='ltr'><strong>Flensburgensis</strong></span> <span class='ocrx_word' id='word_1_95' title='bbox 848 2505 877 2568; x_wconf 90' lang='lat' dir='ltr'><strong>in</strong></span> <span class='ocrx_word' id='word_1_96' title='bbox 901 2514 985 2570; x_wconf 87' lang='lat' dir='ltr'><strong>torno</strong></span> <span class='ocrx_word' id='word_1_97' title='bbox 1003 2509 1027 2569; x_wconf 90' lang='lat'><strong>1.</strong></span> <span class='ocrx_word' id='word_1_98' title='bbox 1052 2507 1151 2588; x_wconf 90' lang='lat' dir='ltr'><strong>operis</strong></span> <span class='ocrx_word' id='word_1_99' title='bbox 1175 2506 1326 2585; x_wconf 85' lang='lat' dir='ltr'><strong>inscripti:</strong></span> <span class='ocrx_word' id='word_1_100' title='bbox 1360 2504 1526 2571; x_wconf 83' lang='lat' dir='ltr'><strong>Gimbria</strong></span> 
     </span>
     <span class='ocr_line' id='line_1_13' title="bbox 167 2592 1595 2670; baseline -0.003 -10"><span class='ocrx_word' id='word_1_101' title='bbox 167 2598 347 2660; x_wconf 88' lang='lat' dir='ltr'><strong>Literata</strong></span> <span class='ocrx_word' id='word_1_102' title='bbox 370 2592 633 2670; x_wconf 72' lang='lat' dir='ltr'><strong>(narniaeittt)</strong></span> <span class='ocrx_word' id='word_1_103' title='bbox 664 2597 740 2659; x_wconf 90' lang='lat' dir='ltr'><strong>haec</strong></span> <span class='ocrx_word' id='word_1_104' title='bbox 763 2598 800 2658; x_wconf 93' lang='lat' dir='ltr'><strong>de</strong></span> <span class='ocrx_word' id='word_1_105' title='bbox 821 2596 903 2659; x_wconf 80' lang='lat' dir='ltr'><strong>Urso</strong></span> <span class='ocrx_word' id='word_1_106' title='bbox 928 2598 1036 2659; x_wconf 89' lang='lat' dir='ltr'><strong>refert:</strong></span> <span class='ocrx_word' id='word_1_107' title='bbox 1070 2597 1169 2660; x_wconf 90' lang='lat' dir='ltr'><strong>Nicol.</strong></span> <span class='ocrx_word' id='word_1_108' title='bbox 1190 2595 1396 2659; x_wconf 76' lang='lat' dir='ltr'><strong>Reimarus</strong></span> <span class='ocrx_word' id='word_1_109' title='bbox 1418 2595 1525 2665; x_wconf 89' lang='lat' dir='ltr'><strong>Ursus,</strong></span> <span class='ocrx_word' id='word_1_110' title='bbox 1592 2627 1595 2631; x_wconf 93' lang='lat'>·</span> 
     </span>
     <span class='ocr_line' id='line_1_14' title="bbox 168 2681 1527 2766; baseline -0.002 -18"><span class='ocrx_word' id='word_1_111' title='bbox 168 2686 327 2749; x_wconf 88' lang='lat' dir='ltr'><strong>Hensteda</strong></span> <span class='ocrx_word' id='word_1_112' title='bbox 350 2687 545 2750; x_wconf 87' lang='lat' dir='ltr'><strong>Dithmarsns</strong></span> <span class='ocrx_word' id='word_1_113' title='bbox 569 2688 621 2761; x_wconf 87' lang='lat' dir='ltr'><strong>(an</strong></span> <span class='ocrx_word' id='word_1_114' title='bbox 646 2685 733 2750; x_wconf 90' lang='lat' dir='ltr'>Ursi</span> <span class='ocrx_word' id='word_1_115' title='bbox 762 2704 910 2766; x_wconf 80' lang='lat' dir='ltr'><strong>agnomen</strong></span> <span class='ocrx_word' id='word_1_116' title='bbox 934 2686 1117 2766; x_wconf 84' lang='lat' dir='ltr'><strong>gentilitium</strong></span> <span class='ocrx_word' id='word_1_117' title='bbox 1144 2681 1297 2765; x_wconf 81' lang='lat' dir='ltr'><strong>habherit,</strong></span> <span class='ocrx_word' id='word_1_118' title='bbox 1326 2685 1376 2748; x_wconf 87' lang='lat' dir='ltr'><strong>vel</strong></span> <span class='ocrx_word' id='word_1_119' title='bbox 1397 2686 1527 2766; x_wconf 85' lang='lat' dir='ltr'><strong>ipsemet</strong></span> 
     </span>
     <span class='ocr_line' id='line_1_15' title="bbox 169 2773 1526 2857; baseline -0.004 -19"><span class='ocrx_word' id='word_1_120' title='bbox 169 2775 347 2852; x_wconf 78' lang='lat' dir='ltr'><strong>adsciverit,</strong></span> <span class='ocrx_word' id='word_1_121' title='bbox 371 2775 507 2857; x_wconf 88' lang='lat' dir='ltr'><strong>ignoro),</strong></span> <span class='ocrx_word' id='word_1_122' title='bbox 533 2774 674 2838; x_wconf 85' lang='lat' dir='ltr'><strong>subulcus</strong></span> <span class='ocrx_word' id='word_1_123' title='bbox 697 2774 907 2853; x_wconf 69' lang='grc' dir='ltr'><strong><em>ἀναλφαβητος</em></strong></span> <span class='ocrx_word' id='word_1_124' title='bbox 921 2776 979 2838; x_wconf 90' lang='lat' dir='ltr'><strong>fuit</strong></span> <span class='ocrx_word' id='word_1_125' title='bbox 993 2776 1030 2837; x_wconf 89' lang='lat' dir='ltr'><strong>ad</strong></span> <span class='ocrx_word' id='word_1_126' title='bbox 1046 2795 1154 2837; x_wconf 87' lang='lat' dir='ltr'><strong>annum</strong></span> <span class='ocrx_word' id='word_1_127' title='bbox 1174 2794 1266 2856; x_wconf 88' lang='lat' dir='ltr'><strong>usque</strong></span> <span class='ocrx_word' id='word_1_128' title='bbox 1282 2774 1394 2837; x_wconf 88' lang='lat' dir='ltr'><strong>aetatis</strong></span> <span class='ocrx_word' id='word_1_129' title='bbox 1407 2773 1526 2837; x_wconf 88' lang='lat' dir='ltr'>XVIII.</span> 
     </span>
     <span class='ocr_line' id='line_1_16' title="bbox 168 2861 1525 2945; baseline -0.002 -18"><span class='ocrx_word' id='word_1_130' title='bbox 168 2867 200 2927; x_wconf 79' lang='lat' dir='ltr'>A</span> <span class='ocrx_word' id='word_1_131' title='bbox 222 2883 309 2926; x_wconf 90' lang='lat' dir='ltr'><strong>sunm</strong></span> <span class='ocrx_word' id='word_1_132' title='bbox 336 2885 410 2928; x_wconf 90' lang='lat' dir='ltr'><strong>cura</strong></span> <span class='ocrx_word' id='word_1_133' title='bbox 432 2866 471 2927; x_wconf 89' lang='lat' dir='ltr'><strong>ad</strong></span> <span class='ocrx_word' id='word_1_134' title='bbox 489 2865 644 2927; x_wconf 88' lang='lat' dir='ltr'><strong>literarum</strong></span> <span class='ocrx_word' id='word_1_135' title='bbox 667 2864 768 2927; x_wconf 88' lang='lat' dir='ltr'><strong>studia</strong></span> <span class='ocrx_word' id='word_1_136' title='bbox 792 2863 872 2926; x_wconf 90' lang='lat' dir='ltr'><strong>felici</strong></span> <span class='ocrx_word' id='word_1_137' title='bbox 896 2883 1038 2927; x_wconf 88' lang='lat' dir='ltr'><strong>successu</strong></span> <span class='ocrx_word' id='word_1_138' title='bbox 1061 2865 1183 2927; x_wconf 88' lang='lat' dir='ltr'><strong>transiit</strong></span> <span class='ocrx_word' id='word_1_139' title='bbox 1206 2872 1238 2926; x_wconf 87' lang='lat' dir='ltr'><strong>et</strong></span> <span class='ocrx_word' id='word_1_140' title='bbox 1259 2864 1419 2945; x_wconf 85' lang='lat' dir='ltr'><strong>plerasque</strong></span> <span class='ocrx_word' id='word_1_141' title='bbox 1439 2861 1525 2925; x_wconf 77' lang='lat' dir='ltr'><strong>ciero·</strong></span> 
     </span>
     <span class='ocr_line' id='line_1_17' title="bbox 169 2951 1526 3035; baseline -0.001 -20"><span class='ocrx_word' id='word_1_142' title='bbox 169 2958 305 3025; x_wconf 62' lang='lat' dir='ltr'><strong>onoma</strong></span> <span class='ocrx_word' id='word_1_143' title='bbox 326 2973 470 3035; x_wconf 89' lang='lat' dir='ltr'><strong>perquam</strong></span> <span class='ocrx_word' id='word_1_144' title='bbox 493 2954 551 3017; x_wconf 88' lang='lat' dir='ltr'><strong>sibi</strong></span> <span class='ocrx_word' id='word_1_145' title='bbox 574 2953 706 3016; x_wconf 88' lang='lat' dir='ltr'><strong>reddidit</strong></span> <span class='ocrx_word' id='word_1_146' title='bbox 729 2952 905 3015; x_wconf 79' lang='lat' dir='ltr'><strong>familiares.</strong></span> <span class='ocrx_word' id='word_1_147' title='bbox 952 2953 1097 3029; x_wconf 90' lang='lat' dir='ltr'><strong>Scholas,</strong></span> <span class='ocrx_word' id='word_1_148' title='bbox 1131 2953 1210 3016; x_wconf 88' lang='lat' dir='ltr'><strong>sicut</strong></span> <span class='ocrx_word' id='word_1_149' title='bbox 1232 2952 1361 3033; x_wconf 88' lang='lat' dir='ltr'><strong>ipsemet</strong></span> <span class='ocrx_word' id='word_1_150' title='bbox 1383 2951 1526 3014; x_wconf 87' lang='lat' dir='ltr'><strong>rusticum</strong></span> 
     </span>
     <span class='ocr_line' id='line_1_18' title="bbox 170 3040 1525 3123; baseline -0.003 -19"><span class='ocrx_word' id='word_1_151' title='bbox 170 3063 205 3105; x_wconf 94' lang='lat' dir='ltr'><strong>se</strong></span> <span class='ocrx_word' id='word_1_152' title='bbox 227 3061 341 3111; x_wconf 84' lang='lat' dir='ltr'><strong>vocans</strong></span> <span class='ocrx_word' id='word_1_153' title='bbox 364 3044 570 3105; x_wconf 89' lang='lat' dir='ltr'><strong>Dithmarsum</strong></span> <span class='ocrx_word' id='word_1_154' title='bbox 602 3049 750 3118; x_wconf 88' lang='lat' dir='ltr'><strong>testatur,</strong></span> <span class='ocrx_word' id='word_1_155' title='bbox 775 3042 840 3118; x_wconf 94' lang='lat' dir='ltr'><strong>„uti</strong></span> <span class='ocrx_word' id='word_1_156' title='bbox 864 3061 917 3104; x_wconf 85' lang='lat' dir='ltr'><strong>sus</strong></span> <span class='ocrx_word' id='word_1_157' title='bbox 940 3041 1061 3105; x_wconf 90' lang='lat' dir='ltr'><strong>bortum</strong></span> <span class='ocrx_word' id='word_1_158' title='bbox 1083 3043 1231 3123; x_wconf 87' lang='lat' dir='ltr'><strong>percurrit</strong></span> <span class='ocrx_word' id='word_1_159' title='bbox 1253 3051 1286 3103; x_wconf 90' lang='lat' dir='ltr'><strong>et</strong></span> <span class='ocrx_word' id='word_1_160' title='bbox 1309 3041 1402 3109; x_wconf 70' lang='lat' dir='ltr'><strong>vina</strong></span> <span class='ocrx_word' id='word_1_161' title='bbox 1425 3040 1525 3103; x_wconf 89' lang='lat' dir='ltr'><strong>limine</strong></span> 
     </span>
     <span class='ocr_line' id='line_1_19' title="bbox 168 3130 1527 3214; baseline -0.003 -20"><span class='ocrx_word' id='word_1_162' title='bbox 168 3132 329 3208; x_wconf 86' lang='lat' dir='ltr'><strong>salutavit,</strong></span> <span class='ocrx_word' id='word_1_163' title='bbox 361 3133 417 3194; x_wconf 90' lang='lat' dir='ltr'><strong>sed</strong></span> <span class='ocrx_word' id='word_1_164' title='bbox 440 3142 459 3194; x_wconf 85' lang='lat' dir='ltr'><strong>a</strong></span> <span class='ocrx_word' id='word_1_165' title='bbox 481 3132 563 3194; x_wconf 86' lang='lat' dir='ltr'><strong>stiva</strong></span> <span class='ocrx_word' id='word_1_166' title='bbox 584 3131 666 3194; x_wconf 88' lang='lat' dir='ltr'><strong>illico</strong></span> <span class='ocrx_word' id='word_1_167' title='bbox 689 3131 719 3192; x_wconf 91' lang='lat' dir='ltr'><strong>iu</strong></span> <span class='ocrx_word' id='word_1_168' title='bbox 743 3151 836 3212; x_wconf 88' lang='lat' dir='ltr'><strong>remp.</strong></span> <span class='ocrx_word' id='word_1_169' title='bbox 861 3130 1028 3194; x_wconf 89' lang='lat' dir='ltr'><strong>literariam</strong></span> <span class='ocrx_word' id='word_1_170' title='bbox 1055 3132 1200 3213; x_wconf 82' lang='lat' dir='ltr'><strong>singulari</strong></span> <span class='ocrx_word' id='word_1_171' title='bbox 1229 3131 1356 3214; x_wconf 87' lang='lat' dir='ltr'><strong>quodam</strong></span> <span class='ocrx_word' id='word_1_172' title='bbox 1385 3131 1450 3192; x_wconf 89' lang='lat' dir='ltr'><strong>fato</strong></span> <span class='ocrx_word' id='word_1_173' title='bbox 1473 3136 1527 3191; x_wconf 89' lang='lat' dir='ltr'><strong>aut</strong></span> 
     </span>
     <span class='ocr_line' id='line_1_20' title="bbox 169 3220 1526 3303; baseline -0.003 -20"><span class='ocrx_word' id='word_1_174' title='bbox 169 3221 257 3301; x_wconf 90' lang='lat' dir='ltr'><strong>genio</strong></span> <span class='ocrx_word' id='word_1_175' title='bbox 280 3222 423 3303; x_wconf 88' lang='lat' dir='ltr'><strong>irrupit.“</strong></span> <span class='ocrx_word' id='word_1_176' title='bbox 468 3222 503 3283; x_wconf 91' lang='lat' dir='ltr'><strong>In</strong></span> <span class='ocrx_word' id='word_1_177' title='bbox 526 3221 655 3284; x_wconf 87' lang='lat' dir='ltr'><strong>mathesi</strong></span> <span class='ocrx_word' id='word_1_178' title='bbox 679 3228 711 3283; x_wconf 89' lang='lat' dir='ltr'><strong>et</strong></span> <span class='ocrx_word' id='word_1_179' title='bbox 724 3220 910 3283; x_wconf 85' lang='lat' dir='ltr'><strong>astronomia</strong></span> <span class='ocrx_word' id='word_1_180' title='bbox 932 3228 1034 3284; x_wconf 85' lang='lat' dir='ltr'><strong>tamen</strong></span> <span class='ocrx_word' id='word_1_181' title='bbox 1048 3223 1202 3285; x_wconf 86' lang='lat' dir='ltr'><strong>doctorem</strong></span> <span class='ocrx_word' id='word_1_182' title='bbox 1216 3240 1301 3284; x_wconf 89' lang='lat' dir='ltr'><strong>suum</strong></span> <span class='ocrx_word' id='word_1_183' title='bbox 1321 3220 1414 3283; x_wconf 87' lang='lat' dir='ltr'><strong>fnisse</strong></span> <span class='ocrx_word' id='word_1_184' title='bbox 1429 3236 1526 3299; x_wconf 88' lang='lat' dir='ltr'><strong>agno·</strong></span> 
     </span>
     <span class='ocr_line' id='line_1_21' title="bbox 169 3308 1521 3394; baseline -0.003 -22"><span class='ocrx_word' id='word_1_185' title='bbox 169 3311 229 3373; x_wconf 89' lang='lat' dir='ltr'><strong>scit</strong></span> <span class='ocrx_word' id='word_1_186' title='bbox 250 3310 271 3373; x_wconf 94' lang='lat' dir='ltr'><strong>J</strong></span> <span class='ocrx_word' id='word_1_187' title='bbox 278 3318 404 3375; x_wconf 89' lang='lat' dir='ltr'><strong>ustum</strong></span> <span class='ocrx_word' id='word_1_188' title='bbox 426 3310 610 3394; x_wconf 87' lang='lat' dir='ltr'><strong>Byrgium.</strong></span> <span class='ocrx_word' id='word_1_189' title='bbox 656 3310 782 3373; x_wconf 90' lang='lat' dir='ltr'><strong>Patroni</strong></span> <span class='ocrx_word' id='word_1_190' title='bbox 805 3308 971 3372; x_wconf 89' lang='lat' dir='ltr'><strong>studiorum</strong></span> <span class='ocrx_word' id='word_1_191' title='bbox 989 3312 1093 3391; x_wconf 86' lang='lat' dir='ltr'><strong>juveni</strong></span> <span class='ocrx_word' id='word_1_192' title='bbox 1117 3311 1289 3391; x_wconf 88' lang='lat' dir='ltr'><strong>obtigerunt</strong></span> <span class='ocrx_word' id='word_1_193' title='bbox 1309 3310 1415 3373; x_wconf 87' lang='lat' dir='ltr'><strong>Heur.</strong></span> <span class='ocrx_word' id='word_1_194' title='bbox 1430 3308 1521 3371; x_wconf 90' lang='lat' dir='ltr'><strong>Ran-</strong></span> 
     </span>
     <span class='ocr_line' id='line_1_22' title="bbox 168 3396 1528 3481; baseline -0.003 -19"><span class='ocrx_word' id='word_1_195' title='bbox 168 3400 314 3473; x_wconf 84' lang='lat' dir='ltr'><strong>zovins,</strong></span> <span class='ocrx_word' id='word_1_196' title='bbox 344 3419 454 3480; x_wconf 82' lang='lat' dir='ltr'><strong>prorex</strong></span> <span class='ocrx_word' id='word_1_197' title='bbox 477 3398 646 3463; x_wconf 81' lang='lat' dir='ltr'><strong>Cimbricus</strong></span> <span class='ocrx_word' id='word_1_198' title='bbox 674 3407 706 3462; x_wconf 87' lang='lat' dir='ltr'><strong>et</strong></span> <span class='ocrx_word' id='word_1_199' title='bbox 730 3398 956 3463; x_wconf 89' lang='lat' dir='ltr'><strong>Guilielmns</strong></span> <span class='ocrx_word' id='word_1_200' title='bbox 982 3399 1151 3464; x_wconf 88' lang='lat' dir='ltr'><strong>Hassornm</strong></span> <span class='ocrx_word' id='word_1_201' title='bbox 1175 3399 1326 3481; x_wconf 89' lang='lat' dir='ltr'><strong>princeps.</strong></span> <span class='ocrx_word' id='word_1_202' title='bbox 1371 3398 1399 3461; x_wconf 89' lang='grc' dir='ltr'><strong>Ε</strong></span> <span class='ocrx_word' id='word_1_203' title='bbox 1426 3396 1528 3478; x_wconf 89' lang='lat' dir='ltr'><strong>patria</strong></span> 
     </span>
    </p>
   </div>
   <div class='ocr_carea' id='block_1_7' title="bbox 63 3483 1524 3569">
    <p class='ocr_par' dir='ltr' id='par_1_8' title="bbox 63 3483 1524 3569">
     <span class='ocr_line' id='line_1_23' title="bbox 63 3483 1524 3569; baseline -0.001 -19"><span class='ocrx_word' id='word_1_204' title='bbox 63 3494 67 3503; x_wconf 92' lang='lat'>&#39;</span> <span class='ocrx_word' id='word_1_205' title='bbox 168 3488 339 3568; x_wconf 89' lang='lat' dir='ltr'><strong>digressus,</strong></span> <span class='ocrx_word' id='word_1_206' title='bbox 364 3488 460 3551; x_wconf 87' lang='lat' dir='ltr'><strong>vitam</strong></span> <span class='ocrx_word' id='word_1_207' title='bbox 479 3490 623 3569; x_wconf 85' lang='lat' dir='ltr'><strong>juvenum</strong></span> <span class='ocrx_word' id='word_1_208' title='bbox 645 3489 856 3551; x_wconf 83' lang='lat' dir='ltr'><strong>informatione</strong></span> <span class='ocrx_word' id='word_1_209' title='bbox 880 3489 1024 3552; x_wconf 84' lang='lat' dir='ltr'><strong>toleravit</strong></span> <span class='ocrx_word' id='word_1_210' title='bbox 1046 3490 1203 3565; x_wconf 89' lang='lat' dir='ltr'><strong>nobilium,</strong></span> <span class='ocrx_word' id='word_1_211' title='bbox 1236 3495 1268 3551; x_wconf 88' lang='lat' dir='ltr'><strong>et</strong></span> <span class='ocrx_word' id='word_1_212' title='bbox 1291 3511 1318 3553; x_wconf 88' lang='lat' dir='ltr'><strong>a.</strong></span> <span class='ocrx_word' id='word_1_213' title='bbox 1347 3483 1431 3551; x_wconf 82' lang='grc'>1584</span> <span class='ocrx_word' id='word_1_214' title='bbox 1453 3485 1524 3548; x_wconf 87' lang='lat' dir='ltr'><strong>Eri·</strong></span> 
     </span>
    </p>
   </div>
   <div class='ocr_carea' id='block_1_8' title="bbox 165 3575 1563 4550">
    <p class='ocr_par' dir='ltr' id='par_1_9' title="bbox 165 3575 1563 4550">
     <span class='ocr_line' id='line_1_24' title="bbox 169 3575 1525 3660; baseline -0.004 -20"><span class='ocrx_word' id='word_1_215' title='bbox 169 3597 236 3640; x_wconf 87' lang='lat' dir='ltr'><strong>cnru</strong></span> <span class='ocrx_word' id='word_1_216' title='bbox 257 3579 408 3660; x_wconf 80' lang='lat' dir='ltr'><strong>Largium</strong></span> <span class='ocrx_word' id='word_1_217' title='bbox 432 3578 603 3659; x_wconf 82' lang='lat' dir='ltr'><strong>Tychonem</strong></span> <span class='ocrx_word' id='word_1_218' title='bbox 625 3577 655 3641; x_wconf 90' lang='lat' dir='ltr'><strong>in</strong></span> <span class='ocrx_word' id='word_1_219' title='bbox 680 3596 749 3650; x_wconf 88' lang='lat' dir='ltr'><strong>arce</strong></span> <span class='ocrx_word' id='word_1_220' title='bbox 772 3578 917 3640; x_wconf 89' lang='lat' dir='ltr'><strong>Hnenuae</strong></span> <span class='ocrx_word' id='word_1_221' title='bbox 941 3579 1058 3641; x_wconf 86' lang='lat' dir='ltr'><strong>insulae</strong></span> <span class='ocrx_word' id='word_1_222' title='bbox 1081 3578 1262 3640; x_wconf 89' lang='lat' dir='ltr'><strong>invisentem</strong></span> <span class='ocrx_word' id='word_1_223' title='bbox 1284 3585 1334 3640; x_wconf 87' lang='lat' dir='ltr'><strong>est</strong></span> <span class='ocrx_word' id='word_1_224' title='bbox 1352 3575 1525 3639; x_wconf 88' lang='lat' dir='ltr'><strong>comitatus.</strong></span> 
     </span>
     <span class='ocr_line' id='line_1_25' title="bbox 169 3663 1524 3748; baseline -0.002 -19"><span class='ocrx_word' id='word_1_225' title='bbox 169 3665 327 3742; x_wconf 79' lang='lat' dir='ltr'><strong>Caesellio,</strong></span> <span class='ocrx_word' id='word_1_226' title='bbox 352 3668 402 3730; x_wconf 95' lang='lat' dir='ltr'><strong>ubi</strong></span> <span class='ocrx_word' id='word_1_227' title='bbox 426 3666 608 3748; x_wconf 81' lang='lat' dir='ltr'><strong>aliquamdiu</strong></span> <span class='ocrx_word' id='word_1_228' title='bbox 632 3676 698 3730; x_wconf 83' lang='lat' dir='ltr'><strong>erat</strong></span> <span class='ocrx_word' id='word_1_229' title='bbox 721 3672 925 3742; x_wconf 88' lang='lat' dir='ltr'><strong>sustentatus,</strong></span> <span class='ocrx_word' id='word_1_230' title='bbox 950 3667 980 3728; x_wconf 91' lang='lat' dir='ltr'><strong>iu</strong></span> <span class='ocrx_word' id='word_1_231' title='bbox 1005 3668 1190 3729; x_wconf 87' lang='lat' dir='ltr'><strong>academiam</strong></span> <span class='ocrx_word' id='word_1_232' title='bbox 1213 3668 1354 3747; x_wconf 87' lang='lat' dir='ltr'><strong>migravit</strong></span> <span class='ocrx_word' id='word_1_233' title='bbox 1376 3663 1524 3747; x_wconf 88' lang='lat' dir='ltr'><strong>Argenti·</strong></span> 
     </span>
     <span class='ocr_line' id='line_1_26' title="bbox 168 3752 1525 3838; baseline -0.002 -21"><span class='ocrx_word' id='word_1_234' title='bbox 168 3774 291 3819; x_wconf 82' lang='lat' dir='ltr'><strong>oensem</strong></span> <span class='ocrx_word' id='word_1_235' title='bbox 314 3757 413 3838; x_wconf 89' lang='lat' dir='ltr'><strong>ibique</strong></span> <span class='ocrx_word' id='word_1_236' title='bbox 438 3779 466 3819; x_wconf 92' lang='lat' dir='ltr'><strong>a.</strong></span> <span class='ocrx_word' id='word_1_237' title='bbox 497 3752 579 3820; x_wconf 83' lang='lat'>1588</span> <span class='ocrx_word' id='word_1_238' title='bbox 603 3757 862 3831; x_wconf 80' lang='lat' dir='ltr'><strong>„Fundamentum</strong></span> <span class='ocrx_word' id='word_1_239' title='bbox 876 3756 1143 3819; x_wconf 85' lang='lat' dir='ltr'><strong>Astronomicum“</strong></span> <span class='ocrx_word' id='word_1_240' title='bbox 1166 3756 1271 3818; x_wconf 88' lang='lat' dir='ltr'><strong>edidit.</strong></span> <span class='ocrx_word' id='word_1_241' title='bbox 1317 3757 1449 3834; x_wconf 84' lang='lat' dir='ltr'><strong>Pragam</strong></span> <span class='ocrx_word' id='word_1_242' title='bbox 1467 3772 1525 3815; x_wconf 89' lang='lat' dir='ltr'><strong>non</strong></span> 
     </span>
     <span class='ocr_line' id='line_1_27' title="bbox 167 3843 1525 3926; baseline -0.001 -20"><span class='ocrx_word' id='word_1_243' title='bbox 167 3845 261 3907; x_wconf 78' lang='lat' dir='ltr'><strong>multo</strong></span> <span class='ocrx_word' id='word_1_244' title='bbox 291 3853 363 3926; x_wconf 91' lang='lat' dir='ltr'><strong>post</strong></span> <span class='ocrx_word' id='word_1_245' title='bbox 393 3867 412 3908; x_wconf 92' lang='lat' dir='ltr'><strong>a</strong></span> <span class='ocrx_word' id='word_1_246' title='bbox 438 3845 599 3925; x_wconf 87' lang='lat' dir='ltr'><strong>Rudolpho</strong></span> <span class='ocrx_word' id='word_1_247' title='bbox 628 3846 667 3907; x_wconf 87' lang='lat' dir='ltr'><strong>II.</strong></span> <span class='ocrx_word' id='word_1_248' title='bbox 684 3845 880 3926; x_wconf 72' lang='lat' dir='ltr'><strong>vimperatore</strong></span> <span class='ocrx_word' id='word_1_249' title='bbox 913 3853 1068 3908; x_wconf 90' lang='lat' dir='ltr'><strong>evocatus·</strong></span> <span class='ocrx_word' id='word_1_250' title='bbox 1094 3864 1152 3907; x_wconf 91' lang='lat' dir='ltr'><strong>non</strong></span> <span class='ocrx_word' id='word_1_251' title='bbox 1188 3844 1395 3907; x_wconf 86' lang='lat' dir='ltr'><strong>mathematici</strong></span> <span class='ocrx_word' id='word_1_252' title='bbox 1430 3843 1525 3906; x_wconf 89' lang='lat' dir='ltr'><strong>solum</strong></span> 
     </span>
     <span class='ocr_line' id='line_1_28' title="bbox 169 3932 1524 4015; baseline -0.003 -20"><span class='ocrx_word' id='word_1_253' title='bbox 169 3934 256 3996; x_wconf 86' lang='lat' dir='ltr'><strong>aulici</strong></span> <span class='ocrx_word' id='word_1_254' title='bbox 281 3935 473 4015; x_wconf 86' lang='lat' dir='ltr'><strong>dignitatem,</strong></span> <span class='ocrx_word' id='word_1_255' title='bbox 502 3935 558 3998; x_wconf 88' lang='lat' dir='ltr'><strong>sed</strong></span> <span class='ocrx_word' id='word_1_256' title='bbox 580 3935 754 3997; x_wconf 86' lang='lat' dir='ltr'><strong>matheseos</strong></span> <span class='ocrx_word' id='word_1_257' title='bbox 777 3933 870 3996; x_wconf 89' lang='lat' dir='ltr'><strong>etiam</strong></span> <span class='ocrx_word' id='word_1_258' title='bbox 893 3933 923 3995; x_wconf 94' lang='lat' dir='ltr'><strong>in</strong></span> <span class='ocrx_word' id='word_1_259' title='bbox 948 3935 1105 3997; x_wconf 87' lang='lat' dir='ltr'><strong>academia</strong></span> <span class='ocrx_word' id='word_1_260' title='bbox 1136 3935 1355 4013; x_wconf 87' lang='lat' dir='ltr'><strong>professionem</strong></span> <span class='ocrx_word' id='word_1_261' title='bbox 1384 3932 1524 3997; x_wconf 87' lang='lat' dir='ltr'><strong>obtinuit.</strong></span> 
     </span>
     <span class='ocr_line' id='line_1_29' title="bbox 167 4020 1525 4106; baseline -0.003 -22"><span class='ocrx_word' id='word_1_262' title='bbox 167 4023 343 4086; x_wconf 83' lang='lat' dir='ltr'><strong>Tractatum</strong></span> <span class='ocrx_word' id='word_1_263' title='bbox 366 4025 435 4100; x_wconf 91' lang='lat' dir='ltr'><strong>„De</strong></span> <span class='ocrx_word' id='word_1_264' title='bbox 457 4024 674 4106; x_wconf 87' lang='lat' dir='ltr'><strong>hypothesibus</strong></span> <span class='ocrx_word' id='word_1_265' title='bbox 698 4022 943 4087; x_wconf 85' lang='lat' dir='ltr'><strong>Astronomicis“</strong></span> <span class='ocrx_word' id='word_1_266' title='bbox 966 4044 993 4087; x_wconf 91' lang='lat' dir='ltr'><strong>a.</strong></span> <span class='ocrx_word' id='word_1_267' title='bbox 1022 4021 1106 4088; x_wconf 86' lang='grc'>1597</span> <span class='ocrx_word' id='word_1_268' title='bbox 1131 4024 1249 4105; x_wconf 80' lang='lat' dir='ltr'><strong>Pragae</strong></span> <span class='ocrx_word' id='word_1_269' title='bbox 1274 4024 1398 4099; x_wconf 89' lang='lat' dir='ltr'><strong>editum,</strong></span> <span class='ocrx_word' id='word_1_270' title='bbox 1423 4029 1472 4084; x_wconf 91' lang='lat' dir='ltr'><strong>tot</strong></span> <span class='ocrx_word' id='word_1_271' title='bbox 1495 4020 1525 4081; x_wconf 92' lang='lat' dir='ltr'><strong>in</strong></span> 
     </span>
     <span class='ocr_line' id='line_1_30' title="bbox 167 4108 1523 4196; baseline -0.001 -24"><span class='ocrx_word' id='word_1_272' title='bbox 167 4112 367 4190; x_wconf 89' lang='lat' dir='ltr'><strong>adversarios,</strong></span> <span class='ocrx_word' id='word_1_273' title='bbox 392 4114 569 4194; x_wconf 84' lang='lat' dir='ltr'><strong>praesertim</strong></span> <span class='ocrx_word' id='word_1_274' title='bbox 588 4114 759 4196; x_wconf 58' lang='lat' dir='ltr'><strong>hebonem</strong></span> <span class='ocrx_word' id='word_1_275' title='bbox 773 4113 933 4190; x_wconf 86' lang='lat' dir='ltr'><strong>Braheum,</strong></span> <span class='ocrx_word' id='word_1_276' title='bbox 958 4112 1116 4177; x_wconf 89' lang='lat' dir='ltr'><strong>calumniis</strong></span> <span class='ocrx_word' id='word_1_277' title='bbox 1139 4114 1194 4176; x_wconf 79' lang='lat' dir='ltr'><strong>dac.</strong></span> <span class='ocrx_word' id='word_1_278' title='bbox 1219 4113 1366 4194; x_wconf 89' lang='lat' dir='ltr'><strong>opplevit,</strong></span> <span class='ocrx_word' id='word_1_279' title='bbox 1390 4110 1457 4173; x_wconf 87' lang='lat' dir='ltr'><strong>utJ</strong></span> <span class='ocrx_word' id='word_1_280' title='bbox 1467 4108 1523 4170; x_wconf 91' lang='lat' dir='ltr'><strong>oh.</strong></span> 
     </span>
     <span class='ocr_line' id='line_1_31' title="bbox 165 4197 1525 4284; baseline -0.004 -22"><span class='ocrx_word' id='word_1_281' title='bbox 165 4201 187 4262; x_wconf 88' lang='lat' dir='ltr'>J</span> <span class='ocrx_word' id='word_1_282' title='bbox 194 4203 371 4266; x_wconf 88' lang='lat' dir='ltr'><strong>essenins</strong></span> <span class='ocrx_word' id='word_1_283' title='bbox 395 4203 440 4278; x_wconf 89' lang='lat' dir='ltr'><strong>(iu</strong></span> <span class='ocrx_word' id='word_1_284' title='bbox 463 4223 507 4266; x_wconf 90' lang='lat' dir='ltr'><strong>or.</strong></span> <span class='ocrx_word' id='word_1_285' title='bbox 532 4204 568 4265; x_wconf 88' lang='lat' dir='ltr'><strong>de</strong></span> <span class='ocrx_word' id='word_1_286' title='bbox 592 4203 657 4265; x_wconf 91' lang='lat' dir='ltr'><strong>vita</strong></span> <span class='ocrx_word' id='word_1_287' title='bbox 680 4209 713 4264; x_wconf 89' lang='lat' dir='ltr'><strong>et</strong></span> <span class='ocrx_word' id='word_1_288' title='bbox 734 4209 830 4264; x_wconf 89' lang='lat' dir='ltr'><strong>morte</strong></span> <span class='ocrx_word' id='word_1_289' title='bbox 854 4202 948 4284; x_wconf 85' lang='lat' dir='ltr'><strong>Tych.</strong></span> <span class='ocrx_word' id='word_1_290' title='bbox 969 4203 1096 4278; x_wconf 89' lang='lat' dir='ltr'><strong>Brahei)</strong></span> <span class='ocrx_word' id='word_1_291' title='bbox 1120 4221 1248 4284; x_wconf 88' lang='lat' dir='ltr'><strong>sequens</strong></span> <span class='ocrx_word' id='word_1_292' title='bbox 1271 4203 1308 4263; x_wconf 89' lang='lat' dir='ltr'><strong>de</strong></span> <span class='ocrx_word' id='word_1_293' title='bbox 1335 4202 1388 4264; x_wconf 93' lang='lat' dir='ltr'><strong>illo</strong></span> <span class='ocrx_word' id='word_1_294' title='bbox 1417 4197 1525 4263; x_wconf 89' lang='lat' dir='ltr'><strong>merito</strong></span> 
     </span>
     <span class='ocr_line' id='line_1_32' title="bbox 166 4288 1563 4374; baseline -0.003 -22"><span class='ocrx_word' id='word_1_295' title='bbox 166 4290 274 4353; x_wconf 87' lang='lat' dir='ltr'><strong>tulisse</strong></span> <span class='ocrx_word' id='word_1_296' title='bbox 301 4292 441 4355; x_wconf 89' lang='lat' dir='ltr'><strong>videatur</strong></span> <span class='ocrx_word' id='word_1_297' title='bbox 465 4291 629 4372; x_wconf 88' lang='lat' dir='ltr'><strong>judicium:</strong></span> <span class='ocrx_word' id='word_1_298' title='bbox 660 4300 738 4354; x_wconf 83' lang='lat' dir='ltr'><strong>aute¹</strong></span> <span class='ocrx_word' id='word_1_299' title='bbox 763 4310 856 4354; x_wconf 88' lang='lat' dir='ltr'><strong>annos</strong></span> <span class='ocrx_word' id='word_1_300' title='bbox 884 4293 1029 4372; x_wconf 88' lang='lat' dir='ltr'><strong>pauculos</strong></span> <span class='ocrx_word' id='word_1_301' title='bbox 1058 4292 1179 4374; x_wconf 91' lang='lat' dir='ltr'><strong>quidam</strong></span> <span class='ocrx_word' id='word_1_302' title='bbox 1208 4290 1381 4371; x_wconf 86' lang='lat' dir='ltr'><strong>ingeniosus</strong></span> <span class='ocrx_word' id='word_1_303' title='bbox 1412 4296 1444 4352; x_wconf 89' lang='lat' dir='ltr'><strong>et</strong></span> <span class='ocrx_word' id='word_1_304' title='bbox 1467 4288 1525 4349; x_wconf 91' lang='lat' dir='ltr'><strong>do·</strong></span> <span class='ocrx_word' id='word_1_305' title='bbox 1560 4288 1563 4293; x_wconf 76' lang='grc'><em>’</em></span> 
     </span>
     <span class='ocr_line' id='line_1_33' title="bbox 166 4377 1524 4462; baseline 0 -22"><span class='ocrx_word' id='word_1_306' title='bbox 166 4386 244 4449; x_wconf 87' lang='lat' dir='ltr'><strong>ctus,</strong></span> <span class='ocrx_word' id='word_1_307' title='bbox 267 4382 321 4443; x_wconf 87' lang='lat' dir='ltr'><strong>sed</strong></span> <span class='ocrx_word' id='word_1_308' title='bbox 345 4382 458 4462; x_wconf 89' lang='lat' dir='ltr'><strong>absque</strong></span> <span class='ocrx_word' id='word_1_309' title='bbox 482 4380 627 4460; x_wconf 83' lang='lat' dir='ltr'><strong>reilgione</strong></span> <span class='ocrx_word' id='word_1_310' title='bbox 650 4389 682 4442; x_wconf 89' lang='lat' dir='ltr'><strong>et</strong></span> <span class='ocrx_word' id='word_1_311' title='bbox 703 4381 815 4443; x_wconf 83' lang='lat' dir='ltr'><strong>virtute</strong></span> <span class='ocrx_word' id='word_1_312' title='bbox 835 4381 923 4444; x_wconf 93' lang='lat' dir='ltr'><strong>homo</strong></span> <span class='ocrx_word' id='word_1_313' title='bbox 947 4381 1088 4444; x_wconf 88' lang='lat' dir='ltr'><strong>tetricum</strong></span> <span class='ocrx_word' id='word_1_314' title='bbox 1114 4389 1145 4442; x_wconf 90' lang='lat' dir='ltr'><strong>et</strong></span> <span class='ocrx_word' id='word_1_315' title='bbox 1168 4382 1315 4443; x_wconf 86' lang='lat' dir='ltr'><strong>famosum</strong></span> <span class='ocrx_word' id='word_1_316' title='bbox 1340 4387 1447 4442; x_wconf 88' lang='lat' dir='ltr'><strong>contra</strong></span> <span class='ocrx_word' id='word_1_317' title='bbox 1461 4377 1524 4458; x_wconf 83' lang='lat' dir='ltr'><strong>&#39;Iy-</strong></span> 
     </span>
     <span class='ocr_line' id='line_1_34' title="bbox 166 4467 1524 4550; baseline -0.002 -21"><span class='ocrx_word' id='word_1_318' title='bbox 166 4467 290 4531; x_wconf 87' lang='lat' dir='ltr'><strong>chonem</strong></span> <span class='ocrx_word' id='word_1_319' title='bbox 315 4470 484 4550; x_wconf 85' lang='lat' dir='ltr'><strong>divulgavit</strong></span> <span class='ocrx_word' id='word_1_320' title='bbox 506 4469 659 4549; x_wconf 87' lang='lat' dir='ltr'><strong>scripturn.</strong></span> <span class='ocrx_word' id='word_1_321' title='bbox 705 4469 774 4532; x_wconf 90' lang='lat' dir='ltr'><strong>Non</strong></span> <span class='ocrx_word' id='word_1_322' title='bbox 803 4477 854 4531; x_wconf 86' lang='lat' dir='ltr'><strong>sat</strong></span> <span class='ocrx_word' id='word_1_323' title='bbox 876 4471 977 4534; x_wconf 81' lang='lat' dir='ltr'><strong>fuerat</strong></span> <span class='ocrx_word' id='word_1_324' title='bbox 1005 4469 1178 4532; x_wconf 88' lang='lat' dir='ltr'><strong>infamatori</strong></span> <span class='ocrx_word' id='word_1_325' title='bbox 1205 4469 1250 4533; x_wconf 88' lang='lat' dir='ltr'><strong>illi</strong></span> <span class='ocrx_word' id='word_1_326' title='bbox 1281 4468 1416 4550; x_wconf 90' lang='lat' dir='ltr'><strong>plagium</strong></span> <span class='ocrx_word' id='word_1_327' title='bbox 1440 4484 1524 4529; x_wconf 88' lang='lat' dir='ltr'><strong>corn-</strong></span> 
     </span>
    </p>
   </div>
   <div class='ocr_carea' id='block_1_9' title="bbox 166 4555 1621 4641">
    <p class='ocr_par' dir='ltr' id='par_1_10' title="bbox 166 4555 1621 4641">
     <span class='ocr_line' id='line_1_35' title="bbox 166 4555 1621 4641; baseline -0.002 -23"><span class='ocrx_word' id='word_1_328' title='bbox 166 4555 285 4622; x_wconf 86' lang='lat' dir='ltr'><strong>mittere</strong></span> <span class='ocrx_word' id='word_1_329' title='bbox 318 4557 484 4622; x_wconf 89' lang='lat' dir='ltr'><strong>literarium</strong></span> <span class='ocrx_word' id='word_1_330' title='bbox 516 4566 548 4621; x_wconf 88' lang='lat' dir='ltr'><strong>et</strong></span> <span class='ocrx_word' id='word_1_331' title='bbox 579 4558 731 4641; x_wconf 84' lang='lat' dir='ltr'><strong>Tychonis</strong></span> <span class='ocrx_word' id='word_1_332' title='bbox 767 4558 949 4639; x_wconf 89' lang='lat' dir='ltr'><strong>hypothesin</strong></span> <span class='ocrx_word' id='word_1_333' title='bbox 991 4557 1114 4621; x_wconf 89' lang='lat' dir='ltr'><strong>falsarie</strong></span> <span class='ocrx_word' id='word_1_334' title='bbox 1150 4577 1204 4639; x_wconf 89' lang='lat' dir='ltr'><strong>pro</strong></span> <span class='ocrx_word' id='word_1_335' title='bbox 1240 4560 1361 4639; x_wconf 91' lang='lat' dir='ltr'><strong>proprio</strong></span> <span class='ocrx_word' id='word_1_336' title='bbox 1402 4558 1524 4620; x_wconf 86' lang='lat' dir='ltr'><strong>invento</strong></span> <span class='ocrx_word' id='word_1_337' title='bbox 1614 4595 1621 4607; x_wconf 83' lang='lat'><strong>·</strong></span> 
     </span>
    </p>
   </div>
   <div class='ocr_carea' id='block_1_10' title="bbox 165 4644 1525 4913">
    <p class='ocr_par' dir='ltr' id='par_1_11' title="bbox 165 4644 1525 4913">
     <span class='ocr_line' id='line_1_36' title="bbox 165 4644 1523 4729; baseline 0.003 -26"><span class='ocrx_word' id='word_1_338' title='bbox 165 4648 334 4724; x_wconf 86' lang='lat' dir='ltr'><strong>venditare,</strong></span> <span class='ocrx_word' id='word_1_339' title='bbox 359 4648 418 4710; x_wconf 89' lang='lat' dir='ltr'><strong>uisi</strong></span> <span class='ocrx_word' id='word_1_340' title='bbox 441 4648 534 4712; x_wconf 88' lang='lat' dir='ltr'><strong>etiam</strong></span> <span class='ocrx_word' id='word_1_341' title='bbox 557 4648 653 4711; x_wconf 86' lang='lat' dir='ltr'><strong>virum</strong></span> <span class='ocrx_word' id='word_1_342' title='bbox 676 4647 749 4711; x_wconf 90' lang='lat' dir='ltr'><strong>aviti</strong></span> <span class='ocrx_word' id='word_1_343' title='bbox 773 4648 912 4729; x_wconf 86' lang='lat' dir='ltr'><strong>generis,</strong></span> <span class='ocrx_word' id='word_1_344' title='bbox 937 4666 1071 4711; x_wconf 88' lang='lat' dir='ltr'><strong>summae</strong></span> <span class='ocrx_word' id='word_1_345' title='bbox 1096 4647 1287 4724; x_wconf 86' lang='lat' dir='ltr'><strong>emditionis‚</strong></span> <span class='ocrx_word' id='word_1_346' title='bbox 1313 4644 1523 4726; x_wconf 87' lang='lat' dir='ltr'><strong>inculpatissi-</strong></span> 
     </span>
     <span class='ocr_line' id='line_1_37' title="bbox 166 4736 1523 4819; baseline -0.001 -22"><span class='ocrx_word' id='word_1_347' title='bbox 166 4739 351 4812; x_wconf 72' lang='lat' dir='ltr'><strong>meritae,</strong></span> <span class='ocrx_word' id='word_1_348' title='bbox 378 4738 531 4800; x_wconf 85' lang='lat' dir='ltr'><strong>sexcentis</strong></span> <span class='ocrx_word' id='word_1_349' title='bbox 555 4737 744 4801; x_wconf 91' lang='lat' dir='ltr'><strong>contumeliis</strong></span> <span class='ocrx_word' id='word_1_350' title='bbox 767 4737 847 4819; x_wconf 89' lang='lat' dir='ltr'><strong>apud</strong></span> <span class='ocrx_word' id='word_1_351' title='bbox 872 4737 966 4812; x_wconf 89' lang='lat' dir='ltr'><strong>alios,</strong></span> <span class='ocrx_word' id='word_1_352' title='bbox 992 4736 1018 4800; x_wconf 94' lang='lat' dir='ltr'><strong>si</strong></span> <span class='ocrx_word' id='word_1_353' title='bbox 1032 4755 1090 4799; x_wconf 92' lang='lat' dir='ltr'><strong>non</strong></span> <span class='ocrx_word' id='word_1_354' title='bbox 1115 4738 1324 4811; x_wconf 87' lang='lat' dir='ltr'><strong>deformatum,</strong></span> <span class='ocrx_word' id='word_1_355' title='bbox 1350 4743 1523 4817; x_wconf 79' lang='lat' dir='ltr'><strong>suspectum</strong></span> 
     </span>
     <span class='ocr_line' id='line_1_38' title="bbox 166 4824 1525 4913; baseline -0.001 -24"><span class='ocrx_word' id='word_1_356' title='bbox 166 4827 276 4891; x_wconf 87' lang='lat' dir='ltr'><strong>saltem</strong></span> <span class='ocrx_word' id='word_1_357' title='bbox 299 4827 510 4892; x_wconf 50' lang='lat' dir='ltr'><strong>reddidisset,</strong></span> <span class='ocrx_word' id='word_1_358' title='bbox 539 4827 582 4890; x_wconf 87' lang='lat' dir='ltr'><strong>Et</strong></span> <span class='ocrx_word' id='word_1_359' title='bbox 603 4828 739 4911; x_wconf 90' lang='lat' dir='ltr'><strong>profecto</strong></span> <span class='ocrx_word' id='word_1_360' title='bbox 758 4827 827 4913; x_wconf 88' lang='lat' dir='ltr'><strong>jure</strong></span> <span class='ocrx_word' id='word_1_361' title='bbox 846 4833 946 4895; x_wconf 85' lang='lat' dir='ltr'><strong>actum</strong></span> <span class='ocrx_word' id='word_1_362' title='bbox 970 4840 1037 4893; x_wconf 87' lang='lat' dir='ltr'><strong>cum</strong></span> <span class='ocrx_word' id='word_1_363' title='bbox 1058 4825 1115 4891; x_wconf 89' lang='lat' dir='ltr'><strong>boc</strong></span> <span class='ocrx_word' id='word_1_364' title='bbox 1135 4826 1257 4907; x_wconf 86' lang='lat' dir='ltr'><strong>fuisset,</strong></span> <span class='ocrx_word' id='word_1_365' title='bbox 1282 4825 1332 4889; x_wconf 89' lang='lat' dir='ltr'><strong>vel</strong></span> <span class='ocrx_word' id='word_1_366' title='bbox 1355 4825 1449 4888; x_wconf 86' lang='lat' dir='ltr'><strong>etiam</strong></span> <span class='ocrx_word' id='word_1_367' title='bbox 1459 4824 1525 4909; x_wconf 87' lang='lat' dir='ltr'><strong>jam</strong></span> 
     </span>
    </p>
   </div>
   <div class='ocr_carea' id='block_1_11' title="bbox 0 0 1815 5634">
    <p class='ocr_par' dir='ltr' id='par_1_12' title="bbox 0 0 1815 5634">
     <span class='ocr_line' id='line_1_39' title="bbox 0 0 1815 5634; baseline 0 0"><span class='ocrx_word' id='word_1_368' title='bbox 0 0 1815 5634; x_wconf 95' lang='lat' dir='ltr'><strong> </strong></span> 
     </span>
    </p>
   </div>
  </div>
 </body>
</html>
