3609 5634
733 384 895 436 waffliw
1427 386 1495 452 225

114 545 192 594 ques
216 536 296 586 wem
316 544 356 587 est
373 539 579 589 Franciscus
598 539 785 601 Patricius,
811 544 924 606 quiajos
941 542 1094 593 mentionem
1111 543 1136 592 in
1155 542 1251 593 eruditu
1278 543 1340 594 allas
1367 542 1408 595 De
1432 556 1498 596 nora

112 600 295 670 Philosophia
312 609 435 659 volumine
455 607 538 671 (Nure
556 611 586 660 de
605 610 730 661 Universis
748 611 914 676 Philosophia,
932 613 1000 663 libris
1013 613 1043 663 L.
1063 610 1252 678 comprehensa)
1270 614 1340 672 iacit,
1358 616 1379 664 ts
1397 615 1496 680 quidem

112 688 234 726 meam
253 693 308 728 esse
327 695 441 744 erpresse
459 683 561 739 merit,
586 682 630 731 sed
648 696 704 732 eam
728 684 765 732 its
791 687 910 747 pervertit
939 692 965 734 et
982 698 1027 749 per
1043 686 1210 750 ignorantiam
1228 684 1294 734 male
1322 687 1496 737 accommodat

113 754 146 793 es
169 755 266 798 muna
283 765 343 800 mea
359 754 435 816 ipsius
452 753 578 816 pustulata
596 760 622 802 et
640 760 751 804 assume
765 768 821 804 eam
833 756 978 819 coinquinat
996 760 1022 804 st
1038 757 1185 815 insectatur,
1204 761 1233 803 ut
1249 755 1357 819 plurima
1374 757 1448 808 isthic
1466 771 1497 807 ex

113 818 209 878 ipsius
227 820 349 872 relatione
368 825 482 887 apposita
498 838 540 887 pru
558 825 620 873 meis
638 839 688 873 nun
708 839 850 889 amurcam,
869 826 935 889 quud
953 827 1030 875 etiam
1048 826 1144 889 publius
1162 827 1326 889 protestaber.

204 888 255 939 Sed
275 891 306 940 de
323 892 453 956 hypothesi
470 894 518 943 bau
535 895 575 943 vel
594 895 644 943 alia
655 909 705 944 nun
717 896 821 945 multum
834 895 1023 953 dtercabimun
1042 898 1155 960 quaestio
1173 903 1219 954 est,
1238 899 1292 960 quis
1305 910 1362 946 earu
1374 898 1496 947 rationem

115 958 243 1010 iuvenire
261 965 348 1025 merit,
377 972 429 1013 tum
447 967 473 1013 in
490 966 671 1029 quantitatibus
691 972 717 1014 et
725 968 882 1016 motionibus
902 969 1024 1017 cendnnis
1042 981 1116 1031 quam
1135 967 1255 1031 dicuntia,
1274 973 1304 1016 ut
1321 966 1497 1030 phaenomena

117 1029 255 1082 molestia
272 1048 317 1097 per
334 1036 418 1084 omnia
436 1036 569 1085 salventur.
607 1036 678 1093 ,Huc
696 1051 765 1100 upus,
784 1037 825 1086 hic
844 1037 913 1087 labor
931 1046 978 1097 est,
998 1040 1077 1087 etsie
1095 1044 1235 1101 spectemur
1253 1037 1378 1103 agendu.“

203 1101 289 1164 Porro,
310 1106 428 1170 siquidem
448 1108 480 1156 ab
498 1108 567 1156 initio
585 1109 696 1163 innuisti,
715 1115 740 1157 te
760 1106 923 1157 aMaestlinu
934 1111 1039 1173 primum
1054 1108 1098 1158 tibi
1118 1122 1134 1157 a
1151 1123 1191 1158 me
1209 1110 1341 1172 inscriptas
1360 1109 1495 1171 accepisse.

117 1174 172 1236 qui
193 1177 280 1229 enam.
299 1190 360 1240 quas
380 1177 413 1226 ad
430 1177 497 1226 illum
517 1179 642 1235 dederam,
661 1186 744 1227 tecum
763 1180 961 1235 communicavit,
979 1180 1067 1237 miror,
1095 1180 1175 1242 ipsum
1192 1179 1305 1243 neutillis
1330 1193 1411 1245 neque
1430 1180 1494 1240 allis,

118 1258 194 1307 quas
213 1248 294 1309 prins,
321 1249 370 1296 imu
389 1255 448 1297 aute
472 1250 565 1313 aliquot
588 1263 668 1299 annus
689 1251 818 1306 miserm,
843 1252 969 1314 quippiam
992 1256 1063 1299 unte
1086 1257 1196 1314 tempore
1213 1249 1363 1313 respondere
1380 1249 1494 1301 selune.

120 1318 172 1363 Διι
190 1315 239 1364 hoc
258 1320 291 1366 sit
308 1320 352 1367 riri
370 1321 470 1383 ingenui
490 1328 515 1368 et
538 1320 720 1370 mathematicis
743 1321 876 1384 disciplinis
899 1322 1002 1371 solerter
1024 1321 1126 1376 imbuti.
1152 1326 1207 1369 tute
1230 1321 1345 1371 aestima.
1382 1318 1439 1371 Neu
1457 1322 1497 1370 aab

122 1385 196 1434 aliis
214 1388 275 1436 mihi
293 1390 382 1445 muris,
402 1391 498 1454 ignotos
517 1391 593 1439 literis
607 1393 768 1457 praevenire,
787 1392 832 1441 sed
849 1391 1009 1454 utplurimum
1028 1391 1060 1439 ab
1078 1390 1126 1441 illis
1143 1392 1283 1454 praeveniri
1301 1391 1384 1450 soleo,
1405 1389 1496 1441 nmen

122 1463 159 1505 ut
179 1457 213 1506 ad
231 1472 301 1508 meas
319 1466 391 1509 tantu
409 1468 546 1524 temporum
564 1468 646 1511 tractu
659 1464 842 1524 responsionem
854 1463 949 1513 nullam
960 1463 1086 1525 reeipiam.
1115 1460 1165 1512 Sed
1183 1462 1210 1511 lu
1227 1469 1353 1526 posterum
1372 1461 1404 1517 ei,
1422 1475 1496 1525 quem

123 1527 229 1588 plurimi
248 1543 344 1593 semper
361 1530 426 1587 ieci,
451 1532 488 1579 uti
511 1533 604 1594 scripta
621 1547 680 1582 mea
696 1535 723 1581 in
740 1533 869 1595 publicum
884 1534 954 1583 edita
971 1532 1057 1582 testari
1074 1539 1206 1596 poterunt,
1232 1534 1293 1583 meis
1315 1533 1436 1597 ingratis,
1458 1532 1496 1581 uti

123 1598 218 1656 video,
237 1600 314 1649 literis
332 1616 381 1649 nun
401 1616 442 1650 eru
459 1602 584 1651 molestus.

203 1668 309 1719 Placent
326 1673 386 1727 tibi,
411 1685 475 1736 quae
501 1672 535 1722 ad
558 1673 626 1721 illum
644 1679 670 1722 et
695 1679 720 1723 te
739 1673 770 1723 de
788 1689 815 1724 re
833 1675 1001 1726 astronomica
1017 1673 1112 1737 scripsi.
1149 1673 1225 1737 Atqui
1244 1687 1276 1723 ea
1293 1687 1321 1722 aa
1338 1673 1375 1722 sic
1393 1671 1493 1722 omnino

126 1739 239 1794 babere⁸
267 1750 333 1791 certo
353 1743 504 1805 exploratum
521 1744 619 1800 habeo,
645 1743 770 1808 multoque
793 1745 866 1809 plura
883 1751 910 1795 et
926 1745 964 1795 his
982 1748 1080 1807 maiora
1097 1742 1179 1794 adhuc
1197 1744 1312 1794 amensa
1334 1756 1404 1801 esse,
1429 1756 1494 1807 quas

130 1815 318 1861 mancusorum
343 1819 395 1862 mm
427 1821 538 1863 veterum
565 1830 638 1879 quam
662 1817 825 1875 recentiorum
848 1817 1003 1880 diligentiam
1021 1816 1154 1866 eluserunt
1199 1814 1311 1871 Suades,
1337 1815 1386 1863 imu
1410 1813 1495 1863 multia

130 1882 279 1933 rationibus.
298 1899 360 1948 quas
379 1899 425 1949 ego
443 1900 493 1934 nun
512 1886 630 1949 improbe,
648 1887 797 1950 persuadere
816 1889 922 1943 conaris,
941 1894 970 1936 ut
981 1888 1164 1937 ohservationes
1177 1899 1247 1934 meaa
1265 1884 1386 1935 coelestes
1404 1884 1496 1949 publici

129 1952 193 2012 juria
213 1952 321 2009 lucium,
341 1956 405 2018 quud
424 1955 521 2019 quidem
540 1971 583 2005 suu
602 1964 712 2021 tempore
729 1966 857 2019 praestare
875 1973 926 2007 nun
944 1957 1102 2014 deuectabe,
1122 1971 1178 2007 cum
1195 1954 1249 2013 hia,
1268 1969 1333 2021 quae
1352 1962 1381 2004 tu
1398 1954 1497 2005 affatim

133 2021 244 2083 adducis
264 2032 316 2073 tum
335 2026 389 2074 aliis
408 2027 439 2075 ds
458 2028 547 2077 causis.
581 2027 673 2077 Verum
691 2034 743 2076 tam
762 2026 811 2077 citu
831 2029 856 2078 id
874 2028 981 2087 efficere,
1001 2034 1135 2093 autequam
1152 2027 1270 2091 pleraque
1289 2041 1320 2077 ex
1336 2027 1376 2083 iis,
1395 2034 1460 2090 qnae
1479 2037 1496 2075 a

132 2106 172 2142 rue
193 2094 218 2142 in
238 2097 408 2146 astronomicis
426 2098 568 2147 instaurata
585 2106 644 2147 sunt
661 2105 735 2161 utque
754 2099 923 2149 scientioribus
943 2113 973 2148 ex
990 2099 1077 2148 isdem
1095 2098 1304 2148 obseruationibus
1323 2096 1442 2152 lundam,
1469 2097 1496 2144 iri

132 2163 215 2214 lucem
233 2167 376 2229 prodierint,
395 2183 444 2216 nun
464 2169 602 2219 consultum
621 2169 699 2225 ducor
718 2182 777 2218 nam
789 2177 888 2232 praeter
901 2170 954 2219 alia
969 2169 1017 2219 hou
1034 2171 1123 2233 ipsum,
1141 2169 1206 2234 quud
1223 2174 1251 2218 tu
1270 2169 1302 2219 de
1318 2165 1508 2231 hypoaeolius*

132 2237 195 2283 meis
212 2240 349 2300 praereptis
368 2248 394 2287 et
412 2239 443 2288 de
463 2239 579 2303 Cypriani
598 2236 726 2300 (Leuvitii)
746 2238 958 2303 Ephemeridibus,
977 2240 1033 2290 aliis
1050 2239 1133 2304 quoad
1149 2247 1246 2302 partem
1264 2239 1390 2289 attributis
1406 2243 1434 2288 st
1450 2237 1493 2286 ds·

132 2309 251 2368 pravatis,
270 2309 354 2365 rulers,
374 2316 451 2359 terret
469 2319 543 2373 atque
561 2310 697 2359 dissuadet.
727 2309 875 2361 obtinebitis
897 2319 983 2362 tamen
1007 2310 1139 2375 aliquande
1157 2310 1257 2360 latente
1275 2309 1377 2360 coelati
1394 2306 1495 2358 aurbs

134 2391 180 2433 ea,
199 2392 263 2442 quae
284 2393 300 2428 a
318 2395 358 2428 me
375 2381 484 2444 plurimis
504 2382 575 2430 aunis
593 2382 619 2429 in
638 2380 784 2430 coelestibus
803 2382 924 2432 denotata
941 2389 1014 2439 sunt,
1032 2395 1082 2430 nun
1100 2380 1199 2444 quidem
1216 2386 1269 2429 tam
1287 2392 1380 2430 mnus
1397 2384 1423 2427 at
1439 2390 1494 2427 na·

133 2448 195 2503 tila.
214 2464 247 2498 ne
266 2450 348 2500 dicam
367 2452 477 2505 intona,
496 2457 570 2514 prout
587 2465 619 2501 ca
636 2458 706 2507 sunt,
734 2466 799 2517 quae
816 2453 928 2516 pauculis
947 2452 1039 2502 marna
1057 2451 1185 2500 mandarit
1202 2450 1335 2500 Wernerns
1359 2449 1398 2498 vul
1415 2450 1497 2512 potius

133 2517 190 2567 lob
210 2518 351 2569 Schunernr
371 2518 441 2581 (nam
460 2519 576 2571 Wernen‘
589 2522 720 2572 observata
738 2522 807 2572 nulla
824 2524 889 2581 sidi3
909 2530 937 2572 tu
955 2524 977 2572 si
994 2536 1059 2587 quae
1076 2521 1154 2571 habes
1173 2517 1349 2581 communica),
1368 2532 1385 2568 a
1401 2517 1494 2585 Regio·

133 2596 253 2639 moneam
273 2600 299 2640 et
317 2591 452 2641 Gualtbsru
470 2592 567 2650 rehtu,
585 2593 630 2641 sed
649 2600 739 2643 exacta
757 2594 851 2658 sibique
870 2594 1022 2651 uumtautia,
1043 2598 1118 2657 amne
1136 2593 1163 2641 ln
1182 2597 1256 2641 tanta
1273 2590 1346 2641 simul
1365 2591 1449 2653 cuma,
1466 2595 1496 2638 ut

133 2661 173 2708 vix
191 2674 283 2725 magno
302 2662 408 2726 quedam
424 2663 546 2713 volumine
564 2665 699 2728 curturingi
717 2672 819 2729 queant.

204 2734 348 2798 Adjnngam
365 2742 464 2795 praeter
481 2734 568 2783 librum
587 2735 811 2799 Epistularum,
837 2736 867 2785 de
886 2749 933 2799 qne
952 2748 1040 2798 supra,
1059 2732 1252 2783 Meshanica
1268 2738 1355 2780 uesta
1371 2730 1420 2781 buu
1437 2744 1493 2795 spe·

133 2804 240 2860 manda,
260 2818 324 2866 quae
342 2806 515 2859 instrumente,
532 2807 619 2871 quibus
630 2806 704 2854 'ulna
722 2803 756 2853 2⁰
775 2819 854 2855 annus
872 2820 931 2855 usus
949 2821 1017 2861 sum,
1038 2804 1246 2869 complectuntur,
1265 2803 1286 2851 si
1304 2801 1431 2852 commode
1449 2803 1495 2851 tibi

134 2871 219 2938 Praga
237 2875 327 2925 adferri
345 2883 468 2939 poterunt.
496 2877 534 2926 Ex
552 2877 665 2939 Epistulis
685 2884 785 2939 praeter
803 2876 855 2926 alia
872 2879 939 2939 prins
950 2878 1078 2926 insinuata
1093 2874 1235 2939 perspicies.
1254 2886 1344 2923 aneae
1355 2879 1409 2921 tam
1425 2873 1495 2936 parri

139 2949 259 2994 momenti
277 2954 352 3009 atque
371 2947 469 2995 inutiles
487 2948 550 3003 sint,
570 2947 644 2997 ueluti
663 2961 723 3010 prae
742 2948 818 2996 animi
835 2948 984 3011 impotentia
1001 2953 1150 2997 ecmecatus
1167 2944 1209 2993 ille
1227 2957 1315 2993 censur
1332 2943 1398 3000 vult,
1417 2950 1444 2993 et
1461 2956 1495 2993 au

138 3015 328 3067 laudrussimae
346 3019 478 3067 memoriae
495 3017 652 3081 Landgraviu
672 3018 801 3068 Wilhelmu
820 3019 946 3083 quidpiam
964 3018 1091 3083 derogem,
1109 3016 1185 3065 selutl
1202 3014 1269 3063 idem
1285 3014 1448 3077 impudenter,
1466 3018 1496 3062 tl

136 3086 187 3134 filiu
206 3089 260 3147 ejus
277 3103 318 3137 me
337 3090 440 3137 inrisum
462 3089 591 3146 redderet,
617 3096 770 3138 commentus
793 3096 838 3139 est.
877 3089 914 3137 Ex
932 3087 1085 3138 Mechanicia
1110 3086 1226 3149 colliges,
1251 3091 1345 3148 quantu
1369 3083 1495 3133 melimine

138 3160 304 3207 acunumiae
322 3160 555 3222 redintegrationem
574 3173 706 3224 aggressus
725 3162 779 3217 sim,
798 3164 940 3224 quantaque
957 3161 984 3208 in
1001 3158 1039 3207 his
1061 3171 1119 3206 usus
1136 3155 1267 3220 diligentia
1283 3156 1431 3220 quantisque
1447 3155 1494 3203 im·

137 3229 230 3290 pensis.
265 3229 380 3279 Invenies
398 3231 473 3279 etiam
491 3231 583 3280 ibidem
601 3232 669 3280 circa
685 3232 844 3294 posteriorem
863 3235 959 3293 partem
978 3228 1190 3292 consignationem
1209 3237 1389 3290 eorumquae
1406 3224 1493 3275 haute·

136 3313 183 3347 nus
195 3301 222 3348 in
234 3298 281 3350 hou
299 3315 390 3364 genere
408 3299 544 3350 studiorum
557 3302 689 3357 exantlavi,
709 3316 821 3366 quaeque
839 3304 865 3350 in
877 3309 1009 3365 posterum,
1030 3300 1156 3363 asphante
1169 3297 1313 3347 coelestium
1325 3295 1420 3360 opifice,
1438 3309 1494 3359 per·

137 3371 247 3419 menda
264 3377 370 3428 restant,
389 3378 442 3420 tum
459 3387 554 3436 quoque
572 3373 657 3421 literas
674 3372 731 3421 illas
750 3372 869 3422 laudatae
887 3372 1021 3422 memoriae
1033 3369 1066 3419 D.
1080 3368 1169 3421 Jacobi
1183 3367 1260 3418 Curtii
1274 3373 1301 3417 et
1312 3366 1417 3432 Maglni,
1436 3380 1499 3431 qua·

138 3455 191 3489 rum
211 3449 288 3492 anwa
305 3443 457 3491 mentionem
475 3443 531 3493 ieci.
559 3442 683 3493 Misisscm
695 3443 861 3493 illuminatum
879 3439 928 3504 (uti
940 3438 1043 3499 vocant)
1061 3439 1196 3504 exemplar,
1214 3452 1262 3504 qne
1280 3439 1399 3501 premtlm
1417 3437 1501 3486 emnia

140 3512 307 3569 discerneres,
326 3513 370 3563 sed
387 3528 454 3562 nunc
472 3529 521 3562 non
540 3516 655 3577 suppetit
882 3560 885 3574 ,

210 3582 276 3633 Hinc
295 3584 349 3633 adit
366 3583 451 3646 Tychu
469 3583 627 3634 Prudrumum
648 3585 761 3649 niaque
780 3598 846 3648 quae
864 3584 981 3648 leguntur
997 3594 1055 3645 pag.
1076 3577 1110 3629 46
1129 3586 1156 3629 et
1173 3575 1217 3627 lt.

113 3654 121 3665 ³
209 3654 240 3703 ln
260 3655 443 3718 „Pustscriptu“
462 3655 526 3705 haec
544 3656 627 3705 addit:
652 3654 679 3706 Si
698 3670 725 3705 se
744 3656 843 3705 occasio
856 3653 986 3703 commoda
997 3651 1121 3709 obtulerit,
1140 3665 1209 3715 rugo,
1228 3655 1257 3698 ut
1269 3647 1428 3698 Maeatlinum
1444 3660 1500 3698 mee

139 3726 238 3774 numine
256 3740 361 3776 moneas
380 3727 411 3774 de
429 3727 559 3789 eclipsibus
578 3727 610 3777 ab
629 3726 671 3775 illu
690 3728 825 3776 obseruata
854 3740 911 3774 cum
928 3724 990 3773 meis
1018 3722 1173 3772 coniereudis
1197 3721 1228 3769 ub
1245 3720 1436 3771 meridianorum
1454 3719 1500 3769 dil·

137 3796 430 3863 furentium-eruendam.
458 3796 525 3846 Dum
545 3799 610 3847 enim
628 3798 712 3862 relego
731 3796 868 3861 exemplum
886 3795 1015 3844 literam
1028 3793 1061 3843 ad
1075 3791 1237 3841 Maeatlinum
1255 3788 1291 3854 (p.
1304 3787 1340 3838 lt
1352 3786 1410 3853 sq),
1429 3791 1500 3840 rideu

137 3880 178 3914 me
196 3866 268 3915 isthic
287 3870 437 3918 mentionem
455 3868 543 3918 lesisse
562 3869 658 3931 eclipsis
677 3867 754 3927 Sulis,
773 3881 838 3932 quae
857 3866 897 3915 die
916 3863 958 3912 25.
972 3864 1043 3914 Febr.
1063 3864 1122 3913 anni
1142 3860 1184 3912 98.
1206 3863 1324 3927 contigit,
1342 3861 1397 3917 abi,
1416 3860 1501 3927 nescio

137 3951 187 4001 qua
204 3939 308 3997 mentia,
328 3939 398 4003 digiti
417 3939 523 4003 ecliptici
543 3940 694 3989 denotantur
706 3935 794 3999 10¹1„
823 3938 887 3986 iorte
906 3936 970 4000 quud
989 3950 1033 3998 per
1050 3935 1157 3998 aliquem
1176 3948 1208 3983 ex
1224 3935 1286 3983 meis
1305 3931 1430 4015 studiosis,
1448 3931 1500 3981 cal·

139 4008 221 4057 culum
234 4010 306 4057 nimis
324 4010 472 4060 festinanter
491 4016 680 4074 meqnentem,
707 4011 743 4059 sic
760 4021 889 4072 perperam
907 4008 1002 4071 reperi3
1021 4021 1078 4057 cum
1095 4006 1175 4055 serior
1191 4005 1255 4055 ratio
1274 4018 1305 4053 ex
1322 4016 1384 4052 mers
1402 4002 1501 4058 tabulis,

138 4086 211 4140 prout
236 4082 342 4143 ipsemet
364 4089 453 4144 postea
475 4080 613 4145 disquisivi,
637 4080 761 4144 praebeat
775 4079 865 4145 digitos
884 4075 951 4140 9¹ls.
977 4092 1028 4142 qua
1045 4077 1122 4126 etiam
1140 4077 1281 4141 quantitate
1301 4073 1343 4124 Sul
1362 4073 1503 4123 deficeres

138 4149 245 4212 quodam
272 4165 303 4200 ex
319 4154 382 4201 meis
401 4152 551 4216 Uraniburgi
569 4151 642 4201 isthic
661 4150 702 4212 (ut
719 4148 737 4197 4
755 4151 907 4200 residuorum
925 4150 1151 4204 instrumentorum,
1171 4161 1236 4212 quae
1253 4158 1313 4210 prae
1331 4141 1502 4208 magnitudine

139 4219 220 4269 efferri
239 4228 291 4270 tam
310 4223 359 4271 citu
378 4223 521 4287 nequibant,
541 4236 626 4272 curam
644 4218 759 4282 haberet)
779 4220 867 4271 relicto
887 4220 997 4269 studiose
1015 4218 1181 4281 deprehensus
1200 4223 1247 4273 est,
1266 4221 1293 4264 et
1310 4221 1422 4297 tempusa
1440 4212 1502 4262 aliis

137 4306 182 4353 per
200 4292 322 4341 armillam
341 4294 519 4357 aequaturiam,
540 4290 573 4341 18
590 4293 681 4357 pedum
698 4294 724 4340 in
743 4292 873 4349 diametro,
893 4305 911 4341 a
927 4291 1045 4355 principio
1059 4303 1137 4353 nsque
1150 4288 1183 4338 ad
1195 4288 1270 4335 finem
1290 4282 1349 4346 (luit
1366 4299 1432 4334 enim
1449 4288 1502 4332 tutu

138 4362 211 4411 isthic
229 4370 339 4426 tempore
357 4361 483 4425 suenum)
502 4377 574 4414 meae
592 4364 742 4413 restitutioni
761 4363 870 4426 apprime
889 4361 1053 4427 congruentia
1071 4359 1174 4409 coelitus
1197 4357 1319 4406 denotata
1341 4361 1411 4414 sunt,
1437 4368 1502 4420 quae

139 4441 212 4481 erant
230 4435 388 4495 eiuscemodi,
406 4441 436 4484 ut
454 4435 586 4499 deliquium
604 4435 725 4498 inciperet
743 4434 815 4484 isthic
834 4432 859 4482 h.
880 4429 922 4481 1⁰.
943 4428 992 4489 10‘,
1011 4431 1085 4479 linem
1102 4429 1208 4479 baberet
1224 4427 1251 4476 h.
1273 4424 1313 4474 12.
1329 4422 1379 4483 19¹,
1398 4425 1502 4490 ideoque

138 4504 247 4553 medium
265 4507 384 4556 existeret
400 4505 425 4554 h.
446 4503 556 4554 lt.12‘.
593 4505 666 4554 Haec
694 4505 727 4554 ad
745 4503 922 4560 Maeatlinum,
949 4501 1047 4567 quande
1071 4500 1106 4548 illi
1130 4499 1272 4563 enumeris,
1297 4497 1388 4546 reierre
1412 4497 1503 4560 peteris

138 4575 266 4639 ipsumque
285 4591 372 4641 rugare
392 4583 467 4640 atque
485 4576 603 4632 efficere,
626 4583 655 4624 ut
672 4576 705 4625 ab
722 4576 775 4638 ipsu
794 4573 913 4637 eclipses,
932 4579 986 4622 tam
1004 4571 1131 4631 Lunues,
1151 4584 1226 4635 quam
1246 4567 1359 4624 selues,
1384 4571 1503 4632 quotquot

139 4644 261 4696 hacteuus
279 4648 429 4704 observarit,
448 4662 492 4711 per
509 4655 549 4704 te,
568 4645 687 4711 siquidem
704 4646 745 4694 ille
764 4644 824 4693 mlhl
842 4644 977 4694 rescribere
994 4641 1070 4698 nolit,
1089 4642 1224 4691 obtineam.
1403 4708 1409 4721 1

210 4717 300 4781 Repeti
318 4720 383 4768 inter
401 4718 500 4770 danae
518 4731 588 4769 muas
607 4715 746 4780 exemplum
766 4715 893 4765 lissum
916 4712 1080 4767 Crameri,
1107 4712 1138 4762 de
1156 4725 1204 4776 que
1221 4710 1288 4775 prius
1310 4708 1425 4790 memini,
1449 4709 1503 4769 jam

139 4788 243 4847 dudum,
272 4791 354 4839 nescio
372 4791 399 4839 in
416 4804 478 4853 quus
494 4804 567 4846 usus,
593 4789 755 4852 dampnum,
783 4785 849 4850 quud
874 4784 944 4835 hisce
962 4783 1044 4841 adde,
1071 4788 1098 4833 et
1120 4781 1193 4831 simul
1221 4779 1357 4844 exemplum
1385 4776 1504 4842 epistulae

140 4859 268 4922 cujnsdsm
286 4860 322 4909 Μ.
340 4860 462 4911 Juhaunis
481 4860 687 4914 christierni,
709 4857 792 4915 Daui,
817 4869 885 4907 nunu
902 4855 1021 4922 Lugduni
1037 4855 1190 4905 Batavorum
1207 4851 1344 4902 mediorum
1362 4862 1441 4900 eausa
1457 4849 1501 4898 de·

210 4946 297 4995 nonen
312 4948 412 4997 opens
1250 4938 1284 4991 lb
