3609 5634
764 381 981 438 mm
1269 425 1272 430 ¹
1391 435 1401 454 ι
1492 393 1553 464 llll

189 542 242 596 ille
260 557 335 596 auno
359 541 434 598 1598
454 541 658 612 Wrtehergam,
673 542 762 597 iturus
783 545 819 598 ad
839 544 1049 616 Imperatorem:
1074 550 1123 605 uhi
1144 568 1205 607 oum
1225 551 1393 625 aliquamdiu
1416 551 1555 616 suemus

191 629 246 685 set
271 638 344 676 auno
366 622 493 693 sequenti
510 621 586 675 1599
606 621 635 674 in
648 622 808 678 Bohemiam
830 642 860 678 se
883 629 1015 699 contulit3
1037 630 1081 684 oui
1094 632 1232 687 Benatioa
1245 649 1298 689 arx
1311 635 1411 707 Regia,
1436 634 1554 712 quinque

189 701 356 757 milliaribus
370 703 468 774 Praga
487 702 601 763 dietam,
623 701 777 758 habitanda
790 721 923 762 concessa
936 708 1000 770 11111
1025 727 1086 764 oum
1098 701 1260 782 Rudolphus
1274 716 1343 785 Imp.
1358 715 1469 774 Pilsuas
1483 729 1554 776 ooni-

188 789 355 845 moraretur,
379 785 414 836 ob
437 787 544 852 pestem
557 781 669 853 Pragae
692 792 878 853 grassantem.
920 788 999 842 Haec
1021 791 1113 845 onmia
1135 791 1201 847 inihi
1214 792 1367 850 Fridericus
1381 797 1553 855 Hofmaunus

189 863 224 917 L.
240 864 272 917 B.
287 862 394 933 Styrus,
419 862 486 932 Imp.
501 861 641 931 Rudolphi
656 861 834 921 Cumulatius
849 866 964 931 1111111,
989 870 1034 941 qui
1048 878 1114 925 tunc
1126 871 1223 943 Praga
1235 884 1360 940 venerat,
1375 878 1489 933 retulit:
1511 895 1553 934 me

189 945 228 996 ad
243 944 443 1011 capessendum
457 942 511 995 iter
525 942 689 996 adhortatus
704 951 755 1007 est,
778 946 838 999 loco
859 948 925 1002 mihi
940 950 1036 1004 oblato
1050 949 1078 1005 in
1091 951 1224 1006 comitatu
1239 970 1297 1008 suo.
1338 956 1384 1011 Ita
1397 957 1501 1015 fectum
1520 965 1553 1014 11

188 1025 227 1075 ad
242 1023 379 1076 Braheum
393 1023 514 1076 venirem
535 1021 614 1076 initio
637 1022 701 1076 anni
725 1025 808 1088 1600,
829 1031 939 1097 quando
953 1025 1139 1084 Ferdinaudus
1153 1029 1298 1088 Archidux
1317 1036 1429 1106 nuptias
1445 1039 1552 1095 Graetii

188 1103 343 1158 celebravit
367 1120 427 1157 cum
441 1101 605 1157 consobrina
619 1119 671 1156 sua
685 1105 837 1168 Bavarica;
861 1108 992 1179 brevique
1016 1111 1105 1180 captis
1127 1113 1335 1169 Braheauorum
1354 1115 1489 1183 laborum,
1511 1120 1551 1173 ri·

190 1183 338 1253 cissimque
362 1182 495 1237 exhibitis
518 1183 622 1254 ingenii
643 1183 695 1237 mei
719 1186 932 1254 experimentis,
953 1198 1053 1259 pactus
1074 1191 1243 1246 conditiones
1267 1210 1326 1249 oum
1348 1195 1408 1264 ipso
1433 1207 1550 1254 commo·

190 1264 279 1326 randi,
303 1279 371 1333 quas
395 1263 506 1333 styriae
527 1259 656 1332 procere's
677 1271 753 1318 ratas
774 1266 920 1331 haberent,
944 1276 1010 1338 post
1032 1270 1140 1341 aliquot
1160 1273 1291 1327 mensium
1315 1276 1551 1335 conversationem

189 1360 319 1399 reversus
343 1359 403 1397 sum
417 1342 569 1397 Gruetium.
611 1344 742 1414 Receptis
763 1353 857 1401 autem
880 1349 957 1402 brevi
980 1349 1089 1421 aliquot
1101 1350 1205 1405 Brahei
1226 1353 1352 1421 epistolis
1378 1353 1488 1426 (quihus
1501 1359 1550 1413 ille

189 1442 233 1479 rna
254 1424 432 1480 vacillantem
453 1423 481 1476 in
502 1423 645 1492 proposito
665 1431 780 1493 propter
800 1426 979 1482 difficultates
1001 1437 1078 1484 ortas
1099 1431 1283 1495 oeulis-mavit,
1313 1434 1409 1493 addita
1434 1454 1549 1493 comme·

189 1505 352 1566 moratione,
374 1502 437 1573 quid
459 1503 518 1572 ipse
539 1519 600 1576 cum
621 1503 791 1573 Imperatore
812 1507 846 1560 de
866 1523 910 1561 111
931 1510 1090 1564 advooaudo
1107 1510 1168 1580 jam
1182 1506 1302 1582 egisset)
1323 1514 1441 1586 deniqne
1454 1533 1548 1574 mense

189 1584 304 1640 Octobri
318 1583 450 1638 familiam
465 1583 588 1654 Pragam
602 1584 742 1638 transtuli.
772 1586 830 1639 Nec
842 1587 945 1642 diutius
960 1605 1032 1643 anno
1046 1606 1101 1644 uno
1114 1591 1220 1660 potitus
1236 1591 1370 1663 magistro
1385 1597 1547 1666 superstite,

188 1674 254 1735 post
275 1665 335 1732 ejus
357 1662 461 1718 obitum
482 1663 519 1717 ab
541 1662 670 1732 Imperat.
693 1664 841 1735 Rudolpho
861 1675 974 1722 curator
994 1671 1086 1739 operis
1107 1671 1283 1735 Tabularum,
1306 1674 1405 1744 quibus
1422 1677 1548 1731 Bruheus

93 1791 98 1800 .
188 1763 207 1799 a
227 1745 374 1816 Rudolpho
405 1761 502 1798 nomeu
523 1759 585 1795 esse
605 1744 707 1806 voluit,
739 1755 902 1816 surrogatus
925 1764 1001 1802 sum:
1032 1749 1060 1803 in
1083 1767 1136 1821 quo
1165 1751 1330 1820 perficiendo
1358 1772 1408 1823 per
1437 1756 1487 1811 hos
1510 1757 1548 1811 20

187 1843 276 1880 anuos
298 1824 437 1879 desudavi.
480 1825 525 1876 111
545 1823 630 1876 omnis
652 1823 717 1878 mihi
739 1825 822 1890 vitae,
844 1826 995 1881 studiorum
1016 1846 1183 1902 operumque
1203 1847 1324 1886 meorum
1344 1835 1416 1888 ratio
1438 1837 1475 1888 ab
1495 1837 1549 1890 ho'o

186 1924 243 1962 uno
265 1906 359 1960 libello
381 1903 562 1958 consurrexit.
596 1904 643 1958 fEt
663 1921 785 1959 111111
813 1906 959 1977 magnifice
988 1924 1030 1962 rue
1047 1909 1170 1979 jactem,
1202 1912 1264 1964 dum
1285 1914 1377 1967 recolo
1407 1916 1545 1980 memoria,

187 1988 260 2058 quod
281 1984 474 2040 demonstratis
491 1983 550 2052 jam
572 1985 748 2054 planetarum
769 1986 886 2040 omnium
908 1987 1035 2052 motibus,
1060 1992 1171 2044 taudem
1191 1991 1226 2045 ad
1248 1977 1546 2051 absolvendam'telum

186 2070 240 2122 hoc
261 2066 356 2119 libello
378 2072 517 2133 coeptam,
542 2065 583 2117 'ad
611 2073 681 2134 opus
702 2083 738 2119 11.
760 2067 969 2131 Harmouioum,
1000 2068 1049 2122 illo
1079 2068 1139 2139 ipso
1165 2087 1252 2132 anno,
1284 2087 1337 2142 quo
1358 2074 1545 2131 Ferdinandus
1584 2063 1587 2068 ⁴
1677 2118 1683 2125 ,

185 2147 330 2202 Archidux
351 2146 378 2199 in
400 2162 493 2216 regern
516 2145 665 2199 Bohemiae
686 2153 831 2215 susceptus
853 2153 905 2208 est,
927 2148 1047 2202 animum
1060 2148 1216 2218 adjecerim,
1239 2153 1310 2221 quod
1326 2168 1397 2207 anno
1419 2156 1545 2225 sequenti

147 2256 150 2259 ⁴
187 2228 278 2289 1618,
301 2244 354 2296 quo
375 2242 447 2280 auno
458 2225 645 2279 Ferdiuaudus
667 2226 794 2280 diadema
814 2227 893 2297 regni
916 2227 1057 2299 Ungariae
1078 2231 1208 2302 suscepit,
1230 2248 1284 2300 ego
1308 2231 1455 2289 librumv.
1471 2236 1543 2289 Har·
1634 2237 1638 2244 '

184 2307 350 2362 monicorum
371 2306 553 2359 absolverim:
585 2307 654 2376 quod
676 2306 792 2377 denique
814 2324 885 2361 auno
911 2307 1001 2370 1619,
1025 2326 1078 2378 quo
1098 2307 1270 2363 Ferdinaudo
1291 2327 1398 2367 summa
1418 2312 1540 2385 dignitas

183 2387 336 2458 imperialis
357 2386 486 2446 accessit,
519 2386 700 2438 Harmoniceu
729 2386 787 2456 ipse
816 2403 904 2441 meam
925 2389 1020 2442 eodem
1048 2397 1079 2442 et
1101 2390 1162 2442 loco
1193 2397 1223 2443 11
1244 2407 1337 2444 mense
1359 2393 1543 2448 coronationis

183 2468 247 2537 ejus
274 2465 481 2536 publicaverim.
524 2466 607 2518 Faxit
628 2467 719 2528 Deus,
752 2472 782 2518 ut
803 2467 935 2520 extinctis
968 2467 1140 2522 dissidiorum
1168 2468 1285 2522 civilium
1308 2471 1484 2526 dissonantiis
1516 2473 1545 2526 in
1605 2473 1610 2478 ’

184 2555 245 2603 1111
266 2546 429 2601 monarchae
461 2545 542 2613 hujus
564 2545 686 2614 imperio,
718 2544 798 2615 inque
820 2545 936 2599 Austria
967 2546 1120 2616 superiore,
1151 2550 1279 2601 moderno
1311 2566 1370 2603 meo
1399 2551 1543 2616 domicilio,

184 2626 349 2682 suavissima
368 2626 444 2695 pacis
467 2625 622 2687 harmonia,
654 2641 725 2696 quae
752 2624 780 2678 iu
809 2624 952 2696 aequitate
983 2625 1156 2696 imperiorum
1181 2633 1211 2680 11
1239 2629 1434 2697 promtitudine
1463 2631 1543 2684 obse·

185 2707 308 2778 quiorum
330 2704 466 2766 consistit,
498 2706 533 2757 ab
556 2706 606 2757 hoo
627 2704 686 2774 ipso
710 2711 834 2773 tempore
855 2712 1043 2769 restauretur,
1074 2723 1127 2777 quo
1149 2724 1202 2777 ego
1224 2708 1340 2776 primum
1360 2709 1433 2763 hunc
1453 2728 1544 2765 meum

183 2788 309 2841 libellum
330 2784 401 2840 11111
432 2787 606 2839 emendatum
635 2785 858 2856 integratumque
884 2786 974 2838 deuuo
996 2785 1023 2839 in
1056 2786 1194 2854 publicum
1215 2788 1276 2841 edo.
1319 2788 1364 2842 Sic
1383 2789 1455 2843 enim
1484 2790 1544 2845 fleri

184 2867 300 2938 poterit,
331 2874 362 2920 11
381 2843 516 2919 1111111111Ι
530 2864 731 2933 provinciarum
752 2863 927 2926 cicatricibus
949 2863 1086 2927 obductis,
1105 2851 1149 2919 Ι11
1171 2866 1281 2919 siccatis
1303 2865 1382 2938 aquis
1412 2868 1542 2923 horrendi

183 2948 293 3010 diluvii,
315 2947 472 3015 solibusque
494 2945 611 2998 reversis
630 2946 808 2999 reflorescens
835 2945 933 3013 copiae
955 2961 1053 3008 cornu,
1082 2945 1166 3000 etiam
1186 2945 1251 2999 mihi
1273 2947 1425 3002 destinatos
1448 2965 1465 3002 a
1486 2949 1542 3003 Ru·

183 3028 286 3097 dolpho
308 3028 374 3096 lmp.
395 3030 500 3078 sumtus
522 3019 679 3094 (impeditos
701 3041 752 3093 per
771 3024 941 3092 superiorum
962 3031 1115 3094 temporum
1136 3023 1348 3094 turbulentiam)
1369 3027 1485 3098 denique
1506 3031 1543 3084 ad

184 3108 342 3161 tabularum
363 3105 607 3160 astronomicarum
627 3122 696 3175 opus
718 3106 851 3158 edendum
873 3105 1008 3159 affundat.
1401 3093 1407 3102 ¹

265 3183 296 3254 b)
319 3185 391 3249 Quia
409 3186 511 3255 dogma
531 3187 563 3238 de
585 3185 703 3256 quinque
732 3184 828 3255 figuris
849 3184 1025 3256 geometricis
1052 3184 1126 3239 iuter
1152 3187 1291 3240 mundana
1311 3203 1428 3256 corpora
1448 3188 1538 3243 distri·
1571 3227 1574 3234 ,

184 3266 258 3321 bulis
279 3266 399 3320 refertur
420 3267 454 3319 ad
469 3265 669 3336 Pythagoram,
691 3281 710 3318 a
730 3281 783 3336 quo
800 3265 881 3319 Plato
904 3266 975 3320 hanc
995 3264 1199 3335 philosophiam
1220 3272 1264 3320 est
1284 3273 1435 3322 mutuatus.
1470 3267 1540 3324 Vide

183 3346 363 3404 Harmonices
384 3345 433 3399 lib.
450 3346 471 3398 1.
493 3353 522 3400 11
543 3345 590 3398 lib.
607 3346 639 3399 11.
681 3346 752 3399 Nam
773 3345 890 3399 eaedern'
908 3346 1016 3417 quidem
1036 3351 1066 3399 11
1084 3344 1139 3400 illis
1160 3345 1272 3401 etmihi
1293 3348 1401 3418 figurae
1422 3347 1544 3422 quinque,
1631 3368 1633 3371 ’

182 3435 265 3481 eraut
284 3426 452 3497 propositae,
475 3425 546 3479 idem
566 3432 596 3477 et
616 3425 671 3478 illis
692 3431 722 3479 et
743 3425 808 3479 mihi
829 3427 954 3488 mundus,
976 3431 1008 3479 at
1026 3443 1080 3479 nou
1101 3427 1214 3480 eaedem
1227 3425 1356 3498 utrinque
1370 3427 1461 3482 mundi
1475 3443 1539 3497 par·

182 3514 235 3571 tes,
257 3507 279 3560 si
300 3506 410 3560 literam
431 3507 518 3560 solam
539 3513 664 3574 spectes:
686 3522 737 3559 nec
757 3507 853 3558 eadem
875 3504 1035 3574 applicandi
1056 3505 1138 3559 ratio.

262 3581 290 3656 e)
312 3586 443 3640 Condona
464 3585 552 3639 lector
572 3585 663 3655 tyroni
684 3583 848 3638 locutionem
864 3585 952 3639 miuus
968 3588 1148 3640 emendatam.
1192 3586 1296 3655 Corpus
1312 3585 1436 3657 equidem
1451 3602 1538 3657 agno-

181 3667 234 3722 scit
253 3666 431 3737 philosophia
450 3667 646 3736 quodammodo
672 3665 808 3718 diversum
829 3663 957 3734 quiddam
987 3665 1024 3718 ab
1054 3665 1177 3727 homine,
1209 3664 1275 3736 quia
1302 3665 1371 3720 illud
1391 3666 1539 3721 continuae

181 3747 328 3802 mutationi
347 3754 392 3801 est
412 3746 574 3809 obnoxium,
605 3745 766 3799 1111111111
796 3760 905 3813 semper
931 3744 1002 3798 idem
1023 3744 1067 3798 sit.
1108 3744 1235 3798 Animum
1259 3762 1322 3800 vero
1352 3745 1482 3816 perhibet
1502 3745 1537 3809 id,

181 3845 235 3899 qno
255 3829 336 3882 homo
357 3828 394 3881 sit
413 3827 509 3888 homo;
531 3828 601 3880 adeo
621 3843 675 3880 uon
696 3831 740 3878 est
760 3823 864 3898 animus
885 3823 1023 3879 diversum
1036 3824 1100 3894 quid
1114 3824 1151 3878 ab
1165 3823 1283 3880 homine.
1325 3825 1428 3881 Verum
1447 3825 1538 3879 illatio

180 3915 275 3963 manet
294 3909 405 3968 eadem,
427 3924 489 3961 esse
510 3903 694 3960 1111111111
715 3904 805 3959 auimo
827 3905 973 3973 pabulum,
1006 3905 1120 3959 seorsim
1141 3919 1159 3958 a
1179 3905 1283 3973 pabulo
1304 3905 1441 3974 corporis,
1472 3921 1538 3962 suas

181 3989 265 4043 etiam
286 3988 399 4042 seorsim
417 3987 542 4040 ‘delicias
604 4027 615 4047 ,
1447 4025 1450 4032 .

260 4066 288 4132 d)
310 4070 371 4123 Nou
392 4070 517 4139 legeram
538 4067 685 4129 Senecam,
716 4064 762 4135 qui
784 4081 853 4134 pene
875 4066 990 4118 eandem
1011 4064 1177 4120 sententiam
1198 4061 1374 4134 eloquentiae
1395 4063 1538 4118 Romanae

180 4148 300 4203 flosculis
321 4149 361 4203 sic
381 4147 541 4206 exornavit:
571 4145 675 4216 pusilla
701 4161 746 4197 res
767 4146 880 4198 muudus
907 4151 964 4208 est,
996 4145 1047 4201 nisi
1076 4144 1104 4199 in
1134 4162 1167 4198 eo
1201 4144 1272 4216 quod
1302 4149 1421 4213 quaerat
1450 4141 1536 4198 omnis

181 4231 297 4283 mundus
318 4228 441 4282 inveniat
463 4223 540 4296 (Nat.
558 4227 674 4288 Quaest.
690 4224 750 4278 VII.
768 4221 827 4288 31).

260 4306 288 4373 1)
309 4309 372 4363 Non
391 4307 516 4379 equidem
537 4306 724 4376 cogitaveram
745 4311 828 4367 tuno,
857 4303 916 4358 fore
936 4309 968 4357 ut
991 4302 1019 4357 in
1038 4303 1106 4373 Irnp.
1129 4303 1268 4373 Rudolphi
1300 4302 1392 4356 aulam
1413 4317 1535 4357 vocarer.

159 4383 305 4460 'Namque
333 4390 406 4443 huno
436 4386 611 4441 monarchum
631 4401 696 4439 vere
717 4387 835 4438 alterum
857 4384 985 4438 Carolum
1012 4382 1056 4436 hic
1077 4381 1258 4455 deprehendi,
1288 4400 1342 4437 non
1363 4381 1536 4437 abdicatione

180 4468 302 4538 quidem:
324 4477 354 4522 at
374 4467 498 4538 proiecto
520 4465 632 4521 fastidio
653 4464 790 4519 actionum
811 4463 1055 4534 iniquissimorum,
1081 4463 1152 4519 domi
1180 4462 1299 4533 forisque
1327 4460 1534 4538 occurrentium,

179 4548 337 4603 reductione
358 4547 456 4603 mentis
483 4548 519 4601 ab
541 4547 573 4600 iis
594 4553 625 4600 et
645 4547 727 4599 beato
750 4543 893 4614 (quantum
913 4546 949 4599 ad
977 4545 1120 4598 naturales
1141 4538 1404 4612 contemplationes)
1425 4557 1534 4598 111111·

179 4629 284 4683 tionum
303 4628 450 4690 exercitio;
479 4636 510 4681 11
531 4626 646 4698 aequius
676 4623 772 4686 111111,
802 4623 927 4678 subditos
949 4621 1005 4676 suis
1034 4623 1128 4692 potius
1155 4620 1424 4693 importunitatibus,
1444 4625 1536 4693 'quam

178 4709 254 4780 regia
276 4709 317 4764 sui
338 4706 451 4764 fastidio
473 4707 563 4763 irasci.

87 4827 90 4832 ·
258 4787 280 4854 l)
301 4791 352 4844 Ad
366 4790 514 4858 sphaeram
535 4785 619 4842 allusi
638 4782 798 4855 systematis
819 4779 982 4853 planetarii,
1009 4787 1195 4838 constructam
1216 4802 1253 4839 ex
1273 4780 1385 4837 orbibus
1406 4782 1534 4853 planeta·

70 4928 76 4932 ,
108 4927 111 4931 ,
177 4868 233 4935 siis,
255 4877 286 4925 et
304 4869 463 4942 corporibus
485 4869 603 4940 quinque
622 4863 799 4939 regularibus
820 4860 1031 4934 Pythagoricis,
1054 4861 1110 4917 suis
1132 4880 1240 4938 quoque
1261 4861 1398 4920 coloribus
1419 4879 1438 4919 a
1459 4875 1533 4920 1111·
