3609 5634
294 352 362 421 sao
715 353 937 423 meusne
961 351 1233 419 amoenum·

206 511 211 520 '
294 517 375 565 dones
392 515 497 574 faciant,
517 521 544 566 st
562 510 704 580 quomodo?
739 511 817 563 Ratio
829 511 968 563 Ptolemaei
985 511 1045 562 mibi
1064 527 1115 562 nou
1133 511 1265 573 satisfacit,
1285 511 1350 578 quod
1362 510 1424 563 hors
1435 511 1530 564 insola
1548 527 1664 569 nuum,

293 587 320 636 in
339 585 413 637 Luna
429 601 540 636 mensem
559 586 703 636 constituet.
739 583 791 633 Res
810 598 871 634 ssne
889 584 1049 649 inquisitione
1067 583 1220 650 dignissima

278 687 281 696 Α
383 658 589 738 Kepierus:
613 656 660 718 De
693 655 802 718 effectu
834 656 989 735 eclipsium
1023 655 1159 717 iuvenies
1183 655 1212 716 in
1237 654 1312 717 meis
1336 654 1472 717 thesibus
1494 654 1663 718 Meteone·

296 747 410 826 iogicis.
457 745 538 808 Sane
562 754 594 807 et
617 745 646 806 iu
669 745 846 808 Ptolemaeo
870 753 902 806 et
925 763 982 825 ego
1006 763 1129 806 causam
1153 745 1322 806 naturalem
1347 744 1498 817 desidero,
1527 762 1583 806 cur
1607 745 1664 804 efa-

297 837 393 897 fectus
417 841 465 896 tot
487 834 640 897 mensibus
663 833 693 895 in
717 831 790 896 Sole
815 841 846 896 et
868 833 956 896 Luna
980 833 1145 907 differatur,
1171 841 1244 913 quot
1259 833 1340 895 boris
1355 831 1478 912 eclipsis
1493 854 1513 894 a
1531 833 1663 894 cardine

295 924 393 998 abest,
418 933 449 985 et
473 933 575 986 tamen
594 924 659 1002 jam
682 922 877 1003 singularium
902 921 1021 983 duratio
1044 938 1098 1001 per
1113 923 1203 983 horas
1227 923 1258 984 iu
1272 922 1359 984 Luna
1380 940 1510 996 menses,
1536 922 1567 983 iu
1582 921 1663 983 Sole

295 1031 390 1074 annos
414 1012 573 1091 significet.
621 1008 723 1082 Quare
751 1012 822 1073 olim
855 1030 911 1090 ego
935 1011 1041 1073 eadem
1064 1030 1132 1072 cnm
1156 1011 1332 1072 Ptolemaeo
1366 1010 1506 1081 licentin‘,
1535 1010 1665 1072 scilicet

295 1120 353 1163 non
376 1120 480 1181 parva,
505 1102 599 1163 telem
624 1101 665 1161 fui
689 1109 811 1162 secutus
836 1101 972 1162 modurn:
998 1095 1070 1181 quot
1093 1100 1175 1162 horis
1199 1100 1345 1161 luminare
1362 1120 1455 1182 supra
1469 1100 1664 1162 horizontem

295 1190 421 1262 mansit,
453 1197 502 1253 tot
523 1189 553 1250 in
578 1189 665 1251 Luna
688 1208 825 1263 menses,
860 1188 890 1250 in
915 1189 987 1251 Sole
1011 1188 1080 1250 anni
1105 1189 1187 1250 mers
1210 1189 1450 1269 praesuppositi,
1485 1188 1662 1268 exquibus

296 1278 342 1340 illi
366 1279 506 1341 effectum
530 1277 712 1352 sentiebant,
739 1276 789 1357 qui
812 1278 1037 1356 respondebant
1060 1277 1142 1339 horis
1165 1277 1204 1339 ab
1224 1285 1290 1339 orto
1314 1278 1450 1339 defectus
1468 1279 1661 1339 determina-

296 1368 346 1430 tis.
395 1368 525 1443 Verum,
554 1368 609 1429 hoc
633 1366 777 1429 modoad
802 1366 1020 1428 Ptolemaicum
1043 1366 1233 1440 confirmato,
1267 1366 1445 1446 principium
1468 1366 1662 1447 operationis

297 1456 418 1536 eclipsis
443 1455 559 1518 Solaris
592 1456 723 1519 cadebat
755 1463 826 1517 ante
859 1455 977 1518 initium
1001 1455 1160 1534 eclipseos.
1207 1455 1303 1528 Puto,
1338 1455 1474 1517 defectus
1503 1473 1562 1516 non
1587 1456 1658 1534 pati

295 1555 358 1608 tam
382 1545 564 1625 exquisitum
588 1545 745 1618 calculum,
771 1563 826 1606 nec
850 1563 925 1624 opus
949 1563 1027 1619 esse,
1052 1563 1120 1606 cnm
1138 1544 1244 1624 cuique
1269 1543 1330 1606 diei
1344 1544 1386 1605 sit
1401 1563 1456 1605 sua
1470 1543 1657 1623 significatio

296 1634 326 1695 in
351 1634 442 1696 astris
466 1653 504 1695 en
527 1633 700 1714 aspectibus
725 1642 756 1695 et
778 1634 967 1696 transitibus.
1016 1628 1092 1695 Cum
1107 1633 1204 1694 adhuc
1228 1634 1358 1695 nondum
1379 1641 1537 1695 exstarent
1560 1633 1660 1712 ephe·
1712 1701 1724 1714 J

296 1724 435 1797 merides,
461 1722 659 1785 aChaldaeis
683 1731 754 1786 sunt
777 1723 967 1817 introductae
990 1722 1194 1802 profectiones
1219 1723 1259 1783 ad
1280 1720 1499 1785 sublevandum
1523 1721 1661 1784 laborem

297 1811 466 1874 calculandi
489 1821 585 1875 astra.

367 1900 549 1951 Fabricius:
573 1901 614 1949 An
639 1899 744 1950 thema
769 1900 993 1964 conceptionis
1012 1899 1140 1964 praevalet
1158 1899 1262 1965 genesi,
1292 1899 1332 1949 rel
1351 1897 1458 1948 contusi
1493 1898 1549 1964 Ego
1568 1899 1658 1963 genesi

295 1971 619 2093 ffiuiniril'n'naqegiiam
637 1984 693 2021 curn
711 1976 770 2020 stre
787 1971 883 2021 imbibit
901 1973 964 2020 vires
983 1970 1059 2032 coeli,
1077 1986 1127 2020 non
1145 1972 1172 2019 in
1190 1972 1362 2034 conceptione,
1382 1969 1424 2020 ubi
1442 1984 1492 2020 non
1511 1976 1552 2020 est
1572 1970 1661 2027 homo,

300 2202 402 2282 nragni
425 2234 468 2245 -
492 2212 540 2264 est
567 2208 669 2263 autem
694 2219 742 2262 res
764 2220 875 2281 magna
904 2201 977 2263 felix
1000 2202 1158 2282 conceptio
1183 2232 1224 2243 —
1248 2202 1284 2263 fit
1311 2202 1377 2264 siue
1406 2217 1557 2264 consensu
1581 2203 1660 2264 coeli

297 2290 437 2366 natalitii,
462 2298 494 2352 ei
516 2296 621 2372 „quae
638 2290 668 2378 in
692 2309 750 2351 uno
773 2292 864 2352 tertio
887 2289 968 2352 inter
990 2309 1023 2351 se
1047 2291 1272 2353 consentiunt“
1319 2288 1486 2371 Conceptio
1513 2311 1583 2352 cum
1598 2311 1661 2371 pa·

297 2380 433 2443 rentibus
453 2378 621 2449 consentit,
646 2377 792 2441 nativitas
815 2398 882 2441 cnm
906 2379 1027 2458 iisdem,
1061 2398 1132 2458 ergo
1156 2388 1189 2440 et
1212 2380 1370 2460 conceptio
1395 2399 1461 2442 cunr
1484 2380 1661 2442 nativitate.

299 2471 335 2531 ln
358 2469 463 2548 genesi
486 2487 557 2530 vero
582 2468 781 2530 discernenda
806 2469 895 2547 plane
920 2467 991 2530 mibi
1022 2468 1125 2529 thema
1153 2468 1325 2532 natalitium
1349 2469 1470 2531 suflicit.
1518 2468 1580 2530 Sed
1605 2478 1662 2532 tua

299 2579 392 2620 causa
415 2565 463 2619 est
485 2558 573 2631 bons,
599 2576 655 2619 nec
677 2556 904 2637 philosophica:
929 2576 1019 2631 „cum
1035 2563 1105 2619 aere
1128 2558 1208 2618 vires
1232 2557 1308 2619 coeli
1326 2557 1462 2620 haurit.“
1510 2557 1661 2620 itabens

299 2646 412 2716 dixisti.
437 2656 471 2708 ut
492 2646 605 2721 rhetor,
630 2654 665 2707 at
686 2665 743 2707 non
767 2655 802 2706 ut
823 2645 1059 2724 philosophicus.
1107 2646 1198 2707 Vires
1221 2665 1327 2726 nempe
1350 2647 1427 2709 coeli
1451 2656 1577 2727 propter
1601 2666 1659 2708 ve-

298 2735 429 2797 hiculum
454 2735 533 2797 seris
557 2753 617 2796 uon
639 2734 836 2805 imbibuntur,
870 2735 1041 2796 consistunt
1064 2734 1142 2796 enim
1167 2735 1197 2795 in
1221 2736 1438 2814 imaginatione
1461 2755 1559 2799 rerum
1584 2736 1660 2798 sub-

300 2826 548 2962 ¹anai-'lisllliliicins:
567 2909 677 2972 Quinte
695 2912 721 2960 in
739 2910 885 2974 physicis
903 2910 1188 2975 speculationibus
1207 2911 1328 2961 excellere
1347 2912 1435 2970 video,
1461 2912 1518 2963 ideo
1537 2919 1564 2963 et
1580 2913 1659 2963 hasce

296 2985 541 3051 quaestiones
560 2982 737 3046 physicas
754 2982 827 3032 simul
844 2983 889 3032 tibi
908 2997 1045 3046 proponere
1062 2983 1127 3032 rolui
1146 2983 1324 3034 discutiendas.

372 3053 517 3116 Quaeritur,
538 3069 571 3104 sn
589 3054 734 3104 fulmina
751 3055 802 3103 sint
818 3056 961 3115 mmeriata,
981 3055 1019 3105 vel
1037 3056 1137 3117 spiritus
1150 3052 1266 3104 tantum?
1303 3052 1329 3103 Si
1348 3056 1492 3112 materiata,
1511 3070 1556 3104 cur
1572 3055 1660 3111 homo,

297 3127 336 3177 rei
354 3126 405 3177 eila
422 3133 538 3176 creatura
555 3126 681 3183 animata,
707 3141 757 3175 non
775 3125 890 3175 laedatur
907 3124 956 3175 iilis
975 3126 1062 3176 eodem
1085 3126 1157 3175 modo
1184 3140 1229 3190 per
1247 3125 1431 3187 disjectionem.
1463 3127 1660 3177 vulnerationem

270 3229 275 3238 ·
297 3206 343 3248 aut
361 3198 573 3257 deformationem,
592 3203 621 3245 ut
638 3197 702 3246 muri
720 3204 746 3247 et
764 3195 863 3246 turres?
899 3195 1037 3246 Materiata
1054 3200 1143 3261 nempe
1161 3197 1243 3247 locum
1262 3198 1399 3262 requirunt,
1418 3205 1445 3247 et
1458 3206 1590 3263 propterea
1609 3198 1662 3248 siis

297 3282 401 3333 corpora
417 3270 531 3333 ingresse
547 3267 649 3318 violenti
665 3273 743 3325 motu,
763 3280 795 3316 es
812 3268 922 3317 sensibili
940 3269 1050 3318 laesione
1070 3268 1190 3320 afficiunt.
1229 3267 1336 3329 Quint,
1363 3268 1429 3333 quod
1453 3271 1661 3319 tonitruum

297 3339 493 3462 ilrdugtssnrepoultg
510 3336 648 3460 311ήῖἒῶ
662 3354 785 3389 summum
803 3335 820 3387 l
837 3339 954 3390 milliaria
971 3354 1028 3389 non·
1039 3341 1181 3401 audiantur,
1201 3346 1288 3390 contra
1306 3346 1484 3391 tormentorum
1503 3340 1659 3405 expletiones

368 3446 375 3471 3
432 3445 439 3469 i
639 3447 645 3459 ¹

349 3479 355 3488 '
388 3483 592 3572 Keplerus:
627 3482 674 3543 De
708 3481 880 3545 fulminibus
913 3482 989 3543 haec
1012 3492 1061 3544 est
1090 3501 1159 3544 mea
1182 3483 1337 3545 sententia
1360 3484 1430 3557 (uec
1454 3484 1535 3545 enim
1559 3483 1659 3547 miuus

297 3593 362 3648 me,
385 3591 442 3652 par
465 3579 527 3647 est,
553 3580 731 3651 arroganter
754 3572 951 3651 respondere,
975 3590 1065 3652 quam
1087 3582 1121 3634 tu
1144 3572 1328 3634 confidenter
1351 3573 1502 3656 quaepris):
1533 3582 1566 3633 et
1588 3592 1657 3634 ma·

299 3662 419 3725 terialia
442 3680 521 3734 esse,
545 3670 577 3722 et
599 3661 732 3740 spiritus.
779 3660 859 3724 Nam
883 3669 916 3721 et
938 3660 1062 3739 spiritus
1086 3671 1135 3722 est
1157 3661 1296 3723 materia.
1343 3662 1476 3740 Lapides
1504 3680 1576 3724 vero
1600 3681 1658 3722 ne-

300 3746 411 3813 minem
435 3768 563 3830 unquam
578 3749 734 3831 excepisse
749 3758 831 3830 puto,
856 3758 891 3810 ut
905 3750 1120 3830 specularetur.
1166 3750 1262 3812 Fallit
1282 3750 1420 3812 homines
1435 3752 1487 3812 via
1500 3770 1554 3813 seu
1568 3750 1658 3813 limes

301 3840 428 3901 adustus
450 3856 505 3918 per
528 3839 661 3901 arbores.
707 3839 753 3900 At
775 3859 833 3902 non
858 3839 1003 3919 sequitur,
1028 3838 1161 3918 lapidem
1176 3839 1260 3901 iilam
1278 3848 1424 3902 metatum
1439 3840 1532 3904 viam.
1579 3840 1658 3903 Pro-

299 3936 415 4015 pouapt
439 3927 510 3989 mihi
535 3928 674 4008 lapidem,
700 3928 913 3990 demonstrabo
931 3928 1008 4002 iliis,
1033 3927 1060 3989 si
1084 3929 1185 3991 durior
1208 3947 1267 3990 uon
1292 3929 1395 4004 fuerit,
1427 3930 1538 3991 millies
1563 3929 1658 3991 dissi-

301 4017 395 4080 luisse
419 4016 598 4095 oportuisse.
616 4067 618 4071 .
644 4017 690 4079 at
712 4035 749 4079 ex
764 4017 923 4080 arboribus
947 4015 1153 4079 exscinditur?
1182 4016 1374 4080 Oimbecille
1396 4018 1526 4080 fulmen!
1559 4020 1610 4080 An
1625 4025 1657 4079 tn

300 4105 410 4181 credis,
430 4105 508 4166 hauc
531 4105 708 4169 violentiam
729 4107 759 4168 in
783 4108 861 4169 uodo
884 4102 1033 4169 haereret
1079 4104 1167 4178 Quod
1186 4117 1288 4170 autem
1303 4127 1430 4188 corpora
1452 4126 1513 4169 non
1536 4126 1603 4169 eum
1626 4107 1656 4168 in

301 4195 422 4258 modum
445 4194 652 4278 fulminentur,
676 4214 734 4275 quc
757 4195 853 4275 ligna,
878 4214 972 4258 causa
995 4203 1044 4258 est
1066 4196 1224 4270 mollities,
1250 4215 1327 4277 quae
1351 4198 1465 4259 nullam
1489 4196 1582 4258 habet
1604 4214 1657 4258 re·

300 4283 488 4358 sistentiam,
512 4292 545 4346 et
567 4285 646 4365 quod
670 4284 775 4347 ustilia
796 4304 854 4347 non
878 4292 963 4359 suut,
989 4293 1023 4346 ut
1046 4285 1138 4365 ligna.
1184 4285 1302 4348 Eadem
1325 4305 1432 4363 causa,
1466 4305 1518 4348 cnr
1542 4286 1659 4366 liquent
1765 4361 1769 4366 Ι

299 4372 435 4436 metalla.
843 4433 852 4448 ,
984 4380 986 4382 ’

389 4461 530 4524 Jucuuda
552 4461 690 4542 quaestio
714 4462 752 4522 de
774 4460 900 4523 terribili
925 4462 1056 4542 fragore.
1103 4463 1171 4540 „De
1195 4463 1266 4525 forti
1290 4461 1451 4527 dulcedo.“
1486 4460 1585 4525 Judic.
1606 4460 1657 4526 14.

300 4551 383 4632 Ergo
406 4570 558 4630 uunquam
581 4552 645 4612 sine
668 4551 746 4613 nube
770 4557 868 4612 tonat.
919 4550 964 4612 At
986 4552 1081 4613 imber
1104 4571 1142 4613 ex
1165 4561 1378 4616 concamerata
1401 4551 1529 4626 decidit,
1563 4571 1659 4632 eaque

302 4659 362 4702 non
387 4639 470 4713 alta,
501 4658 540 4701 ex
561 4658 674 4720 vapore
697 4638 815 4702 scilicet
836 4639 1047 4720 copiosissime
1073 4641 1161 4704 simul
1189 4661 1227 4703 ex
1258 4651 1341 4705 terra
1374 4642 1536 4704 exhalante
1569 4642 1659 4704 simul

302 4748 321 4789 a
343 4745 473 4810 superno
497 4728 577 4792 aeris
600 4729 712 4809 frigore
735 4727 764 4789 in
789 4747 898 4809 aquam
922 4738 1063 4805 cooacto;
1087 4730 1209 4793 clausus
1223 4731 1325 4812 itaque
1346 4732 1449 4813 fragor
1462 4739 1520 4794 est
1570 4730 1658 4793 Adde

303 4824 336 4878 et
359 4819 438 4900 quod
461 4819 603 4882 celeritas
627 4837 702 4897 pene
726 4817 793 4879 sola
815 4818 946 4897 fragoris
970 4837 1072 4881 causa.
1119 4815 1214 4895 Puto,
1244 4822 1405 4883 materiam
1426 4821 1559 4883 fulminis
1583 4840 1659 4883 ean-

303 4905 372 4972 dem
394 4925 473 4981 esse,
497 4910 573 4987 qu‘ae
596 4914 645 4970 est
667 4907 697 4970 iu
721 4925 794 4970 auro
818 4906 955 4985 feriente,
979 4908 1064 4991 cujus
1087 4908 1202 4976 incensi
1224 4910 1304 4975 idem
1327 4918 1376 4976 est
1398 4910 1511 4994 fragor.
