3609 5634
233 278 278 346 72
693 278 996 338 .P¹0⁰·⁸l¹²

233 439 425 505 Bsuatbkam
446 438 526 503 veni.
573 438 624 503 Ab
647 457 683 501 eo
706 438 755 502 die
779 457 872 525 ueqm
895 438 936 501 ad
958 436 1028 503 Cal.
1050 437 1138 513 Jon,
1167 434 1383 502 sidcirciter
1404 435 1607 518 septima·

234 530 360 605 emman
384 529 524 591 continue
547 547 614 591 cum
638 528 780 609 hebone
803 528 892 609 inque
915 527 1053 590 convictu
1071 527 1142 607 ejus
1164 526 1237 589 vixi.

322 617 512 680 invitaverat
534 618 561 679 is
583 635 630 679 me
653 617 751 678 altera
773 616 839 678 vice
870 616 924 689 (de
946 616 1046 697 prima
1067 615 1147 678 enim
1176 614 1356 678 invitetione
1377 613 1433 675 tibi
1455 615 1602 683 conant)

234 725 379 787 perquam
401 706 538 768 humanis
570 705 610 767 ad
633 724 679 766 me
711 704 832 786 scriptis
861 705 967 768 literis.
1014 703 1150 767 Sedeas
1177 723 1234 784 ego
1258 705 1364 766 literas
1388 703 1418 763 d.
1449 699 1496 765 10.
1519 701 1595 764 Jun.

235 797 356 859 demum
378 793 517 856 Viennae
539 794 570 856 iu
598 793 698 856 reditu
731 795 844 873 accepi.
895 792 949 856 Sic
975 812 1047 874 ergo
1079 813 1137 856 uon
1165 802 1284 856 tautum
1313 799 1419 871 gratus
1453 790 1508 852 sed
1538 809 1599 852 ex-

233 891 376 965 pectetus
405 883 499 946 etiam
531 883 589 945 fuit
617 883 766 945 adventus
789 901 885 945 meus.
932 880 1018 954 Quse
1043 882 1181 957 uiderim,
1206 900 1283 962 quae
1306 880 1476 955 didicerim,
1504 878 1596 941 nimis

231 974 297 1054 jam
328 972 450 1051 longum
478 979 562 1033 esset
592 989 759 1034 recensere.
819 969 977 1034 Summam
1011 971 1194 1034 amotionis
1227 970 1293 1050 ipse
1328 969 1402 1032 mibi
1434 967 1598 1030 delineasti

233 1059 401 1123 verissimis
424 1059 545 1122 verbis:
569 1079 628 1122 nou
651 1065 765 1123 metum
787 1078 864 1134 esse,
899 1071 933 1124 nt
965 1079 1013 1123 me
1041 1060 1199 1141 poeniteat
1226 1059 1353 1121 itineris.
1394 1058 1475 1120 Nam
1498 1065 1530 1118 et
1557 1057 1597 1118 de

235 1148 383 1212 sumubus
406 1167 549 1211 necessus
571 1148 630 1211 mei
653 1157 776 1211 cautum
797 1167 867 1211 esse
889 1150 963 1213 mihi
984 1150 1090 1222 uoluit,
1114 1150 1142 1211 si
1164 1147 1343 1223 voluissem,
1366 1154 1400 1208 ct
1421 1147 1460 1207 de
1482 1146 1596 1208 viatico

234 1237 275 1300 ad
296 1236 425 1300 reditum
449 1238 621 1300 uecemario
645 1236 796 1299 Viennam
819 1257 914 1317 usque
935 1238 1101 1319 prospexit
1152 1237 1275 1300 &mma
1303 1254 1375 1297 vero
1402 1235 1597 1297 tractationis

234 1335 357 1389 nostrae
382 1325 439 1387 luit
460 1326 546 1398 haec,
569 1335 604 1387 ut
624 1336 803 1405 procuraret
824 1326 896 1388 mibi
921 1327 1022 1410 Tycbo
1045 1327 1151 1389 literas
1176 1323 1329 1400 Caesaris,
1354 1324 1460 1405 quibus
1484 1333 1516 1386 et
1537 1342 1596 1384 vo-

234 1433 320 1477 carer
341 1414 372 1477 iu
395 1414 546 1477 biennium
570 1414 599 1475 iu
621 1414 817 1491 Bohemiam,
842 1414 1030 1478 maturandis
1046 1414 1197 1498 Tychonis
1220 1413 1413 1487 editionibus,
1433 1421 1466 1474 et
1482 1411 1595 1474 nibilo-

234 1502 332 1566 minus
361 1502 504 1566 salarium
536 1522 633 1566 meum
661 1503 690 1564 in
719 1503 824 1585 Styria
851 1504 987 1567 obtinere
1014 1523 1156 1584 possem:
1187 1501 1398 1584 suppeditaret
1422 1510 1457 1564 et
1478 1508 1599 1563 sumtus

234 1591 335 1654 itineri
358 1593 546 1654 necessarios
569 1592 608 1653 ad
633 1593 777 1654 familiam
805 1593 1069 1655 transferendam:
1098 1592 1206 1674 quibus
1229 1612 1249 1652 a
1278 1609 1326 1652 me
1353 1590 1518 1670 propositis
1546 1589 1598 1650 iu·

236 1698 327 1760 super
349 1680 469 1768 adjecit
488 1689 661 1743 curaturum
688 1699 736 1756 se,
760 1688 796 1742 ut
816 1680 971 1744 minimum
997 1679 1060 1745 100
1083 1681 1207 1761 iusuper
1228 1679 1363 1742 thaleros
1388 1679 1422 1746 iu
1449 1679 1599 1740 Bobemia

236 1787 393 1850 aocrpmm.

323 1858 400 1920 Huic
432 1863 535 1919 nostro
571 1865 663 1937 pacto
696 1876 755 1919 uon
779 1858 884 1920 dubito
917 1858 987 1938 quin
1017 1860 1132 1920 savem.
1181 1856 1296 1920 Verum
1322 1875 1394 1919 ecoe
1417 1858 1473 1920 tibi
1497 1857 1598 1937 impe·

236 1945 402 2010 diruentum
425 1954 457 2008 et
481 1945 588 2007 faciem
611 1965 710 2008 rerum
743 1964 876 2009 mearum
905 1949 996 2028 plane
1022 1946 1215 2010 contrariam.
1261 1947 1360 2007 Domo
1387 1944 1499 2008 diecesi
1530 1964 1598 2008 cum

233 2034 323 2097 recia
344 2034 542 2115 magistratus
566 2034 645 2108 mei;
669 2035 797 2097 reditum
820 2054 918 2097 meum
936 2037 986 2098 ubi
1005 2036 1067 2098 illis
1082 2034 1259 2111 significavi,
1277 2033 1462 2113 diligentiam
1477 2035 1598 2117 quidem

234 2123 463 2196 collaudarent,
488 2130 621 2185 ceterum
643 2125 827 2186 verbotenus
850 2133 1031 2197 suaserunt,
1064 2143 1096 2186 re
1123 2125 1192 2204 ipsa
1214 2122 1269 2185 snb
1294 2123 1477 2186 dimissionis
1499 2125 1598 2186 iuter·

235 2211 399 2274 minatione
423 2212 623 2290 imperarunt,
659 2221 694 2274 nt
716 2211 851 2293 reposita
878 2214 908 2274 iu
931 2231 1079 2292 praesens
1108 2213 1294 2275 aeconomia
1322 2212 1501 2275 medisinam
1528 2232 1599 2274 am·

236 2300 404 2380 plecterer,
430 2299 619 2379 animumque
635 2317 662 2362 'a
690 2301 948 2381 speculationibus
979 2302 1114 2382 pulcbris
1141 2302 1238 2380 magis
1280 2319 1369 2381 quam
1400 2303 1456 2363 boc
1483 2300 1598 2363 difficili

235 2397 371 2469 tempore
393 2387 578 2450 salutaribus
610 2390 649 2451 ad
673 2409 775 2452 curam
797 2390 940 2453 utilitatis
963 2392 1103 2471 publicae
1126 2391 1324 2453 traducerem.

323 2477 367 2540 Et
389 2477 460 2558 quia
482 2479 687 2556 experimento
709 2480 919 2557 probaveram,
943 2498 1034 2559 posse
1058 2499 1107 2542 me
1131 2480 1220 2541 domo
1244 2495 1311 2541 mea
1335 2497 1448 2552 carere,
1472 2477 1597 2541 bruen-

234 2567 317 2629 sibus
340 2564 449 2629 itinere
472 2566 636 2629 Bobemico
664 2567 848 2642 consumtis,
887 2577 1066 2639 suaserunt,
1104 2578 1139 2630 ut
1169 2569 1226 2630 snb
1254 2569 1390 2630 autumni
1417 2576 1536 2646 ternpus
1566 2568 1598 2628 iu

235 2655 356 2717 ltaliam
378 2655 462 2728 bem,
487 2655 655 2718 medicinae
678 2675 782 2718 causa
828 2655 863 2718 Si
886 2674 997 2718 causas
1020 2676 1124 2718 omues
1152 2657 1304 2737 explicare
1331 2656 1459 2729 vellem,
1488 2655 1598 2735 quibus

233 2743 300 2822 jam
322 2743 353 2804 in
375 2743 553 2805 Bobemiam
575 2745 686 2825 rapior,
706 2745 774 2824 jam
797 2745 826 2806 iu
850 2744 983 2819 Italiam,
1005 2753 1124 2825 tempus
1148 2753 1286 2807 tererem.
1331 2743 1456 2806 Summa
1479 2744 1596 2805 delibe-

234 2830 361 2893 rationis
384 2850 470 2892 meae
493 2832 569 2896 baec
591 2842 659 2895 est:
693 2834 779 2913 cupio
812 2833 909 2896 adbuc
940 2854 1035 2896 annos
1058 2835 1175 2915 aliquot
1196 2834 1226 2896 in
1250 2833 1460 2895 astronomicis
1483 2852 1596 2894 cousu-

235 2938 325 2994 mere,
349 2928 474 3001 propter
497 2920 669 3002 Tycbonem
692 2922 875 2985 ditissimum
898 2942 997 2985 rerum
1018 2924 1126 2986 barum
1147 2941 1377 3003 possessorem:
1400 2922 1464 2983 sive
1492 2922 1522 2984 id
1543 2924 1599 2983 fiat

236 3009 265 3070 iu
287 3008 451 3080 Bobenia,
476 3010 549 3086 sive,
575 3011 654 3091 qnod
676 3011 794 3085 malim,
819 3009 868 3072 bic
892 3011 1023 3075 Graetii.
1070 3013 1194 3074 Interea
1214 3012 1375 3091 paullatim
1398 3010 1428 3071 iu
1452 3009 1601 3073 medicina

232 3096 442 3176 progrederer.
489 3098 539 3160 Ad
572 3100 629 3160 boc
659 3099 831 3161 institutum
857 3118 934 3179 opus
957 3101 1029 3163 mibi
1057 3108 1107 3162 est
1133 3100 1357 3164 continuatione
1380 3099 1494 3173 salarii,
1518 3100 1598 3180 quod

234 3183 274 3246 ab
298 3182 462 3249 Ordinibus
484 3186 573 3266 hujus
595 3187 766 3267 provinciae
790 3187 896 3263 babeo,
918 3205 994 3267 opus
1017 3196 1049 3251 et
1062 3190 1226 3251 securitate
1245 3189 1274 3249 in
1294 3187 1448 3268 religionis
1463 3188 1595 3268 negotio,

235 3291 325 3353 quam
346 3281 504 3352 praestare
527 3275 666 3356 princepe
688 3283 807 3355 potest,
836 3277 916 3355 quali
940 3278 1033 3340 etiarn
1056 3277 1159 3358 Tycbo
1182 3277 1238 3338 sub
1262 3274 1397 3339 Caesare
1421 3277 1529 3339 fruitur
1552 3277 1597 3348 (iu

237 3380 337 3441 marg:
361 3362 499 3443 utrinque
523 3383 570 3425 me
590 3373 678 3426 extra
700 3371 812 3426 metum
835 3384 903 3426 esse
928 3368 1074 3445 oportet).

321 3449 353 3511 A
376 3457 407 3512 te
430 3469 512 3526 vero,
536 3453 580 3515 Μ.
605 3452 676 3528 Vir,
700 3453 757 3514 boc
779 3461 871 3533 peto,
893 3454 1021 3535 primum
1043 3462 1079 3517 nt
1100 3455 1255 3517 consultor
1277 3453 1350 3516 mihi
1373 3453 1504 3533 optimus
1528 3471 1596 3513 esse

233 3537 325 3612 velis,
350 3537 472 3613 deiude,
496 3540 561 3602 sive
584 3540 680 3613 alind,
705 3540 770 3604 sive
793 3541 866 3614 boc,
890 3544 969 3623 quod
993 3562 1049 3623 ego
1074 3545 1171 3624 elegi,
1195 3542 1341 3617 suaseris,
1376 3541 1420 3605 uti
1442 3543 1543 3604 media
1565 3551 1598 3604 et

234 3625 405 3691 indiceset
427 3627 656 3704 subministres,
681 3648 805 3712 quorum
828 3631 957 3694 eltemm
979 3634 1071 3713 probe
1095 3634 1190 3707 nosti,
1217 3633 1343 3693 alterum
1365 3632 1463 3711 polles
1486 3629 1595 3693 illustri

235 3714 302 3777 loco
324 3717 519 3792 constitutus,
542 3720 572 3779 in
597 3719 654 3779 bac
676 3719 856 3799 praesertim
878 3721 1120 3792 Monacbiensis,
1144 3720 1327 3784 Graeuensis
1361 3727 1392 3782 et
1415 3715 1596 3781 Bohemicae

235 3803 323 3865 aulae
346 3813 451 3867 mutua
473 3808 657 3868 connexione
681 3816 713 3869 et
734 3809 955 3887 praestantium
978 3812 1142 3873 autoritate
1165 3810 1296 3870 virorum
1319 3810 1438 3871 notitia.

217 3969 223 3980 .
324 3889 467 3968 Quaeris,
492 3894 534 3968 si,
560 3896 637 3974 quod
668 3897 716 3958 bic
749 3897 845 3958 habco
869 3899 1026 3973 salarium,
1060 3919 1127 3961 cnm
1150 3915 1293 3961 caesareo
1323 3898 1423 3959 forsan
1453 3897 1596 3977 ampliore

236 3987 490 4057 commutaretur,
522 3983 572 4063 qui
604 3985 634 4045 id
667 3985 739 4048 mibi
771 3985 812 4048 sit
845 3995 1004 4067 acceptum
1032 3987 1186 4051 futurum?
1231 3986 1364 4049 Primum
1392 4005 1550 4068 separarer
1579 4007 1598 4046 a

240 4067 356 4151 Styrie,
381 4071 429 4134 cui
452 4091 519 4134 snm
542 4073 685 4136 astrictus
709 4074 811 4137 multis
835 4076 1115 4140 necessitudinibus.
1140 4077 1175 4138 ld
1198 4074 1348 4138 vinculum
1371 4076 1401 4138 in
1424 4095 1517 4138 uxore
1532 4094 1600 4137 mea

204 4158 361 4238 ,ejusque
394 4159 482 4223 bouis
514 4161 681 4241 stringitur.
728 4163 844 4224 Deinde
877 4183 926 4226 me
958 4166 1089 4246 vestigia
1118 4172 1242 4227 terrent.
1289 4163 1410 4246 Tycbo,
1443 4166 1490 4227 vir
1520 4163 1598 4227 tanti

236 4246 374 4320 nominis,
399 4255 487 4310 tanta
511 4247 655 4312 Caesaris
678 4251 788 4330 gratia,
814 4271 912 4314 annuo
937 4272 991 4315 suo
1014 4255 1165 4334 stipendio
1188 4253 1320 4315 maxima
1334 4274 1400 4316 cnm
1420 4254 1597 4316 difficultate

236 4335 288 4397 vix
309 4338 443 4416 potitur,
468 4357 504 4399 ac
528 4346 601 4399 sane
625 4340 746 4414 nescio,
771 4360 808 4401 an
832 4341 948 4420 potitus
972 4343 1032 4405 sit:
1066 4362 1142 4424 qnae
1173 4363 1265 4404 causa
1294 4343 1507 4405 meditationes
1531 4342 1597 4422 ejus

236 4424 429 4508 vehementer
452 4424 565 4488 turbat.
612 4425 693 4498 Quid
722 4447 793 4508 ergo
825 4429 862 4490 de
885 4448 932 4491 me
957 4431 1086 4494 futurum
1115 4431 1221 4494 esset?
1266 4432 1316 4493 Au
1340 4452 1398 4494 non
1423 4452 1471 4494 me
1495 4451 1595 4493 meos-

236 4530 293 4592 que
317 4512 346 4573 iu
370 4523 523 4576 extremas
547 4516 703 4596 augustias
727 4517 793 4579 loco
816 4519 974 4598 peregrino
997 4521 1206 4601 conjicerent?
1242 4521 1328 4583 Haeo
1350 4540 1445 4584 cause
1467 4529 1524 4594 est,
1544 4539 1597 4583 cur

237 4607 291 4660 aut
312 4600 453 4663 salarium
476 4601 647 4685 Styriacom
672 4606 893 4686 quibuscunque
926 4611 1049 4672 taudem
1081 4610 1178 4671 modis
1211 4610 1450 4685 defendendum,
1475 4617 1545 4682 eut,
1571 4609 1596 4669 si

238 4704 297 4769 qua
320 4690 488 4751 necessitas
510 4701 636 4768 urgeat,
669 4695 786 4773 longius
816 4697 914 4759 adbuc
937 4698 966 4758 in
991 4697 1184 4761 Germaniam
1214 4699 1427 4760 discedendum
1451 4705 1594 4760 statuam.

325 4773 372 4840 De
398 4776 563 4843 Werneri
588 4781 849 4874 observationibus
873 4786 936 4847 lieri
959 4796 1076 4874 potest,
1107 4796 1140 4850 ut
1164 4808 1209 4854 me
1235 4787 1325 4852 sallat
1347 4788 1503 4868 memoria,
1529 4806 1596 4852 curu
