3609 5634
751 372 913 427 m·
961 459 966 472 .
1465 372 1507 441 di

152 529 714 654 ffiffiomazciscimfflefctquepreesertin
740 535 816 586 ιιιιιιι
839 535 928 587 calenti
951 533 1232 587 Ιιιοιιιιιιιιιιιιιιιι
1255 537 1509 588 mammonae

224 673 319 735 Quibus
336 679 478 741 ρηιιιιιιιιι
495 677 548 726 adit
565 675 647 727 Herv.
666 678 835 742 quandonam
861 679 893 729 de
916 679 1020 729 Lucano
1044 678 1167 743 pluribus,
1193 678 1242 729 alic
1266 677 1320 728 loco
1342 676 1506 735 inserendam.

153 753 180 795 et
198 748 233 796 ric
251 748 390 799 concludit:
408 748 525 798 Petitioni
543 755 602 798 tuae
620 751 716 814 utrique
733 750 886 800 anthiociam
903 765 947 814 pro
965 751 1055 800 riribm
1082 759 1108 799 et
1133 748 1193 799 mihi
1217 764 1270 800 reto
1294 756 1393 815 ςηιιιιι
1410 748 1506 806 iecoris.

151 818 174 865 ci
193 817 263 881 plura
279 822 389 883 petieris,
407 819 455 870 hac
473 821 538 871 enim
557 822 686 870 occasione
704 835 791 870 msam
810 822 916 886 arripere
934 836 1041 885 possum,
1059 828 1088 871 ιιι
1106 827 1132 871 et
1150 821 1194 870 tibi
1212 820 1283 887 plura
1300 821 1413 870 scribam.

223 888 297 940 Diesa
316 890 450 942 Schreihen
468 889 629 941 ttberschicke
653 891 694 941 ich
715 894 809 942 moines
835 908 877 958 gn.
896 893 1002 943 Fitnten
1019 907 1044 942 ιι.
1062 891 1144 943 Herm
1167 899 1276 959 ιςιιιιιιι
1300 906 1331 941 ιιι
1349 889 1430 957 ng,
1448 889 1505 941 son

152 957 321 1018 hicnbacdcn.
348 962 425 1013 Lu.
443 961 619 1014 Lateinischen
638 961 758 1026 Cmtdey
779 963 967 1030 Reghmtoren
990 979 1021 1015 zu
1045 962 1126 1030 Prap,
1154 964 1259 1015 veicher
1282 963 1316 1013 Es
1343 963 1400 1012 dem
1424 961 1508 1014 Herrn

152 1029 236 1093 cusi,
255 1033 276 1084 1.
295 1034 397 1085 Durchl.
417 1034 556 1100 Euhenog
573 1033 725 1085 Ferdinands
743 1034 812 1085 Beth
829 1050 854 1084 u.
873 1035 1072 1086 Hotaecretarien
1097 1034 1245 1086 zmchicken
1268 1034 1364 1084 rrttrdet
1385 1049 1410 1084 ιι.
1429 1033 1506 1083 durch

152 1102 203 1153 disc
222 1104 282 1155 oder
299 1105 455 1172 derpieichen
473 1105 556 1156 Mitte}
573 1105 641 1155 kann
661 1106 703 1156 der
720 1105 784 1156 Herr
800 1106 864 1169 yede
882 1106 959 1167 Post,
980 1121 1052 1157 vanu
1075 1106 1109 1157 Er
1131 1107 1196 1164 vill,
1223 1108 1270 1156 mir
1296 1105 1424 1156 schreiben
1447 1119 1504 1156 sue·

151 1174 279 1298 sigma,
298 1192 371 1229 vann
388 1178 422 1228 Er
439 1177 514 1228 allein
532 1180 572 1228 ein
590 1177 681 1243 Cepert
698 1178 804 1229 dardber
821 1192 855 1229 an
873 1178 992 1230 erraelten
1008 1178 1033 1230 J.
1052 1178 1174 1232 hieabard
1185 1177 1280 1235 macht,
1298 1177 1350 1229 und
1361 1176 1427 1229 nach
1438 1175 1506 1245 Prep

152 1260 164 1295 ι
256 1255 289 1299 ιι.

222 1318 322 1370 Damitt
337 1334 389 1371 vas
407 1321 463 1372 dem
481 1320 562 1372 Herm
580 1320 697 1372 haband
715 1322 862 1388 anpenemb.

257 1390 353 1443 Datum
370 1390 504 1450 hitinchcn,
524 1393 573 1443 den
591 1389 669 1444 2tten
687 1391 742 1443 Oct.
762 1390 811 1443 Η
829 1390 871 1442 97.

927 1463 992 1513 Dera
1010 1461 1090 1513 Herm
1109 1461 1294 1528 dienrtartiiiger

819 1534 898 1585 Hune
917 1534 1001 1600 Gedrp
1017 1533 1140 1586 Horwcrt
1156 1550 1180 1585 ιι.
1200 1533 1370 1601 inormem.
1387 1532 1468 1612 lippg.

222 1622 367 1689 Inscriptio:
384 1624 449 1675 Dem
477 1624 632 1675 Ehrnnesteu
658 1624 730 1676 Hoch
747 1623 799 1675 und
816 1623 999 1690 Wohlgelerten
1017 1621 1140 1689 Magister
1163 1623 1246 1675 ichen
1263 1623 1366 1688 Kepier,
1385 1624 1429 1676 der
1445 1623 1502 1676 loct.
1537 1661 1543 1676 .

147 1691 313 1746 mend
328 1710 361 1746 aa
378 1695 538 1761 Steyrrnarhh
553 1695 741 1754 liathemadco.
759 1697 866 1747 meinero
883 1696 985 1747 madere
1002 1695 1083 1745 lichen
1099 1694 1181 1774 Herm
1197 1695 1249 1746 und
1266 1695 1384 1818 Ριιιιιιᾶώ
1399 1774 1426 1817 u

785 1797 788 1808 ,
1384 1781 1398 1818 e
1425 1799 1433 1816 .

140 1853 168 1940 ἰ
207 1856 377 1941 'Kepierus
393 1858 420 1908 in
436 1859 593 1924 responsione
612 1853 648 1920 (d
667 1856 691 1907 d
711 1852 754 1905 24.
772 1855 837 1909 Dec.
855 1852 902 1918 97)
930 1855 962 1907 de
989 1853 1092 1907 Lucano
1119 1855 1289 1922 queufionem
1312 1856 1412 1922 proplur
1439 1855 1503 1922 adit,

148 1940 186 1977 arc
204 1941 341 1993 incipiens:

239 2032 317 2100 Cum
339 2037 523 2119 accepissem
545 2025 651 2098 literas
674 2035 764 2109 Tuae,
789 2034 847 2095 Vir
869 2033 1039 2114 Magnifice,
1064 2034 1159 2098 Nonis
1173 2032 1350 2098 Decembris
1372 2035 1500 2110 circiter,

149 2131 182 2185 et
204 2126 493 2196 animadvertissem,
517 2133 551 2187 ut
573 2125 628 2187 tibi
652 2124 870 2198 satisfacerem,
894 2124 1026 2187 nonnihil
1049 2125 1120 2186 mihi
1144 2122 1255 2187 laboris
1279 2142 1348 2187 esse
1370 2123 1501 2186 subeun—
1597 2155 1602 2180 t

149 2214 233 2275 dum:
252 2215 318 2295 jam
343 2225 419 2291 tum,
443 2216 555 2278 omissa
577 2233 650 2276 cura
675 2213 813 2277 celeriter
834 2212 1048 2292 respondendi,
1080 2213 1167 2294 coepi
1188 2214 1259 2277 mihi
1283 2214 1377 2276 otium
1404 2212 1502 2293 dispi-

150 2320 226 2365 cere.
272 2302 389 2375 Quibus
412 2306 490 2368 enim
514 2303 760 2383 occupationibus
785 2302 936 2383 (quamvis
959 2310 991 2364 et
1012 2302 1149 2383 privatus
1168 2310 1199 2365 ιι
1216 2303 1351 2384 juvenis)
1375 2302 1500 2366 distrin-

148 2410 221 2470 gor,
254 2412 314 2456 non
342 2403 389 2457 est
421 2413 531 2475 operae
559 2393 689 2473 pretium
717 2392 773 2454 tibi
800 2410 969 2466 recensere,
994 2391 1051 2454 nisi
1073 2400 1107 2455 nt
1136 2391 1167 2454 id
1194 2390 1369 2454 summatim
1391 2392 1499 2467 dicam,

147 2499 195 2542 me
218 2481 270 2545 vix
292 2484 451 2566 respirare.
498 2481 575 2546 Cum
603 2481 695 2562 igitur
724 2480 827 2542 dedita
850 2497 942 2559 opera
964 2500 1027 2542 rem
1053 2480 1082 2543 in
1111 2480 1203 2543 ferias
1225 2480 1397 2554 natalitias,
1426 2499 1501 2561 quas

141 2569 209 2649 jam
233 2571 291 2634 Dei
314 2572 500 2653 benignitate
525 2571 715 2651 attingimus,
739 2569 927 2651 rejecissem:
952 2577 985 2630 ut
1008 2577 1108 2631 tamen
1132 2576 1218 2631 tanto
1246 2588 1344 2632 essem
1366 2569 1501 2651 paratior

146 2661 350 2739 postmodum,
388 2662 505 2725 interea
540 2660 698 2723 nonnullas
731 2659 820 2721 horas
849 2657 918 2719 aliis
949 2657 1101 2721 laboribus
1140 2657 1307 2721 mehercule
1341 2657 1501 2721 contemtis

149 2757 183 2809 et
203 2751 389 2828 poenitendis
412 2752 491 2814 furto
520 2750 606 2831 quasi
629 2758 750 2829 ereptas
773 2748 802 2809 in
826 2747 984 2809 lectionem
1007 2747 1142 2818 Lucani,
1167 2744 1310 2810 Caesaris
1333 2756 1366 2809 et
1384 2748 1499 2811 utrius·

150 2854 207 2916 que
243 2837 396 2904 Ciceronis
433 2841 628 2920 epistolarum
656 2837 814 2900 voluminis
846 2836 980 2898 insumsi.
1025 2836 1140 2899 Videor
1167 2844 1267 2898 autem
1296 2835 1369 2899 mihi
1397 2855 1434 2899 ex
1463 2855 1502 2899 ea

149 2923 275 2991 lectione
307 2930 338 2992 id
369 2949 436 2992 esse
469 2937 662 3004 consecutus,
686 2934 720 2989 ut
742 2927 855 3006 reliquo
880 2925 995 2996 labore,
1024 2925 1083 2989 nisi
1105 2924 1231 3007 denique
1254 2923 1310 2987 abs
1334 2933 1366 2987 te
1384 2924 1499 3006 jussos,

147 3019 342 3096 supersedere
364 3019 495 3099 possim,
529 3026 563 3080 ut
588 3026 699 3099 postea
721 3015 883 3094 intelliges.

217 3122 276 3174 Jam
293 3132 460 3193 migremus
479 3125 511 3175 sd
528 3124 659 3175 Lucanum
677 3125 715 3174 sie
733 3122 873 3174 concludit:

233 3213 316 3278 Haec
339 3216 521 3296 intempesta
552 3223 655 3290 nocte,
688 3233 754 3276 curn
777 3212 849 3273 mihi
872 3210 977 3274 oblate
998 3217 1081 3272 esset
1108 3207 1326 3289 ediguissimo
1349 3209 1388 3273 D.
1414 3207 1498 3274 can-

147 3301 268 3367 cellario
291 3307 438 3368 scribendi
462 3304 592 3375 occasio,
616 3322 692 3384 quae
716 3309 894 3377 causaest,
924 3299 1002 3382 quod
1024 3298 1121 3362 literis
1145 3299 1349 3364 excellentiss.
1395 3298 1432 3362 D.
1456 3300 1496 3363 D.

138 3391 284 3469 Fickieri,
309 3395 413 3474 agnati
437 3395 505 3468 mei,
529 3394 560 3456 in
583 3392 757 3476 praesentia
779 3409 836 3453 non
860 3389 1037 3471 respondeo.
1078 3388 1182 3468 Magn.
1197 3387 1386 3466 Dignitatem
1404 3389 1499 3452 Tuam

147 3480 276 3545 feliciter
298 3484 400 3547 valere
419 3483 521 3565 jubeo,
547 3491 578 3545 et
601 3484 680 3546 bona
702 3482 730 3544 ei
753 3480 822 3542 novi
845 3481 916 3543 anni
938 3478 1074 3559 auspicia
1095 3495 1211 3559 precor.

354 3574 457 3655 Magn.
480 3571 520 3636 D.
545 3572 579 3636 T.
997 3566 1140 3631 Studiose
1164 3562 1268 3628 Cliens

944 3656 993 3720 M.
1016 3657 1146 3721 roboan
1164 3652 1301 3738 Kepha

786 3747 834 3809 ΙΙΙ.
858 3744 979 3829 Styriac
1002 3745 1232 3809 Prouincialium
1253 3743 1497 3810 Mathematicus.
1578 3781 1581 3794 ·

213 3854 396 3906 Herrrartus
414 3856 478 3906 haec
497 3854 624 3919 respondit
641 3853 696 3917 (t2.
716 3853 792 3905 Mart.
810 3849 875 3915 98)ι
894 3887 901 3901 .
922 3889 929 3903 .
955 3852 1052 3904 Dessen
1071 3851 1205 3905 Schrciben
1227 3866 1282 3901 rom
1306 3848 1348 3902 24.
1367 3852 1430 3904 Dec
1448 3852 1498 3903 bah

143 3923 183 3974 ich
200 3926 249 3977 hac
266 3929 322 3993 ipsa
341 3928 380 3978 die
399 3935 426 3978 ιι
443 3927 506 3980 bora
524 3926 678 3991 cmpianpen.
707 3926 777 3976 Thue
794 3925 861 3975 mich
878 3925 922 3975 der
940 3924 1122 3991 mpevandten
1138 3921 1344 3990 litthcnveitunp
1362 3917 1505 3975 henndlich'

142 3994 273 4050 Βιᾱιιιιιιι
298 4000 349 4051 und
373 4001 462 4065 begere
488 3997 581 4050 dieselh
607 3999 739 4049 wiedemm
765 3995 927 4048 dankharlich
953 4012 985 4047 ιιι
1003 3995 1161 4048 heschulden.
1198 3994 1299 4045 interim
1318 4009 1396 4062 aequo
1415 3996 1496 4047 animo

143 4072 251 4135 accipiat
267 4072 437 4122 monusculum
455 4072 589 4128 minimam,
611 4070 713 4134 alicujus
731 4069 794 4119 torte
813 4068 868 4117 libri
886 4068 1058 4119 mathematici
1076 4068 1180 4132 pretium
1197 4067 1314 4117 futurum.

212 4142 256 4193 Ich
274 4143 359 4193 binio
378 4144 472 4194 headan
491 4142 592 4193 calculis
610 4142 673 4191 wohl
692 4141 832 4195 contentirt.
852 4139 960 4198 beliade,
979 4140 1036 4191 dass
1051 4139 1167 4196 dieseDe.
1180 4140 1266 4203 paucis
1278 4139 1387 4189 muntiis
1399 4137 1496 4199 demde,

144 4225 198 4261 curn
223 4229 279 4264 meo
307 4214 402 4265 calculo
421 4214 608 4271 concordiem,
635 4223 660 4264 ct
677 4213 702 4263 id
721 4219 790 4269 erat,
815 4210 880 4276 quod
896 4214 1055 4276 quaerebam
1091 4210 1168 4261 Danu
1186 4209 1226 4261 die
1243 4209 1372 4261 dirersitcs
1390 4213 1495 4275 occupa·

142 4285 235 4334 tionum
252 4286 338 4337 machi
355 4286 421 4336 mich
438 4285 578 4337 in‘calculo
596 4285 715 4348 yeveilen
733 4287 805 4334 irren.
841 4281 886 4333 Ich
903 4283 954 4335 hah
972 4285 1053 4335 dieser
1069 4282 1125 4349 Tap
1143 4283 1198 4331 eine
1216 4282 1329 4334 Διιιιιοῐι
1350 4297 1397 4331 run
1416 4283 1496 4332 einana

141 4353 319 4408 Mathematieo
338 4358 369 4408 de
387 4357 440 4408 Tuo
457 4357 623 4408 Prodrorno
647 4357 810 4422 empiangen,
827 4355 872 4405 red
889 4371 1032 4422 responsum
1050 4354 1110 4406 iilud
1128 4353 1221 4404 nullum
1238 4358 1285 4412 est,
1303 4417 1305 4424 Α
1322 4353 1374 4404 lane
1391 4352 1441 4403 vill
1453 4352 1496 4404 der

141 4434 221 4477 motus
239 4428 330 4479 Terrae
348 4443 395 4494 gar
412 4431 449 4479 nit
468 4427 597 4494 eingehen.

210 4497 279 4549 hiiah
297 4502 384 4550 aimmt
401 4501 525 4556 Wunder,
552 4499 608 4550 dass
633 4502 672 4549 nit
696 4502 764 4550 einer
788 4512 819 4548 ιι
837 4499 946 4563 professo
963 4498 1030 4550 hanc
1047 4499 1178 4548 ιιιιιιιὶιιιιι
1204 4499 1286 4550 narirt
1302 4496 1354 4547 und
1373 4494 1493 4556 deducirt.
1578 4549 1580 4554 ⁴

141 4581 197 4618 cum
223 4580 385 4636 arguments,
410 4574 556 4637 praesertim
580 4571 698 4634 physica,
723 4572 809 4635 quihus
835 4577 985 4637 coarguatur
1008 4581 1089 4620 motus
1108 4570 1200 4621 Terrae
1224 4571 1397 4635 potiusquam
1415 4567 1494 4618 milis

140 4638 195 4690 fixis
211 4644 352 4694 tribuendos
370 4658 438 4707 esse,
464 4659 514 4694 uon
533 4642 652 4693 deficiant
669 4643 847 4707 pulcherrima,
871 4645 1017 4708 praesertim
1040 4657 1071 4694 ιι
1092 4645 1188 4694 radone
1211 4648 1352 4700 ventorum,
1369 4641 1445 4691 maris
1464 4652 1495 4690 ιι

141 4711 203 4762 beto
220 4717 349 4773 ιιιιιιιιιίι,
368 4717 404 4765 uti
423 4724 449 4766 et
466 4716 545 4765 fluxus
563 4721 590 4764 et
606 4714 713 4764 refluxus
730 4716 813 4764 maris.
1571 4767 1578 4778 ,

132 4787 135 4802 ¹
209 4785 334 4850 Philippus
352 4787 481 4852 Lansberg
499 4786 632 4836 meditatur
649 4801 726 4835 noras
744 4785 891 4849 hypotheses
910 4784 1080 4849 planetarum,
1108 4786 1134 4836 in
1159 4785 1245 4852 quihus
1273 4788 1384 4835 ceuhum
1402 4780 1494 4834 Terrae

139 4852 316 4921 irruperit,
339 4858 443 4924 reliquos
466 4866 549 4908 autem
571 4863 652 4906 motus
669 4858 740 4921 primi
757 4857 853 4906 mobilis
871 4857 1086 4908 circumferentiae
1110 4858 1220 4920 ejusdem
1237 4856 1330 4907 tribuit.
1366 4853 1417 4906 Sed
1434 4853 1494 4904 nihii

140 4925 220 4979 adbuc
237 4929 334 4994 prodiit
371 4928 423 4982 Sed
439 4944 490 4981 non
506 4929 577 5002 rideo
596 4942 713 4989 causam
738 4943 782 4980 cur
806 4943 857 4979 non
881 4934 909 4979 et
932 4935 1017 4981 canno
1035 4929 1127 4982 Terrae
1144 4936 1225 4983 ιιιιιιιιι
1243 4927 1344 4982 ιιιιιιιιιι
1359 4925 1450 4993 ponit.
1467 4929 1495 4976 ct
