3609 5634
732 377 815 442 ΟΨ)
833 375 939 428 ffl—v.
1456 373 1519 441 129

148 536 236 598 intra
259 537 340 599 orbis
364 537 489 600 Terreni
513 537 669 600 ambitum.
715 542 817 618 Atque
840 537 885 599 sic
909 536 1055 600 habemus
1079 537 1178 600 obiter
1200 555 1335 609 causam,
1359 556 1412 600 cur
1433 545 1521 600 extra

149 625 282 688 Terram
307 635 370 688 tres
393 634 570 689 moveantur
592 627 745 707 planetae,
769 627 851 688 intra
869 626 943 687 duo:
969 644 1045 706 quae
1069 625 1094 688 si
1118 626 1217 689 minus
1239 626 1343 688 lectori
1366 626 1521 705 probatur,

150 714 281 793 cogitet,
305 715 497 778 honorarium
519 716 576 777 hoc
600 735 679 792 esse,
703 735 762 777 non
776 715 981 795 praecipuum.
1016 715 1096 778 Nam
1116 714 1176 776 etsi
1195 715 1378 777 nesciremus
1398 734 1521 778 causam

151 802 192 863 ob
217 822 308 884 quam
331 822 423 884 supra
446 806 569 868 Terram
589 805 656 878 ·(vel
679 803 783 867 Solem
801 803 984 876 Ptolemaei)
1009 814 1073 865 tres
1096 804 1176 867 irent
1198 805 1317 877 stellae,
1343 811 1444 866 tamen
1468 822 1521 865 se-

152 893 282 972 quentia
295 901 412 955 starent
426 912 494 956 cum
511 893 773 974 praecedentibus,
798 894 869 973 quia
888 891 975 954 nobis
994 894 1031 955 de
1056 912 1088 954 re
1112 900 1258 954 constat..
1281 893 1345 955 Nec
1364 894 1521 974 quisquam

154 999 289 1061 unquam
312 982 472 1054 dubitavit,
498 983 567 1063 quin
591 979 696 1058 bilo·
720 982 891 1061 superiores
915 980 987 1045 sint.
1022 983 1154 1043 Tantum
1168 981 1241 1044 illud
1257 989 1428 1043 teneamus:
1455 1001 1522 1043 cum

155 1080 222 1131 tres
248 1071 277 1132 in
302 1068 468 1150 Copernico
492 1073 633 1151 planetae
657 1072 720 1133 sint
741 1089 834 1150 snpra
856 1071 998 1147 Terram,
1027 1078 1165 1150 oportere
1194 1088 1249 1132 nos
1273 1070 1407 1132 ordinem
1432 1071 1522 1132 trium

154 1159 366 1237 primariorum
389 1178 545 1239 corporum
568 1159 690 1230 cubum,
719 1159 890 1240 pyramide,
923 1158 1132 1222 dodecaddron
1156 1167 1244 1219 extra
1266 1159 1369 1221 orbem
1393 1159 1522 1221 Telluris

154 1248 327 1317 collocare,
360 1249 536 1310 octaedrum
558 1268 630 1311 vero
654 1256 686 1310 et
708 1249 886 1312 icoaaedron
919 1247 1018 1323 iutra,
1054 1249 1079 1311 si
1108 1248 1240 1327 palmam
1268 1246 1297 1308 in
1321 1247 1378 1309 hoc
1401 1247 1522 1327 negotio

155 1337 285 1399 velimus
308 1337 455 1400 obtinere.

751 1440 936 1452 ...ι-ἡκ

746 1567 867 1667 Caput
895 1566 939 1639 V.

287 1725 381 1804 Quod
403 1727 498 1788 cumea
517 1725 659 1807 primum
681 1745 862 1809 respuam,
886 1733 918 1788 et
938 1727 1022 1789 inter
1044 1724 1218 1790 ainamma
1235 1724 1393 1809 planetus.

250 1868 417 1930 Veniamus
441 1868 528 1929 modo
552 1869 591 1930 ad
616 1867 757 1946 primaria
782 1868 850 1942 tria,
876 1887 990 1948 suaque
1005 1868 1133 1948 singulis
1152 1867 1255 1948 spatia
1271 1866 1449 1929 tribuamus.
1481 1864 1526 1926 Et

160 1956 257 2018 cubus
283 1957 401 2037 quidem
424 1957 463 2018 ad
486 1959 563 2018 lixas
587 1957 826 2037 appropinquare
851 1956 963 2031 debuit,
988 1958 1174 2037 primamque
1189 1956 1422 2037 proportionem,
1447 1972 1523 2035 quae

162 2046 243 2132 inter
258 2043 422 2107 Saturnum
437 2055 468 2106 et
480 2044 588 2108 Jovem
608 2055 665 2120 eet,
690 2048 895 2108 constituere:
921 2045 992 2127 quia
1015 2046 1193 2124 dignissima
1216 2044 1318 2107 mundi
1341 2051 1526 2123 pars-extra

163 2134 289 2195 Terram
312 2143 382 2196 sunt
405 2135 497 2196 linae:
522 2143 555 2195 ut
569 2135 671 2197 circuli
692 2141 776 2215 (post
791 2138 940 2209 centrum)
964 2134 1224 2197 circumferentia:
1248 2133 1342 2196 cubus
1364 2152 1436 2194 vero
1459 2131 1525 2210 pri·

162 2241 243 2283 mum
267 2242 375 2303 corpus
399 2223 429 2284 in
453 2241 506 2284 sno
531 2223 644 2285 ordine.
685 2226 714 2297 1)
739 2224 828 2287 Solus
853 2224 932 2287 enim
956 2245 975 2286 a
998 2244 1055 2285 sua
1074 2223 1138 2285 basi
1163 2230 1336 2302 generatur,
1360 2241 1428 2284 curu
1452 2221 1526 2283 reli-

162 2331 223 2392 qua
247 2320 374 2392 quatuor
397 2330 455 2373 non
479 2321 661 2391 generentur
684 2314 818 2376 faciebus
849 2315 931 2390 suis,
965 2314 1019 2377 sed
1048 2322 1101 2374 aut
1129 2320 1215 2374 secta
1237 2311 1300 2372 sint
1323 2330 1339 2371 e
1363 2310 1458 2384 cubo,
1490 2315 1525 2371 ut

163 2401 307 2481 pyramis,
331 2401 451 2480 rejectis
475 2397 716 2483 ‹lpyramidibus
736 2403 939 2481 rectangnlis:
965 2413 1019 2465 aut
1042 2408 1141 2476 aucta,
1168 2408 1201 2461 ut
1223 2399 1442 2473 dodecaedron,
1467 2416 1525 2477 ap-

162 2490 271 2568 positis
294 2508 349 2556 sex
372 2490 557 2569 pentabdris.
605 2488 641 2565 2)
670 2489 760 2552 Solus
791 2489 820 2552 in
849 2491 1049 2571 hornogeneos
1081 2490 1175 2552 cubos
1209 2488 1272 2550 sine
1301 2487 1445 2567 prismate
1474 2506 1526 2549 re·

163 2577 242 2638 solvi
265 2587 376 2657 potest.
424 2575 460 2650 3)
485 2576 575 2640 Solus
600 2587 649 2639 est
672 2597 792 2660 quaqua
820 2598 940 2640 versum
968 2588 1000 2640 et
1027 2580 1143 2641 intres
1168 2577 1302 2640 directas
1326 2575 1527 2637 dimensiones

162 2666 335 2746 porrigitur.
381 2667 461 2728 Nam
483 2668 661 2748 reliquorum
687 2669 780 2731 facies
804 2667 929 2730 inclines
952 2676 1076 2729 suntet
1103 2667 1228 2742 alicubi,
1258 2683 1326 2728 cum
1350 2683 1384 2725 se
1408 2663 1525 2726 duabus

163 2755 289 2817 directis
308 2755 491 2817 sectionibus
509 2758 686 2834 praebeant,
709 2758 739 2820 in
763 2758 878 2837 reliqua
900 2763 1049 2818 sectorem
1072 2756 1265 2818 frustrantur.
1303 2749 1340 2827 4)
1364 2752 1443 2814 Hiuo
1467 2759 1526 2827 est,

164 2845 244 2924 quod
268 2844 351 2906 solus
373 2844 466 2906 habet
489 2853 536 2907 tot
560 2846 667 2915 facies.
698 2854 770 2926 quot
794 2846 886 2908 habet
909 2844 1043 2906 ternaria
1066 2844 1210 2906 dimensio
1235 2843 1396 2916 terminos,
1421 2859 1527 2920 nempe

165 2952 234 3008 sex,
261 2942 293 2993 et
315 2933 436 3012 duplum
459 2953 613 2997 numerum
637 2936 779 3009 laterum,
809 2934 927 2997 scilicet
951 2932 1115 2995 duodecim.
1163 2930 1199 3005 5)
1223 2932 1314 2995 Solus
1339 2930 1528 3010 undiquaque
1623 2977 1630 2986 ,

165 3021 260 3083 habet
282 3022 439 3101 aequalem
463 3024 622 3102 angulum,
655 3025 772 3085 scilicet
804 3033 930 3086 rectum.
976 3024 1022 3085 At
1049 3022 1078 3083 in
1111 3021 1266 3104 pyramide
1297 3019 1420 3100 regula,
1450 3037 1528 3099 quae

158 3110 254 3174 sedet
277 3110 415 3172 adbibita
437 3111 543 3173 mediis
566 3112 677 3191 planis,
704 3114 872 3193 discrepat,
898 3112 925 3174 si
949 3130 1016 3173 eam
1038 3130 1144 3172 versus
1168 3109 1309 3190 angulum
1332 3108 1527 3187 intorqueas:

165 3218 222 3260 nec
246 3199 334 3261 solidi
358 3200 460 3279 anguli
485 3201 524 3262 ad
548 3219 614 3262 eam
637 3221 771 3264 normam
796 3202 961 3283 quadrant,
986 3219 1061 3279 quae
1086 3199 1276 3279 interjectum
1302 3199 1423 3276 longum
1446 3195 1528 3257 late-

166 3289 260 3350 ralem
284 3288 425 3368 angulum
449 3291 580 3351 metitur.
628 3286 664 3364 6)
693 3291 771 3366 Hinc
794 3291 886 3352 etiam
914 3289 971 3351 soli
999 3289 1159 3368 competit,
1189 3288 1268 3368 quod
1296 3305 1334 3347 ex
1361 3286 1528 3362 μονοβιβλφ

165 3377 333 3439 Ptolemaei
356 3377 433 3439 citat
456 3376 627 3457 Simplicius
652 3371 860 3459 superarier.
886 3379 937 3441 lib.
961 3378 984 3439 1.
1010 3379 1047 3439 de
1072 3375 1165 3439 Coelo
1195 3395 1260 3456 cap.
1289 3375 1316 3438 l.
1348 3393 1401 3454 pro
1435 3393 1530 3435 cansa

166 3465 360 3547 perfectionis
384 3466 413 3527 in
438 3466 590 3528 ternario:
621 3469 700 3548 quod
728 3468 845 3530 scilicet
872 3487 929 3529 non
958 3468 1060 3547 plnres
1088 3466 1184 3528 tribus
1208 3465 1300 3528 rectis
1324 3463 1527 3547 perpendicn-

165 3555 280 3618 laribus
304 3555 342 3615 ad
367 3556 463 3617 locum
493 3555 622 3617 solidum
650 3557 679 3618 iu
708 3557 822 3618 solidos
851 3565 950 3618 rectos
979 3554 1171 3618 dividendum
1194 3572 1371 3617 concurrere
1396 3551 1526 3631 possint.

167 3643 202 3718 7)
226 3642 286 3704 Est
314 3643 476 3707 solidorum
504 3645 724 3707 rectilineorrrru
752 3645 881 3707 omnium
912 3643 1164 3724 simplicissimum
1186 3661 1304 3722 corpus.
1351 3640 1441 3712 Quod
1469 3640 1530 3702 etsi

166 3732 197 3794 in
220 3733 375 3815 pyramide
399 3734 573 3813 ambigitur,
598 3743 698 3796 tamen
724 3754 762 3796 en
785 3753 821 3796 eo
845 3733 934 3795 facile
958 3732 1119 3805 evincitur,
1150 3733 1228 3812 quod
1251 3729 1417 3814 pyramidis
1442 3749 1529 3791 men·

167 3840 240 3884 sura
262 3821 356 3884 cubus
380 3830 437 3896 est,
462 3841 632 3885 mensuram
656 3833 757 3886 autem
779 3824 910 3903 priorem
933 3840 1001 3882 esse
1025 3820 1174 3882 convenit.
1218 3820 1362 3881 Mensura
1385 3837 1456 3879 vero
1481 3825 1530 3879 est

115 3899 127 3922 ‘
168 3929 227 3974 non
250 3918 367 3972 tantum
392 3930 430 3973 ex
452 3912 592 3975 instituto
616 3913 784 3987 hominum,
814 3913 863 3993 qui
891 3909 1031 3994 quicquid
1056 3908 1217 3970 solidorum
1248 3909 1428 3981 metiuntur,
1462 3907 1528 3987 ejus

168 4000 372 4081 quantitatem
395 4001 426 4062 in
449 4001 551 4081 parvis
574 4003 704 4064 cubiscis
728 4001 899 4080 concipiunt
926 4001 1044 4068 animo,
1077 3997 1131 4060 sed
1158 3998 1252 4059 multo
1281 3997 1379 4076 magis
1408 4003 1527 4057 natura.

168 4089 284 4151 Rectus
307 4089 386 4151 enim
409 4090 536 4168 angulus
560 4090 694 4171 aequalis
718 4099 767 4152 est
790 4089 888 4164 alteri,
913 4106 1039 4169 quocum
1062 4086 1091 4149 in
1111 4086 1231 4167 planum
1250 4084 1432 4147 extenditur.
1470 4082 1556 4172 Est·

169 4178 261 4258 igitur
282 4185 429 4261 perpetuo
454 4180 511 4241 sibi
535 4180 670 4261 aequalis
693 4180 764 4260 ipsi,
796 4189 886 4259 atque
911 4178 986 4239 adeo
1010 4195 1099 4249 unus,
1129 4183 1293 4237 ceterorum
1317 4171 1454 4251 utrinque
1478 4169 1527 4230 in-

168 4268 245 4330 finiti
267 4276 348 4330 sunt.
395 4269 569 4331 Mansuram
593 4276 693 4331 autem
716 4271 806 4331 decet
828 4286 917 4331 unam
941 4275 973 4328 et
995 4266 1140 4338 eandem,
1173 4271 1263 4342 atque
1290 4259 1385 4321 etiam
1413 4257 1529 4319 finitam

169 4376 247 4418 esse.
295 4354 331 4430 8)
355 4357 432 4418 Hinc
457 4365 519 4419 tarn
544 4358 689 4420 foecunda
712 4367 760 4420 est
783 4357 858 4420 recti
881 4357 911 4417 in
936 4355 1078 4418 circulum
1101 4350 1265 4431 inscriptio,
1291 4350 1355 4411 sine
1380 4367 1437 4428 quo
1461 4364 1527 4407 me-

170 4446 273 4508 diante
297 4464 353 4507 nec
376 4447 558 4525 triangulum
580 4466 635 4508 nec
659 4446 912 4527 quinquangulum
935 4464 990 4506 neo
1015 4444 1052 4504 ab
1077 4441 1121 4503 eis
1146 4441 1283 4501 derivata
1306 4437 1429 4498 inscribi
1452 4453 1527 4514 pos-

170 4536 284 4608 sunt·)
322 4531 359 4608 9)
383 4532 445 4596 Sed
460 4552 556 4617 neque
571 4536 643 4599 illud
662 4535 913 4615 praetereundum
935 4533 1013 4615 quod
1041 4528 1262 4611 perfectissimo
1285 4523 1408 4589 animali
1431 4525 1528 4585 solers

169 4631 278 4684 natura
301 4641 356 4684 sex
379 4624 503 4685 easdem
526 4630 675 4697 ὀιαςασιις
698 4623 915 4705 perfectissime
939 4620 1086 4693 attribuit,
1112 4637 1169 4678 non
1189 4616 1314 4678 obscuro
1339 4619 1526 4693 argumento,

170 4731 259 4793 quam
282 4712 338 4773 hoc
362 4730 470 4791 corpus
492 4731 585 4792 penes
608 4714 691 4776 illam
714 4712 756 4774 sit
779 4712 808 4773 in
831 4709 938 4791 pretio.
985 4709 1065 4770 Nam
1088 4707 1176 4768 homo
1205 4703 1269 4784 ipse
1297 4702 1418 4782 quidam
1442 4699 1528 4783 quasi

169 4801 263 4862 cubus
286 4807 353 4875 ost,
382 4800 412 4862 in
436 4819 494 4881 quo
517 4821 572 4864 sex
594 4801 679 4883 qnasi
702 4803 812 4883 plagae
835 4805 931 4873 sunt,¹
953 4813 1080 4877 supera,
1109 4793 1224 4866 infera,
1253 4793 1373 4868 antica,
1397 4790 1527 4872 postica,

170 4890 293 4964 dextra,
317 4889 450 4953 sinistra.

241 4993 443 5046 terruerunt
1298 4982 1314 5040 t
