3609 5634
283 353 349 421 250
830 353 954 421 ΔΜ·
974 353 1099 419 Trffl·

284 517 354 580 lidei
376 524 555 592 auctorest,
574 510 833 599 auththagoras
848 517 886 579 de
909 516 1014 582 ordine
1035 516 1236 600 sphaerarum
1259 503 1306 579 ita
1327 513 1453 590 censuit,
1476 522 1512 577 ut
1533 475 1644 578 Ptole·

283 625 397 680 maeno,
420 606 509 687 idque
533 603 598 670 200
621 606 708 668 annis
731 613 801 669 aute
824 606 856 669 id
879 615 1008 687 tempus,
1033 608 1111 688 quod
1135 606 1240 669 harum
1257 604 1467 688 hypothesium
1482 603 1562 667 ortui
1585 605 1644 665 de-

283 697 387 776 signat
400 696 509 759 Ursus.
542 695 597 758 ‘Et
618 694 650 758 id
673 702 733 765 est,
755 697 833 776 quod
847 696 930 758 Ptol.
945 697 1067 777 Almag.
1084 696 1136 759 lib.
1152 695 1208 759 IX.
1229 714 1298 776 cap.
1318 695 1346 758 1.
1370 693 1476 768 innuit,
1501 711 1568 755 cum
1587 693 1642 769 ait,

283 784 412 856 orbesQ
437 791 468 846 et
490 787 513 862 b
535 784 579 846 ab
601 784 885 865 antiquioribus
910 786 1027 865 quidem
1044 786 1249 868 (Pythagora)
1273 785 1330 847 sub
1344 782 1454 856 Solari,
1479 781 1640 862 aquibus-

283 875 352 937 dam
365 891 437 935 vero
450 873 669 953 posterioribus
684 873 865 950 (fleraelito,
880 875 1018 943 Platane.
1033 873 1169 950 Eudoxo,
1189 874 1374 946 Aristotele)
1397 890 1490 951 snpra
1503 869 1654 943 Solarem

282 963 469 1026 collocatos:
501 969 535 1025 et
561 963 687 1044 denique
714 970 850 1025 veterum
882 964 1065 1026 seutentiam
1093 972 1128 1027 ut
1156 964 1253 1044 magis
1280 961 1468 1042 probabilem
1496 959 1641 1040 sequitur,

281 1071 398 1131 negans
429 1051 504 1114 certi
532 1052 602 1133 quid
630 1071 669 1114 ex
693 1052 880 1115 astronomia
907 1053 956 1115 hie
978 1052 1083 1115 haberi
1109 1071 1211 1133 posse.
1258 1050 1354 1126 Quid,
1388 1051 1468 1131 quod
1490 1048 1643 1111 Patricius

282 1141 438 1204 Zoroastri
455 1141 579 1214 Persae,
601 1141 653 1222 qui
676 1141 779 1204 multia
802 1142 914 1204 seculis
936 1142 1140 1225 Pythagoram
1164 1142 1340 1214 antecessit,
1363 1140 1491 1202 eandem
1513 1146 1640 1200 sentes-

280 1229 355 1291 tiam
387 1229 516 1305 trihuat,
540 1250 579 1292 ex
606 1230 653 1292 his
677 1231 744 1311 ejus
769 1230 884 1293 verbis:
917 1227 1064 1305 ἑξαῦιος
1085 1228 1228 1307 moercar
1248 1230 1355 1303 (aliter
1375 1225 1408 1302 ἐξ
1428 1229 1641 1306 muscose

280 1316 390 1392 iasar)
413 1314 541 1396 tempos
562 1315 625 1398 ἥλιε
642 1321 878 1397 ’μεσεμβολησας
902 1342 970 1399 cop.
1019 1318 1054 1382 Si
1077 1319 1131 1383 Sol
1157 1320 1188 1381 in
1212 1319 1310 1381 medio
1333 1318 1521 1398 planetarum
1546 1316 1639 1388 (Ter-

281 1426 347 1470 ram
369 1427 477 1487 nempe
494 1399 579 1469 ‘idem
602 1410 765 1472 Zoroaster
787 1409 817 1470 in
841 1413 878 1471 eo
900 1409 1014 1484 medio,
1040 1411 1119 1490 quod
1141 1416 1277 1470 centrum
1300 1416 1357 1481 est,
1383 1407 1542 1481 collocat),
1567 1423 1640 1483 ergo

284 1496 362 1569 Qec
385 1500 407 1575 ζ
428 1497 510 1559 intra
532 1495 635 1560 Solem
659 1507 754 1560 erunt
800 1495 938 1579 Cumque
960 1498 1151 1580 Pythagoras
1175 1515 1194 1558 a
1216 1497 1352 1558 Zabraco
1371 1495 1510 1577 Assyrio,
1534 1492 1641 1574 gentili

281 1585 437 1648 Zoroastri
467 1585 616 1658 (Patricio
643 1587 807 1661 referente,
840 1596 914 1668 puto
943 1607 981 1648 ex
1007 1587 1129 1659 Procln)
1163 1587 1240 1649 hauc
1268 1585 1450 1648 sententiam
1482 1583 1638 1646 hauserit:

280 1673 413 1736 ordinem
442 1675 519 1736 hune
549 1675 682 1738 indidem
710 1676 848 1737 hausisse
883 1675 1045 1739 verisimile
1082 1682 1140 1737 est
1195 1673 1342 1745 Quamvis
1377 1673 1429 1754 qni
1460 1682 1532 1753 post
1564 1671 1638 1734 dicti

280 1769 351 1825 sunt
373 1763 592 1846 Pythagoraei,
620 1761 699 1826 bunc
720 1766 863 1845 magistri
885 1765 933 1827 soi
956 1763 1089 1827 ordinem
1112 1765 1319 1827 deseruerunt
1366 1763 1415 1826 llli
1438 1779 1581 1842 namque,
1604 1769 1640 1823 ut

279 1852 371 1931 paulo
393 1858 466 1931 post
486 1851 671 1931 probabitur,
694 1855 822 1916 eandem
844 1861 1006 1917 tenuerunt
1028 1854 1066 1915 de
1089 1853 1190 1916 mundi
1214 1854 1311 1916 iorum
1332 1851 1517 1931 opinionem,
1549 1850 1639 1929 longe

159 1987 160 1994 ,
280 1947 351 2003 aute
373 1940 582 2017 Aristotelem,
608 1959 697 2023 quam
718 1950 790 2023 post
811 1943 1010 2006 Aristotelem
1033 1941 1119 2005 anuis
1138 1940 1182 2006 50
1204 1942 1260 2004 sub
1282 1942 1459 2004 Ptolemaeo
1480 1937 1638 2004 Philadel-

279 2028 338 2109 pho
356 2028 568 2092 Aristarchus
597 2030 733 2106 Samius,
766 2039 801 2094 et
832 2040 937 2094 matra
966 2040 1069 2094 aetam
1093 2030 1292 2112 Gopernions,
1326 2031 1392 2110 qui,
1425 2039 1460 2093 ut
1493 2028 1569 2090 baso
1601 2047 1638 2089 ex

279 2118 449 2180 Aristotele
473 2127 505 2181 et
527 2120 691 2182 Plutarcho
716 2121 753 2182 de
776 2122 998 2204 Pythagorae&
1020 2129 1053 2183 et
1074 2139 1114 2183 ex
1127 2117 1309 2183 Archimede
1333 2120 1370 2181 de
1384 2118 1565 2181 Aristarcho
1587 2116 1637 2179 in·

278 2205 417 2284 belligera
439 2226 607 2287 possemus,
631 2209 854 2272 inventionibus
877 2210 941 2271 suis
964 2210 1075 2272 effecit.
1120 2208 1190 2281 Quo
1213 2210 1279 2271 luco
1301 2209 1381 2271 alter
1403 2207 1475 2270 Ursi
1499 2225 1581 2268 err-m
1604 2225 1637 2268 ae

277 2296 389 2375 prodit,
414 2296 464 2376 qni
483 2295 757 2376 (lopernlcauurom
771 2298 981 2382 hypothesium
1005 2298 1149 2379 originem
1162 2298 1292 2379 primam
1308 2299 1346 2360 ad
1363 2296 1573 2361 Austarthm
1585 2313 1636 2358 re-

278 2383 349 2458 fert,
371 2401 449 2465 qnae
471 2386 565 2448 multo
584 2394 633 2449 est
655 2386 815 2468 antiquior.

366 2472 414 2536 Ac
437 2475 475 2536 de
497 2474 635 2538 Philoleo
659 2476 779 2556 quidem
801 2476 1018 2560 Pythagorico,
1043 2476 1093 2557 qui
1114 2474 1231 2537 medius
1255 2474 1312 2537 fuit
1334 2472 1533 2537 Aristotelem
1558 2474 1635 2535 iuter

277 2569 310 2625 et
331 2562 537 2667 Pythagoram
568 2564 741 2646 primusque
762 2565 967 2669 Pythagorica
990 2564 1145 2646 vulgarit,
1177 2583 1244 2626 cnm
1273 2570 1366 2626 antea
1392 2562 1451 2624 nisi
1475 2583 1494 2625 a
1515 2562 1633 2644 Pytha-

227 2695 237 2708 ,
278 2651 388 2732 geticis
410 2651 485 2732 ipsis
502 2653 720 2732 ignorarentur,
744 2655 782 2716 de
804 2673 842 2717 eo
862 2654 958 2734 igitur
980 2673 1039 2716 nou
1062 2660 1180 2715 tantum
1202 2653 1329 2716 obseura
1349 2652 1492 2714 Laertius
1515 2651 1635 2723 asserit.

278 2741 412 2803 muriam
434 2741 559 2804 Terram
578 2744 669 2822 Juxta
690 2743 819 2824 primunr
843 2744 985 2807 menium
1010 2741 1161 2820 (intellige
1185 2741 1241 2804 sub
1263 2741 1403 2814 zodiaco)
1427 2741 1556 2809 moveri,
1580 2740 1635 2802 sed

215 2843 220 2852 “
278 2829 371 2892 multo
394 2830 561 2895 clarissime
575 2832 765 2910 Plutarchus,
790 2833 875 2914 cujus
897 2831 993 2894 rerba
1014 2851 1082 2894 cum
1095 2829 1312 2910 Goperaicua
1304 2848 1370 2910 ipse
1393 2830 1423 2897 iu
1446 2829 1634 2909 praelatione

278 2918 377 2998 operis
400 2920 447 2981 sui
469 2921 614 3000 posuerit,
638 2920 745 2983 mirum
763 2922 924 2985 admodum
948 2928 1007 2994 est,
1030 2939 1069 2981 ea
1091 2939 1150 2981 non
1165 2919 1277 2999 legisse
1292 2919 1414 2991 Ursam,
1438 2920 1488 2999 qui
1507 2917 1634 2980 lectione

278 3006 437 3087 Gopernici
459 3010 552 3072 toties
576 3018 608 3073 et
630 3018 789 3091 tantopere
813 3011 973 3090 gloriatur,
1003 3027 1127 3090 eamque
1149 3009 1292 3070 omissam
1314 3009 1384 3069 aliis
1407 3008 1555 3070 immerito
1579 3025 1634 3067 ex·

276 3097 410 3199 probrat
454 3099 581 3161 Terram
605 3099 669 3160 vult
690 3100 846 3162 Philolaus
868 3099 948 3179 apud
973 3097 1204 3160 Plutarchum
1196 3117 1225 3159 rn
1249 3097 1394 3159 cuculum
1415 3097 1530 3158 moveri
1555 3095 1636 3158 circa

277 3185 377 3262 iguem
389 3185 543 3266 (intellige
558 3185 676 3260 Solem)
698 3189 755 3250 sub
769 3188 916 3250 zodiaco
908 3207 938 3249 rn
953 3205 1064 3249 morem
1088 3186 1170 3249 Solis
1184 3195 1216 3248 at
1231 3186 1344 3258 Lunae,
1366 3186 1551 3248 Aristoteles
1565 3203 1635 3246 vero

277 3272 330 3333 lib.
354 3274 395 3334 IL
422 3273 462 3335 de
485 3277 569 3337 coelo
596 3272 1088 3378 cap.13.dePythagoraeis
1079 3295 1110 3338 ru
1139 3293 1248 3354 genere
1277 3274 1339 3337 sic:
1375 3276 1416 3349 „ii
1440 3275 1491 3354 qui
1514 3274 1634 3335 ltaliam

277 3360 420 3437 incolunt,
446 3361 496 3443 qui
517 3364 609 3426 iidem
628 3363 833 3445 Pythagorael
856 3373 1011 3439 vocantur,
1035 3365 1065 3426 in
1088 3363 1218 3427 medio
1209 3383 1309 3444 ignem
1332 3382 1399 3426 esse
1423 3363 1547 3426 dicuut“
1573 3362 1635 3433 (hic

277 3447 379 3512 Solem
400 3450 546 3533 intellige,
571 3472 641 3515 nam
663 3464 695 3515 et
717 3454 830 3517 Thales
852 3453 989 3527 donicae,
1013 3463 1046 3516 et
1060 3454 1251 3536 Pythagoras
1274 3453 1402 3515 Italicae
1426 3451 1634 3531 philosophiae

277 3539 426 3619 principes
454 3542 635 3604 occultanda
661 3544 752 3623 vulgo
785 3562 909 3606 suasere
940 3541 1149 3623 philosophiae
1172 3541 1349 3623 mysteria),
1384 3542 1529 3615 „Terram
1551 3557 1633 3613 vero,

277 3646 353 3707 quae
377 3628 417 3691 sit
440 3643 529 3691 uuum
551 3638 700 3694 astrorum
725 3633 946 3712 (planetarum)
969 3640 1053 3693 motu
1075 3650 1139 3705 suo,
1163 3649 1221 3711 quo
1240 3630 1352 3692 circum
1366 3629 1496 3692 medium
1512 3631 1634 3702 feratur,

276 3724 382 3778 noctes
404 3727 438 3778 et
461 3718 526 3780 dies
548 3719 699 3782 eldeerest‘
747 3720 805 3783 llic
827 3721 1013 3784 Aristoteles
1041 3739 1100 3782 uon
1123 3720 1198 3782 bene
1226 3719 1363 3799 percepit
1384 3737 1486 3780 eorum
1510 3726 1634 3781 senteu-

276 3805 365 3880 tiam,
400 3814 560 3869 artearte
591 3809 728 3872 detectus
757 3819 822 3885 est,
851 3829 939 3890 quem
972 3809 1015 3871 sie
1041 3809 1188 3872 restituo:
1222 3808 1346 3894 Terram
1369 3818 1451 3869 motu
1475 3827 1546 3883 suo,-
1577 3824 1634 3885 quo

277 3892 389 3955 circum
410 3895 540 3958 medium
563 3897 690 3973 feratur,
715 3917 838 3974 annum,
864 3917 922 3978 qno
946 3917 1018 3960 vero
1040 3899 1123 3960 circa
1144 3915 1231 3959 snum
1254 3915 1356 3972 axem,
1387 3906 1492 3959 noctes
1516 3905 1548 3959 et
1570 3894 1635 3957 dies

277 3981 406 4045 edicere.
451 3984 572 4064 Pergit.
609 3997 789 4066 „praeterea
820 3989 912 4050 aliam
940 3988 1064 4049 Terram
1097 3985 1280 4048 contrariam
1298 3946 1509 4060 fabricantur,
1544 4003 1633 4065 quam

275 4069 422 4155 tangens
445 4075 586 4136 voeaut“
633 4076 699 4138 Hac
721 4095 796 4139 voce
819 4077 938 4139 Lunam
960 4076 1139 4155 significant,
1164 4081 1327 4154 propterea
1349 4075 1429 4154 quod
1451 4093 1519 4136 eum
1539 4074 1635 4134 Terra

276 4161 382 4223 eodem
412 4162 485 4224 orbe
514 4162 755 4229 circumrotatur
790 4175 823 4228 et
853 4171 978 4247 propter
1011 4165 1121 4227 multas
1150 4163 1216 4242 ejus
1243 4181 1310 4225 cum
1338 4164 1433 4225 Terra
1462 4179 1633 4225 communes

276 4248 461 4323 affictiones,
483 4251 522 4313 de
546 4253 653 4333 quibus
674 4261 829 4316 testanmr
851 4252 954 4335 optici.
1001 4251 1185 4316 Aristoteles
1199 4268 1280 4325 vero,
1305 4250 1355 4332 qui
1379 4253 1434 4313 hoc
1453 4271 1513 4314 nou
1529 4250 1633 4329 rapie-

275 4337 338 4413 tat,
363 4339 582 4403 absurditatem
605 4343 774 4405 sententiae
797 4343 948 4406 ominatos
972 4341 1102 4422 subiicit,
1127 4341 1229 4421 „quod
1250 4358 1310 4402 nou
1331 4349 1479 4420 quaerant
1501 4338 1634 4401 rationes

274 4434 307 4488 et
327 4444 452 4504 musas,
486 4430 525 4491 ad
548 4448 684 4512 eaquae
713 4440 861 4511 apparent
886 4429 1042 4492 reddenda
1068 4438 1102 4492 et
1128 4429 1305 4503 efficienda,
1335 4429 1391 4490 sed
1421 4430 1460 4492 ad
1483 4445 1633 4509 praecon-

274 4522 383 4595 ceptae
405 4535 479 4580 suas
502 4521 650 4598 quasdam
673 4519 830 4600 opiniones
850 4527 886 4582 ct
907 4517 1154 4582 ratiocinationes
1178 4518 1246 4598 ipsa
1265 4518 1473 4597 phaenomena
1486 4518 1635 4579 violenter

276 4606 504 4668 accommodent
526 4614 558 4669 et
582 4607 741 4670 omniliare
764 4607 944 4672 coneumr.“
988 4607 1067 4670 Base
1082 4616 1182 4670 autem
1196 4606 1296 4686 ignem
1310 4605 1530 4689 Pythagoraeis
1543 4605 1633 4680 idem,

276 4691 357 4772 qnod
379 4691 500 4768 eamn,
526 4713 566 4757 er
588 4697 775 4775 argumentis
795 4715 900 4760 eorum
925 4707 1066 4776 apparet,
1098 4715 1175 4777 quae
1199 4695 1243 4757 sic
1265 4695 1406 4774 proponit
1428 4695 1632 4758 Aristoteles:

277 4778 394 4854 „videri
417 4802 489 4844 vero
512 4785 611 4862 possit
634 4786 735 4847 multis
759 4786 851 4849 etiam
875 4786 959 4859 aliis,
987 4804 1047 4847 non
1075 4785 1207 4848 dandum
1231 4784 1341 4846 Terrae
1373 4785 1470 4846 locum
1493 4783 1633 4857 medium,

275 4868 304 4932 ei
326 4865 572 4950 probabilitatem
597 4869 733 4955 aliquam
760 4893 820 4937 uon
843 4893 883 4937 er
905 4874 1136 4957 apparentibus,
1169 4872 1224 4935 sed
1251 4871 1480 4936 curationibus
1506 4881 1632 4954 captare
