3609 5634
308 348 354 415 50
904 352 1065 403 Prooemium.

306 511 421 574 billum.
468 511 536 573 Nisi
560 511 637 574 forte
661 518 787 573 octavae
811 512 959 592 sphaerae
988 513 1080 574 etiam
1108 511 1226 594 aliquos
1249 521 1348 577 motus
1371 512 1485 579 tribuit.
1538 512 1621 591 Ego
1649 509 1698 570 sic

308 620 417 664 censeo
445 601 482 664 de
510 600 668 683 Tychone,
701 600 857 663 Divitiis
889 601 1095 679 abundare,
1130 602 1259 685 quibus
1291 622 1360 665 non
1392 612 1494 667 recte
1531 608 1696 674 utatur,

308 709 392 754 more
414 690 624 771 plerorumque
648 689 781 753 divitum.
830 689 940 754 Danda
963 700 1012 754 est
1033 691 1126 771 igitur
1148 710 1241 772 opera
1271 692 1365 772 (quod
1388 701 1420 756 et
1441 711 1497 774 ego
1522 709 1590 772 pro
1618 708 1695 751 mea

307 788 404 860 parte,
429 780 483 842 sed
506 798 572 842 cum
596 779 699 841 debita
721 778 872 841 modestia
894 781 978 855 feci),
1002 790 1036 843 ut
1060 781 1184 843 diuitias
1207 780 1277 843 illae
1300 781 1344 844 illi
1367 789 1631 864 extorqueamus,
1659 786 1695 840 ut

308 870 537 945 emendicamus,
562 868 694 945 scilicet,
718 877 752 930 ut
774 869 879 948 vulget
902 888 973 932 suas
997 870 1225 933 observationes
1248 870 1364 933 sincere
1389 879 1421 933 et
1442 889 1564 933 omnes.
1618 867 1694 929 Hoc

307 962 374 1040 ipso
397 968 532 1039 tempore
556 957 684 1020 habetur
706 957 755 1020 hic
785 958 892 1038 globus
916 959 1080 1042 Tychonis,
1111 960 1142 1022 in
1169 966 1256 1041 parte
1287 961 1350 1041 ejus
1378 961 1553 1023 antarctica
1581 974 1694 1018 vacua

308 1050 477 1131 profitetur,
502 1066 535 1108 se
559 1048 655 1109 solum
680 1047 913 1127 deprehendisse
937 1049 1147 1114 alterationem
1172 1050 1344 1129 eclipticae,
1376 1050 1476 1130 gratia
1498 1049 1597 1130 cujus
1627 1066 1691 1108 au-

308 1147 435 1217 geantur
455 1136 506 1198 vel
534 1136 705 1199 minuantur
732 1136 908 1200 latitudines
939 1138 1064 1202 humum
1092 1140 1133 1201 ad
1159 1139 1329 1220 eclipticam
1356 1146 1564 1220 computatae.
1619 1134 1690 1198 Sed

308 1229 391 1291 illam
413 1228 492 1289 intra
517 1222 580 1288 100
604 1244 699 1287 annos
721 1244 825 1305 parurn
849 1245 996 1290 crescere.
1109 1266 1117 1280 ·

379 1316 451 1378 Quae
463 1319 597 1379 sequuntur
608 1314 681 1372 haec,
694 1329 768 1379 quum
781 1314 814 1366 ad
827 1314 942 1380 Optieam
954 1322 981 1367 et
993 1315 1184 1381 chronologiam
1198 1316 1347 1381 pertineant,
1365 1316 1515 1369 menania
1526 1314 1689 1366 censuim

206 1410 208 1417 ,
308 1386 569 1440 adVoLIIeth.

378 1544 568 1596 Maestliuus
586 1558 682 1608 prorsus
701 1538 825 1594 consehtit
842 1544 959 1610 Keplero.
988 1546 1018 1596 In
1037 1548 1113 1597 literis
1132 1547 1197 1597 datis
1216 1548 1239 1598 d
1258 1546 1291 1596 22
1305 1549 1363 1611 Apr.
1378 1544 1446 1597 toas
1464 1547 1529 1597 haec
1547 1546 1685 1610 legimns:

310 1618 348 1669 De
368 1617 491 1681 Tychcnia
509 1614 683 1679 hypothesibus
701 1630 765 1679 quas
784 1617 876 1679 scribis,
894 1618 954 1667 mihi
972 1618 1130 1669 vehementer
1144 1619 1252 1683 placent
1283 1619 1321 1669 Tu
1340 1619 1430 1674 doceri,
1448 1632 1498 1667 non
1516 1617 1613 1668 urreri
1634 1616 1681 1664 ris.

310 1689 380 1739 Idam
398 1702 444 1754 ego
462 1686 604 1738 laciendum
619 1684 712 1748 judico.
749 1686 819 1736 Istud
836 1687 993 1751 physicorum
1012 1696 1038 1739 et
1055 1690 1224 1756 theologorum
1248 1688 1309 1753 (non
1328 1691 1383 1740 dico
1404 1690 1522 1755 physicae
1545 1695 1576 1738 et
1602 1687 1682 1737 theo·

309 1756 405 1825 lagiae)
422 1759 602 1823 praejudicium
619 1760 698 1822 ipsum
716 1758 741 1807 iu
759 1758 827 1808 illam
846 1762 996 1810 renuntiem
1018 1763 1150 1824 pertraxit,
1173 1768 1202 1812 ut
1220 1762 1321 1813 Terram
1347 1759 1547 1823 (minutiasiruurn
1567 1772 1681 1822 corpus·

310 1833 401 1887 culum
418 1846 463 1881 seu
480 1831 562 1894 potius
579 1828 731 1892 punctulum,
751 1837 785 1887 et,
804 1832 870 1880 sicat
886 1832 982 1896 scripsi,
1000 1834 1021 1881 si
1039 1833 1097 1898 quid
1114 1841 1206 1897 puncto
1223 1836 1304 1883 minus
1316 1834 1369 1883 dari
1387 1829 1475 1897 possit)
1494 1832 1610 1881 retineat
1628 1830 1679 1878 im·

309 1903 431 1964 mobilem,
451 1915 550 1965 corpore
568 1907 621 1950 tam
640 1906 709 1949 vasto
727 1902 825 1951 interim
843 1902 927 1952 mobili
946 1905 1116 1968 circumrapto.
1144 1903 1198 1954 Nec
1216 1906 1308 1959 dubito.
1327 1907 1395 1970 quin,
1413 1906 1434 1953 si
1449 1911 1518 1954 muru
1536 1903 1679 1952 inventum

308 1975 375 2039 prius
399 1988 473 2038 quam
491 1986 549 2022 suaa
566 1970 714 2036 hypotheses
731 1970 865 2035 publicarit
888 1970 1001 2034 vidisset,
1032 1975 1099 2025 allud
1125 1976 1261 2026 statuisset.
1298 1975 1372 2026 Nunc
1394 1976 1544 2025 mnmndam
1567 1979 1677 2023 mutare

213 2088 225 2115 ,
310 2052 336 2095 et
354 2045 453 2111 quidem
471 2043 505 2094 ad
523 2040 624 2093 alterim
644 2039 688 2104 (ne
707 2043 787 2093 dicam
806 2058 832 2092 se
849 2042 964 2107 junioris)
982 2048 1100 2104 iuventa,
1120 2046 1203 2096 lorsan
1223 2047 1397 2097 existimationi
1414 2043 1525 2096 nonnihil
1542 2043 1676 2110 derogare

309 2117 413 2182 putabit.
450 2114 544 2165 Verum
561 2115 581 2163 si
601 2114 653 2164 dies
671 2114 735 2163 uem
753 2115 835 2173 docet,
854 2118 875 2165 si
893 2112 1022 2187 decrepar
1040 2113 1189 2187 pponsdec
1206 2128 1367 2186 σοφοπεραι
1384 2115 1464 2174 alass,
1483 2130 1527 2167 cur
1544 2106 1608 2177 non,
1630 2116 1677 2179 qul

309 2190 417 2240 seniores
435 2201 532 2244 sumus,
553 2186 677 2248 juniorum
695 2186 794 2250 prodita
810 2186 897 2237 eodem
914 2190 987 2239 modo
1005 2190 1242 2255 magnifaceremus,
1266 2206 1313 2255 quo
1336 2205 1380 2240 nos
1399 2191 1431 2240 ab
1448 2190 1508 2253 ipsis
1525 2186 1675 2254 magnifieri

310 2255 438 2324 cupimus?
465 2257 567 2307 Habent
584 2256 619 2305 illi
637 2269 653 2305 a
670 2256 740 2305 nobis
759 2273 808 2307 nou
828 2259 999 2323 aspernanda:
1019 2267 1094 2311 recte.
1126 2263 1160 2310 At
1177 2263 1253 2312 etiam
1271 2263 1330 2326 ipsis
1349 2262 1415 2311 dona
1432 2259 1554 2310 concessit
1571 2270 1674 2324 magua

309 2329 387 2381 Deus.
415 2328 489 2379 Certe
507 2343 592 2377 omnes
611 2333 677 2376 artes
696 2333 722 2377 et
739 2330 861 2379 scientiae
880 2330 913 2380 ad
931 2333 1056 2395 superiora
1068 2338 1112 2381 aut
1129 2346 1244 2396 suprema
1261 2333 1364 2398 tastigla
1380 2344 1536 2403 nequaquam
1553 2344 1600 2394 per
1619 2330 1673 2394 pri·

307 2416 376 2463 mos,
402 2400 446 2451 sed
464 2414 508 2464 per
525 2400 687 2464 posteriores,
713 2401 754 2463 qui
776 2401 882 2450 inventis
900 2416 947 2452 sua
964 2417 1059 2468 quoque
1078 2403 1145 2454 dona
1162 2403 1277 2455 divinitus
1296 2417 1415 2453 concessa
1433 2400 1671 2466 superaddiderunt,

310 2472 514 2523 conscenderunt.
552 2469 711 2534 Quantopere
730 2470 891 2536 Copernicum
909 2474 955 2522 sibi
974 2474 1125 2539 gratulatum
1143 2475 1218 2525 inissa
1240 2477 1394 2539 mutunus,
1419 2476 1440 2523 si
1462 2476 1516 2538 ipso
1539 2473 1595 2522 rivo
1623 2479 1673 2521 tua

307 2545 444 2610 speculatio
463 2544 490 2593 in
507 2541 588 2592 lucem
606 2537 754 2605 prodiisset?
791 2541 863 2603 Quod
881 2553 966 2607 autam
984 2546 1018 2595 ad
1035 2561 1087 2596 rem
1104 2547 1192 2610 ipsam,
1211 2562 1251 2596 me
1269 2562 1316 2597 nec
1333 2547 1445 2609 poenitet
1461 2559 1508 2596 nec
1526 2544 1606 2609 pudet
1625 2557 1670 2593 eo·

307 2632 375 2675 rum,
394 2630 458 2681 quae
476 2615 501 2663 in
520 2614 673 2678 praelatione
691 2615 718 2663 iu
730 2612 903 2664 Narrationem
914 2614 1014 2666 Rhatiai
1026 2619 1111 2682 scripsi
1130 2617 1190 2679 (rid.
1206 2633 1231 2682 p.
1245 2616 1299 2678 27).
1591 2644 1594 2645 ⁷

381 2686 453 2748 Quod
469 2700 513 2750 pro
531 2685 615 2734 labore
634 2692 659 2734 et
677 2686 797 2735 sumtibus
815 2691 841 2735 et
865 2687 974 2750 inprimis
996 2703 1039 2751 pro
1061 2687 1108 2738 hoc
1131 2689 1230 2737 iuventa
1254 2696 1309 2746 tuo,
1335 2688 1444 2738 maxima
1466 2687 1670 2737 remuneratione

309 2758 458 2824 dignissimo,
477 2757 522 2805 tibi
540 2755 648 2804 noudum
667 2757 823 2806 satisfactum
842 2764 888 2815 eat,
909 2757 979 2808 doleo
997 2758 1161 2809 vehementer.
1190 2759 1282 2809 Verum
1293 2762 1329 2810 sic
1342 2766 1511 2824 comparatum
1529 2772 1584 2808 esse
1597 2757 1667 2807 ride·

307 2845 374 2888 mus,
400 2835 441 2885 ut,
467 2841 531 2893 quae
548 2827 623 2876 laude
646 2833 705 2876 sunt
722 2827 875 2893 dignissima,
894 2836 1055 2893 spernantur,
1079 2845 1191 2895 queque
1213 2831 1281 2881 nullo
1305 2833 1383 2895 pretio
1402 2831 1536 2895 adaequari
1552 2835 1669 2893 posunt,

307 2901 374 2951 nullo
392 2901 469 2949 etiam
490 2900 568 2962 pretio
592 2897 668 2962 digna
690 2904 814 2961 putentur.
852 2898 945 2950 Verum
968 2901 1078 2951 confidas
1103 2902 1199 2952 domino
1216 2901 1286 2959 Deo,
1310 2905 1352 2969 qui
1373 2902 1418 2951 tibi
1440 2903 1537 2966 tuisque
1559 2900 1669 2951 fideliter

306 2972 433 3037 rependet,
453 2984 517 3035 quae
536 2969 578 3019 alii
597 2968 635 3018 rel
648 2979 743 3033 negant
754 2971 793 3019 vel
806 2970 929 3020 differunt
957 2971 1061 3023 Interim
1078 2975 1161 3023 mirari
1179 2976 1239 3023 satis
1257 2981 1327 3024 tuam
1346 2987 1406 3039 erga
1423 2988 1463 3023 me
1481 2971 1665 3037 liberalitatem,

306 3058 411 3108 eamque
429 3043 595 3103 maximopere
614 3040 696 3103 tuique
715 3039 961 3092 honorificentissima
987 3044 1073 3094 addita
1091 3045 1217 3094 mendane
1236 3046 1297 3095 satis
1315 3046 1458 3109 praedicare
1474 3058 1579 3109 nequeo,
1600 3041 1667 3108 qued

306 3121 360 3165 tam
378 3114 504 3178 egregium
522 3125 610 3160 munus
627 3111 742 3173 pecudum
761 3112 983 3175 splendidissimum
1001 3115 1061 3165 mihi
1079 3117 1174 3165 misisti.
1210 3117 1301 3166 Fateor
1318 3123 1394 3173 certe,
1413 3117 1513 3165 meatu
1531 3121 1557 3165 te
1574 3116 1667 3164 merita
1714 3114 1716 3123 '

307 3186 416 3250 prolecto
428 3197 585 3247 nequaquam
598 3188 671 3231 tauta
683 3196 746 3239 esse,
765 3189 861 3248 quauta
878 3192 924 3234 tua
942 3201 1003 3251 erga
1019 3203 1059 3237 me
1077 3187 1124 3237 hoc
1142 3187 1229 3251 poculo
1248 3188 1418 3238 demonstrata
1436 3188 1569 3252 gratimdo.
1596 3185 1666 3236 Nam

307 3269 370 3322 quae
383 3270 400 3305 a
411 3270 451 3304 me
463 3256 585 3318 praestita
595 3259 662 3310 suut,
681 3267 713 3302 aa
729 3253 815 3304 lubens
828 3256 883 3317 toci,
903 3259 983 3307 amico
996 3261 1078 3307 animo
1091 3273 1152 3324 erga
1163 3261 1270 3309 amicum
1281 3260 1403 3324 praestiti,
1422 3260 1498 3308 aliam
1516 3272 1665 3322 compensa-

306 3330 400 3377 tiouem
412 3340 492 3391 neque
505 3325 618 3388 exoptavi
630 3338 677 3373 uec
691 3327 818 3388 expectari
830 3341 948 3392 unquam,
961 3343 1035 3392 quam
1052 3331 1158 3379 amicum
1171 3332 1288 3387 animum,
1307 3331 1405 3395 qualem
1418 3344 1479 3396 erga
1489 3343 1530 3380 me
1541 3329 1665 3380 hactenus

308 3398 489 3449 demonstrasti.
519 3396 555 3444 Eo
569 3410 615 3461 ego
628 3395 662 3443 lui
680 3398 886 3447 contenderimus.
915 3398 1039 3459 Quoniam
1056 3415 1112 3450 raro
1128 3402 1181 3462 jem
1199 3402 1265 3451 istud
1284 3401 1436 3465 superaddis,
1456 3416 1502 3467 ego
1521 3408 1596 3458 certe,
1615 3414 1664 3466 quo

308 3471 408 3519 nomine
426 3481 498 3532 paras
518 3480 592 3532 agam
611 3467 713 3530 gratias,
732 3482 782 3516 uon
799 3466 905 3518 turonic.
942 3469 1035 3520 Verum
1053 3471 1136 3522 Deum
1153 3473 1197 3522 tibi
1216 3478 1428 3537 compensatcrem
1445 3473 1563 3530 exorabo,
1582 3473 1664 3521 mnni-

308 3541 493 3592 hcentissimum
511 3539 625 3587 nimirum
643 3538 827 3597 retributorem,
853 3542 894 3603 qui
918 3541 1031 3594 videlicet
1048 3544 1094 3593 tihi
1111 3559 1182 3608 porro
1199 3559 1247 3594 sua
1270 3546 1354 3610 gratia
1375 3544 1456 3603 adsit,
1481 3551 1508 3595 et
1531 3550 1573 3602 tc,
1598 3557 1665 3609 quae

309 3614 412 3679 egregia
429 3611 455 3660 iu
473 3618 499 3660 te
518 3610 612 3673 coepit,
631 3608 735 3659 feliciter
753 3610 869 3673 perficere
888 3612 1009 3678 dignetur.

379 3682 437 3733 Hae
454 3680 607 3731 hebdomade
620 3682 755 3744 praeterita
767 3696 797 3732 ex
809 3682 956 3749 Leonberga
972 3685 1021 3736 huc
1039 3685 1073 3736 ad
1090 3703 1130 3737 me
1148 3688 1215 3738 uenit
1232 3693 1313 3738 mater
1329 3694 1382 3744 tua,
1400 3694 1516 3737 matrona
1533 3687 1573 3736 rel
1590 3686 1665 3737 ridua

308 3755 430 3819 piissima,
455 3752 486 3802 de
508 3753 580 3802 rebus
602 3751 651 3799 tuis
679 3754 892 3818 praesentiumque
920 3770 1000 3805 rerum
1027 3763 1095 3808 statu
1119 3759 1190 3809 valde
1208 3760 1321 3809 adicies.
1365 3758 1429 3809 liam
1452 3764 1571 3823 quantum
1593 3758 1663 3822 potui

309 3825 449 3876 consolatus
467 3838 529 3877 sum,
548 3825 606 3887 quia
623 3823 718 3871 meliori
735 3823 788 3874 loco
806 3839 850 3888 per
868 3829 976 3890 gratiam
993 3827 1042 3879 Dei
1061 3831 1110 3879 sint
1128 3838 1187 3881 tuae
1205 3845 1253 3888 res,
1276 3844 1350 3895 quam
1367 3832 1423 3894 ipsa
1440 3829 1478 3880 rel
1496 3829 1606 3894 sibiipsi
1623 3828 1663 3879 rel

308 3911 339 3946 ex
357 3897 459 3946 aliorum
476 3908 591 3959 perversa
608 3895 729 3944 relatione
746 3897 904 3961 imaginetur.
933 3895 1004 3948 Sicut
1022 3902 1098 3950 etiam
1115 3902 1188 3960 lonae
1207 3902 1285 3955 aliter,
1306 3915 1380 3967 quam
1397 3916 1437 3952 res
1449 3915 1476 3950 ae
1488 3900 1590 3961 habent,
1607 3914 1662 3964 per·

307 3982 383 4018 suasa
400 3967 534 4017 ridebatur.
568 3965 605 4014 Ea
622 3965 687 4015 inter
705 3965 756 4016 aha
773 3968 909 4031 quaerebat
926 3968 958 4018 de
976 3978 1027 4028 tuo,
1046 3972 1110 4035 quod
1128 3973 1188 4022 mihi
1206 3973 1308 4031 demas,
1326 3972 1416 4023 debito.
1447 3973 1510 4038 Ego,
1528 3972 1587 4036 quid
1604 3972 1661 4021 snb·

307 4047 386 4101 esset,
403 4053 452 4088 non
470 4036 625 4103 intelligens,
644 4036 707 4092 dixi,
726 4038 790 4101 quod
808 4054 892 4088 rerum
911 4047 961 4097 est,
986 4047 1011 4090 te
1028 4043 1089 4092 mihi
1106 4044 1168 4093 nihil
1186 4045 1287 4106 debere,
1314 4059 1486 4108 necunquam
1505 4057 1562 4093 aere
1581 4043 1662 4093 alieno

307 4111 450 4160 obstrictum
467 4109 542 4161 fuisse
562 4108 617 4156 dlxi.
656 4106 764 4172 Cumque
783 4124 839 4158 mox
857 4112 970 4167 instaret,
989 4113 1103 4173 indicari,
1123 4124 1148 4165 te
1166 4116 1232 4165 nullo
1251 4116 1330 4177 modo,
1354 4130 1498 4180 quocunque
1517 4115 1660 4178 accipiatur,

305 4181 366 4232 mihi
384 4180 516 4247 quidquam
534 4179 631 4229 debere.
664 4179 717 4228 Etsi
736 4181 801 4229 euim
819 4187 917 4245 propter
935 4184 1055 4245 quasdam
1079 4187 1186 4250 apellas,
1212 4202 1276 4251 quae
1293 4184 1384 4237 nullius
1404 4186 1470 4251 apud
1488 4200 1528 4235 me
1545 4186 1663 4235 momenti

306 4255 364 4315 sint,
384 4252 477 4319 aliquid
495 4251 661 4315 spoponderis,
680 4258 764 4300 muron
783 4252 808 4301 id
827 4252 894 4315 apud
911 4267 951 4302 me
970 4254 1032 4304 adeo
1051 4259 1077 4306 in
1095 4258 1203 4309 debitum
1216 4274 1266 4309 non
1279 4259 1377 4313 cadere.
1397 4264 1427 4307 nt
1444 4272 1528 4308 aeram
1544 4272 1591 4307 nec
1608 4272 1661 4307 me·

305 4326 431 4384 minerim,
456 4336 504 4373 nec
522 4329 620 4387 propter
637 4324 799 4386 interruptum
818 4337 878 4387 opus
896 4327 1038 4376 meminisse
1056 4329 1144 4381 sebur:
1170 4330 1325 4380 nihilominus
1348 4338 1432 4380 tamen
1458 4337 1484 4379 te
1502 4336 1572 4379 tuam
1589 4328 1662 4379 tidem

306 4396 477 4460 superabundo
497 4402 523 4444 et
540 4395 614 4451 ultra,
633 4408 707 4459 quam
726 4408 772 4458 par
789 4397 829 4454 sit,
848 4395 990 4454 redemisse,
1008 4400 1081 4450 misso
1095 4402 1209 4452 videlicet
1226 4402 1313 4466 poculo
1330 4409 1359 4463 pt
1376 4402 1485 4465 specioso
1505 4406 1531 4451 et
1546 4402 1661 4465 pretioso,

307 4468 397 4517 additis
422 4469 498 4517 etiam
524 4461 742 4515 trsrunmdieis
769 4480 812 4529 pro
837 4467 950 4529 operculo
973 4470 1132 4523 conficiendo.
1173 4472 1216 4522 Me
1239 4472 1328 4522 idcirco
1351 4478 1434 4530 tuum,
1457 4487 1507 4521 nou
1530 4478 1614 4522 autem
1637 4478 1662 4519 te

306 4553 389 4587 meum
407 4554 460 4589 esse
476 4538 617 4588 debitorem.
647 4536 675 4585 ld
693 4543 773 4585 muter
791 4544 836 4587 tua
854 4538 984 4588 ridebatur
1002 4555 1057 4591 cum
1076 4545 1239 4594 admiratione
1258 4543 1343 4594 audire
1361 4558 1511 4608 responsum,
1530 4551 1586 4609 post
1597 4543 1662 4592 euim

307 4611 422 4659 contessa
440 4616 486 4664 est,
504 4623 531 4658 se
549 4610 575 4657 iu
593 4622 625 4658 ea
642 4609 801 4672 persuasione
820 4610 903 4665 tuisse,
923 4624 953 4660 ac
966 4612 1027 4661 situ
1039 4616 1099 4665 mihi
1112 4614 1164 4665 20⁰
1175 4617 1280 4665 domnos
1293 4616 1402 4676 deberes,
1422 4623 1497 4680 atque
1511 4629 1546 4676 ae,
1565 4622 1663 4679 propter

307 4680 411 4731 dilatam
428 4682 584 4737 solutionem,
602 4693 677 4744 quam
694 4685 736 4729 tuo
756 4681 855 4731 nomine
870 4688 999 4746 praestare
1012 4683 1126 4746 debebat,
1145 4688 1211 4737 male
1224 4687 1362 4737 audiueram
1375 4702 1437 4737 essa
1466 4686 1504 4737 Er
1521 4702 1568 4752 quo
1583 4687 1661 4736 anim·

307 4751 434 4802 aduertere
452 4752 565 4809 videbar,
584 4746 653 4814 quasi
672 4749 702 4798 ob
721 4751 796 4800 alium
815 4752 923 4817 aliquem
941 4753 1016 4803 finem
1034 4758 1100 4808 istud
1119 4760 1142 4810 ei
1160 4760 1321 4823 persuaseris,
1341 4759 1419 4823 quod,
1437 4759 1458 4808 si
1475 4760 1585 4822 primitus
1604 4758 1659 4806 sub·

306 4823 459 4881 olfecissem,
478 4838 534 4873 earu
552 4822 735 4885 persuasionem
752 4837 801 4871 non
820 4825 919 4873 omniuo
939 4829 1089 4879 exemissem.
1123 4830 1215 4880 Vanum
1232 4845 1278 4895 ego
1297 4837 1434 4881 ceterarum
1451 4845 1532 4880 rerum
1550 4831 1659 4896 ignarus.

306 4894 371 4959 quod
388 4908 472 4945 rerum
489 4901 541 4950 est,
565 4893 673 4958 ingenue
690 4893 820 4943 inculcari.
856 4895 927 4946 istud
946 4911 1004 4961 ergo
1023 4901 1044 4949 si
1063 4901 1108 4951 tibi
1126 4902 1272 4953 detrimento
1295 4902 1376 4970 aliqua
1400 4902 1444 4962 sit,
1469 4916 1520 4952 uon
1538 4915 1593 4960 me,
1616 4899 1661 4951 ssd
1703 4960 1705 4965 ¹
