3609 5634
286 316 351 386 ont
707 318 808 370 utem
826 317 1220 382 mmmmm

376 475 414 538 Si
433 484 470 537 tn
494 474 667 552 οιιιιιιιιι,
695 485 727 539 te
751 484 871 557 matum
899 475 971 554 mihi
1004 476 1118 550 fatere,
1158 489 1207 536 me
1232 474 1401 536 curando
1428 471 1655 552 οιιειιιοιῦυ

287 563 472 638 nomeriis,
505 572 538 626 et
564 565 594 626 in
624 565 729 646 quibus
759 569 825 647 ipse
849 566 930 626 aciae
959 564 1148 636 solutionem,
1174 563 1300 626 falleris.
1347 562 1415 625 Non
1439 560 1594 642 pelotini
1615 573 1654 620 ea

262 653 420 736 'vincera
445 652 499 715 sed
522 663 668 725 mentem,
698 655 844 729 animum,
874 655 1057 716 sententiam
1089 652 1145 714 tibi
1169 652 1284 731 eripere
1306 651 1442 732 penitus:
1476 658 1530 711 aut
1552 663 1654 714 meam

288 742 343 805 tibi
367 743 484 813 cedere,
509 743 534 804 ei
559 743 677 806 viceris.

359 865 545 916 Fabricius:
577 861 604 916 81
622 868 648 916 in
667 870 725 916 aere
743 865 824 915 nulius
843 863 920 922 calor,
939 871 968 913 nt
986 870 1015 914 tu
1032 865 1069 913 vic
1088 863 1124 930 (p.
1147 859 1220 922 3¹5),
1239 863 1305 912 unde
1323 867 1435 910 meteora
1453 862 1542 926 ignita,
1561 860 1655 909 stellae

287 935 420 986 voluntat?
455 935 528 986 Certe
549 949 568 986 a
583 952 610 986 ne
629 937 733 987 accendi
752 947 802 986 nnn
820 943 932 999 potsunt,
952 950 998 985 nec
1018 949 1035 985 a
1054 934 1111 984 Sole
1132 935 1179 983 snb
1192 923 1294 982 'ferram
1314 933 1438 989 demerem
1458 946 1504 981 neo
1524 927 1656 1000 ahlgld'a
1743 934 1753 941 ’

287 1014 380 1057 natura
399 1007 453 1057 loci.
490 1008 639 1072 Apianetin
656 1023 713 1059 vero
733 1007 846 1062 accendi.
866 1008 964 1056 facilius
983 1006 1033 1055 dici
1051 1012 1143 1069 potest,
1165 1019 1240 1070 qnam
1257 1005 1363 1069 probari.
1401 1002 1479 1067 Cupie
1499 1017 1557 1068 ergo
1576 1007 1608 1051 er
1624 1007 1654 1054 ta

289 1091 455 1144 cognoscere,
482 1080 602 1143 quomodo
622 1079 791 1130 accenduntur
815 1077 859 1127 illa
876 1079 902 1126 in
922 1082 979 1126 aare
998 1084 1024 1126 et
1042 1078 1096 1127 loco
1114 1073 1225 1142 frigido?
1260 1073 1380 1125 ‘fractum
1398 1076 1468 1124 enhn'
1482 1074 1553 1124 ilum
1571 1080 1654 1123 tom

290 1151 323 1199 ad
342 1147 441 1199 Lunam
457 1159 544 1218 noque,
564 1150 603 1199 tel
621 1153 697 1199 etiam
714 1150 830 1206 altarino,
850 1149 980 1213 frigidum,
999 1148 1037 1197 vel
1056 1155 1124 1197 certe
1142 1162 1192 1197 non
1210 1147 1319 1198 calidum
1339 1161 1403 1201 ense,
1424 1153 1451 1194 et
1469 1160 1515 1211 ego
1535 1145 1652 1208 conjicito

289 1219 342 1285 Ego
360 1219 487 1270 stellarum
505 1224 530 1270 in
549 1225 607 1270 aare
626 1222 814 1271 discurrentium
838 1221 970 1269 matonam
995 1234 1047 1268 non
1065 1233 1190 1272 musam.
1218 1218 1263 1269 aad
1285 1219 1393 1267 maxime
1411 1217 1506 1277 ierem,
1534 1213 1652 1266 manaen

289 1305 424 1341 censerem.
462 1290 542 1341 Nemo
560 1305 668 1357 unquam
688 1307 718 1342 ex
731 1292 844 1342 accende
856 1290 904 1340 illio
916 1290 1054 1341 colantibus
1066 1290 1143 1339 stellio
1154 1292 1180 1339 in
1192 1290 1293 1339 Terram
1306 1288 1438 1354 quidquam
1453 1288 1568 1338 decidere
1581 1287 1651 1344 vidit,

289 1363 383 1412 audivit
400 1369 445 1412 ant
463 1365 549 1412 aeneit

378 1444 581 1532 Keplerus:
621 1450 711 1512 Ainis
736 1448 888 1528 frigiditas
914 1449 968 1509 tibi
998 1467 1055 1509 non
1080 1449 1191 1526 placet.
1242 1444 1359 1525 Objioie
1383 1453 1517 1507 meteora
1541 1444 1651 1524 ignita.

290 1538 410 1620 Objicio
434 1559 490 1620 ego
514 1542 653 1602 Boream.
700 1537 735 1601 Si
759 1556 877 1618 semper·
901 1547 1009 1618 suapte
1039 1547 1148 1597 natura
1180 1536 1295 1597 calidus
1331 1541 1398 1606 aer,
1426 1534 1504 1595 unde
1537 1551 1652 1613 quaeso

289 1629 337 1698 fit,
376 1638 408 1690 nt
435 1629 552 1691 Boreas
582 1628 714 1690 membra
743 1626 876 1688 adurat?
922 1626 1001 1687 Nam
1025 1625 1098 1687 illud
1122 1643 1223 1685 rarum
1251 1633 1317 1698 eet,
1355 1623 1474 1684 incendi
1499 1633 1647 1696 meteora,

290 1719 345 1778 lrnc
368 1728 544 1801 perpetuum
559 1735 686 1798 semper,
710 1715 880 1795 infrigidari
905 1721 1008 1776 aerem
1031 1731 1085 1775 sna
1099 1723 1217 1785 natura,
1242 1713 1301 1774 nisi
1319 1712 1499 1773 calefactum
1516 1711 1650 1773 aliunde.

290 1806 354 1868 Imo
379 1825 449 1869 vero
473 1808 503 1869 in
527 1803 721 1887 sequentibus
745 1805 891 1879 declaras,
918 1812 948 1865 te
972 1822 1086 1864 mecum
1111 1801 1240 1874 sentire,
1259 1802 1289 1862 id
1313 1801 1423 1863 uallem
1447 1819 1556 1880 cupere
1582 1800 1649 1860 dis·

290 1913 371 1968 cere,
410 1914 468 1976 quo
496 1896 583 1956 modo
612 1904 747 1955 meteone
776 1893 830 1954 illa
856 1893 1066 1954 incendantur.
1112 1889 1311 1970 Respondeo:
1345 1890 1375 1951 si
1394 1890 1535 1967 flagrant,
1561 1888 1652 1950 sica

292 1982 403 2062 frigore
427 1984 635 2056 incenduntur,
660 1992 693 2044 ut
716 1982 836 2061 fulgura
859 1991 891 2043 et
915 1980 1040 2042 fulmina
1061 1981 1141 2042 inter
1164 1979 1341 2057 grandinem
1366 1986 1512 2056 coguntur
1536 1978 1648 2058 frigere
1674 2012 1681 2016 -

291 2072 409 2152 vimque
434 2072 593 2133 intendunt
616 2090 701 2132 enam
725 2081 755 2158 et
780 2071 931 2132 flammam
954 2069 1135 2149 concipiunt.

361 2214 550 2266 Fabriciue:
583 2211 705 2263 Virtutem
723 2211 825 2262 vitalem
842 2213 868 2261 iu
885 2211 986 2261 hunnido
1004 2209 1108 2260 indicti
1126 2215 1154 2258 ιι
1172 2208 1252 2272 prima
1269 2208 1439 2272 camtpouis,
1455 2206 1581 2256 secundm
1593 2219 1651 2256 vero

289 2286 377 2336 tribula
394 2285 472 2333 motui
490 2283 563 2333 Solia.
601 2279 647 2332 Eat
665 2285 732 2334 enim
749 2285 775 2333 iu
794 2281 852 2332 Sole
870 2283 906 2331 vlo
930 2281 1079 2347 vegetandi,
1105 2279 1280 2330 exstimulandi
1307 2281 1402 2328 animoa
1430 2285 1456 2327 et
1482 2278 1556 2326 robur
1576 2278 1651 2326 vitale

289 2371 339 2405 nnn
360 2357 457 2421 exigua.
496 2353 573 2404 Puteo
597 2369 654 2404 rere
680 2369 736 2404 eam
759 2355 874 2403 virtutem
901 2352 1108 2403 emtimulativam
1131 2349 1177 2400 deo.
1202 2364 1245 2413 pro
1268 2350 1335 2399 vario
1359 2352 1408 2398 ritu
1432 2361 1476 2398 cuo
1494 2349 1521 2398 in
1539 2348 1652 2397 themate

290 2443 342 2477 non
359 2427 458 2486 ηῐιιιι,
477 2425 521 2475 aed
539 2433 685 2488 perpennam
704 2431 730 2473 et
749 2426 794 2473 sibi
812 2425 999 2479 nordemanne,
1019 2426 1081 2472 rimo
1099 2437 1156 2472 vero
1174 2421 1339 2471 mationem
1355 2422 1429 2470 aemio
1446 2420 1566 2483 pomona,
1585 2427 1651 2468 tenr-

290 2500 389 2562 porlhm
407 2497 511 2547 etlooir
530 2496 658 2546 stimulare
677 2496 775 2546 animoa
801 2491 891 2558 (comp.
911 2509 936 2558 p
956 2490 1029 2554 all).
1066 2492 1229 2556 Renpnndee:
1249 2499 1344 2542 eertum
1362 2498 1410 2548 ert,
1427 2491 1552 2540 hominem
1570 2492 1652 2540 ιιπιο

291 2571 385 2633 aheque
403 2567 469 2626 Sole,
489 2581 538 2617 neo
555 2566 599 2617 Sol
616 2568 770 2632 minoritae
783 2565 905 2616 naturaie
923 2578 1002 2615 causa
1019 2571 1067 2620 eet,
1086 2565 1131 2613 aed
1149 2563 1239 2612 saltem
1256 2562 1387 2625 ιιιιιιιιιι,
1405 2569 1433 2614 at
1449 2561 1571 2610 relatim
1589 2576 1649 2625 qna-

291 2642 351 2690 dnm
370 2640 454 2689 dirim
472 2652 514 2688 cor
532 2639 597 2688 ritae
615 2639 710 2688 fontem
728 2639 829 2703 respicit
847 2636 983 2699 (Keplerue
995 2636 1020 2684 iu
1033 2637 1161 2700 margine:
1180 2631 1223 2682 Sol
1241 2646 1284 2682 cor
1301 2634 1401 2696 respicit
1418 2647 1468 2682 non
1486 2641 1539 2681 tam
1552 2633 1652 2681 occulta

291 2712 388 2760 retium
407 2711 500 2765 divina,
520 2723 594 2773 quam
612 2710 746 2760 manifecte
764 2707 922 2758 similitudine
941 2705 1075 2767 naturae),
1100 2708 1165 2755 sicut
1184 2705 1260 2754 ceteri
1279 2704 1395 2768 planetae
1413 2704 1465 2754 alia
1482 2703 1595 2752 membra
1612 2709 1670 2751 r'e·‘

292 2784 413 2845 spiciunt,
438 2780 503 2844 qnod
521 2794 555 2829 ne
571 2781 659 2829 mirum
677 2781 722 2829 tibi
740 2781 788 2835 cit,
806 2777 917 2842 exemplo
936 2776 1075 2826 declarabo.
1111 2776 1198 2826 Hahet
1216 2773 1259 2824 Sol
1281 2776 1389 2824 eundern
1407 2775 1527 2830 calorem,
1555 2787 1653 2837 campen

292 2853 338 2902 eibi
354 2852 474 2908 similem.
503 2859 531 2899 at
548 2845 644 2901 radone
662 2852 726 2900 eitun
742 2852 768 2899 in
786 2850 855 2900 coelo
873 2864 924 2898 non
942 2850 1032 2913 ubique
1052 2848 1190 2912 aequaliter
1208 2861 1264 2895 eum
1282 2847 1390 2897 calorem
1409 2846 1531 2909 impertit,
1550 2847 1577 2898 iu
1595 2853 1651 2896 ortu

292 2925 394 2990 origiue
413 2929 464 2981 eet,
483 2922 521 2972 rel
540 2923 617 2973 etiarn
634 2922 730 2978 nullut.
750 2923 776 2970 in
794 2921 930 2972 meridiano
949 2921 1084 2990 maximoe,
1112 2922 1151 2969 ita
1167 2926 1197 2967 ut
1214 2919 1262 2965 situ
1280 2919 1388 2968 canetur
1405 2918 1474 2969 calor
1492 2916 1564 2968 Solia
1602 2916 1653 2965 Cur

292 3011 341 3045 nou
360 2995 448 3046 eadem
465 2993 561 3044 ratione
586 2994 685 3043 occulta
709 2993 766 3044 talia
785 2993 821 3043 rie
840 2991 966 3040 animandi
991 2999 1017 3041 et
1034 2990 1168 3056 vegetandi
1192 2988 1320 3038 humidum
1338 2991 1405 3039 citae
1422 2988 1531 3037 radicale
1550 2987 1650 3036 diversi·

292 3066 363 3117 mode
382 3081 409 3116 oe
428 3065 520 3115 habere
538 3066 615 3127 poenit
638 3060 785 3127 (Keplerusz
818 3063 884 3123 Quia
903 3062 968 3111 aliae
987 3062 1056 3127 leger
1074 3058 1168 3123 holon),
1187 3074 1234 3108 neo
1253 3054 1383 3109 tamenin
1401 3060 1439 3109 ιιι
1458 3060 1569 3108 omnibns
1588 3058 1652 3108 adeo

294 3138 326 3186 ad
345 3143 480 3186 caucanet
499 3136 609 3184 mhonee
627 3135 754 3184 naturales
771 3133 952 3197 respiciendum
971 3147 1026 3182 ecee
1043 3139 1119 3197 puto,
1147 3138 1189 3188 nt,
1207 3144 1272 3195 quae
1290 3140 1389 3194 macter
1406 3136 1522 3180 nutrirem
1548 3141 1579 3178 eu
1597 3129 1652 3178 eoln'

234 3229 237 3233 ·
293 3208 378 3257 dirim
394 3207 552 3256 ordinnione
568 3207 609 3255 ita
623 3207 763 3255 murdtnta
777 3213 845 3261 enat,
863 3218 906 3268 pro
924 3203 993 3254 falsie
1011 3204 1103 3254 habere
1120 3201 1243 3252 velimuaf
1280 3202 1341 3264 (K.:
1360 3203 1449 3262 Proba,
1468 3202 1582 3252 divium
1596 3215 1653 3252 eata

294 3278 503 3335 oomntotionem,
523 3282 550 3326 et
567 3291 610 3339 pro
629 3276 691 3325 falso
710 3291 762 3325 non
777 3274 897 3335 netem.)
997 3295 1000 3302 s

363 3347 433 3398 Dens
458 3348 599 3411 apheticam
621 3347 670 3395 nim
695 3347 816 3396 divemam
839 3347 999 3398 luminaribuo
1025 3346 1152 3404 attribuit,
1177 3353 1206 3395 ut
1228 3345 1255 3393 in
1278 3344 1324 3394 hoc
1347 3344 1401 3395 loco
1425 3344 1541 3394 thematis
1563 3345 1653 3397 minue,

292 3421 317 3470 in
342 3420 390 3469 alio
413 3421 505 3484 magia,
534 3419 560 3467 in
584 3419 658 3467 tertio
682 3417 743 3467 nihil
769 3417 925 3482 significent3
955 3427 1016 3465 nam
1042 3418 1108 3466 bonu
1133 3423 1159 3466 et
1180 3416 1250 3465 mala
1277 3415 1438 3465 diversimode
1466 3415 1601 3478 dispensat,
1628 3419 1654 3463 et

293 3505 350 3541 cnm
376 3505 420 3554 per
446 3492 519 3555 rigna
544 3490 638 3539 rmum
664 3488 731 3539 hanc
758 3489 968 3552 hrpomenonem
990 3487 1153 3552 praefigurat,
1184 3501 1234 3537 nen
1260 3488 1286 3536 in
1313 3487 1401 3552 nigrae,
1430 3487 1476 3536 aed
1502 3488 1528 3534 in
1553 3486 1653 3535 ordina·

293 3564 361 3612 tione
378 3562 428 3612 Del
447 3575 543 3612 neuma
558 3562 631 3622 hulur
650 3559 801 3611 diremitatie
818 3560 980 3625 inquirendae
999 3556 1078 3608 eruat.
1117 3559 1192 3622 Lapis
1213 3572 1261 3610 oua
1278 3564 1370 3608 natm
1392 3573 1442 3609 unu
1461 3563 1500 3608 est
1516 3557 1589 3606 linae
1606 3571 1654 3622 queo

293 3635 392 3699 tignum
409 3636 477 3695 riae,
495 3633 535 3683 rel
552 3631 620 3682 aliud
639 3632 815 3682 adminiculum
832 3631 891 3682 huic
910 3631 948 3680 vel
966 3631 1000 3678 illi
1020 3631 1056 3679 rei
1074 3630 1300 3685 accommodatum,
1323 3630 1368 3679 sed
1386 3645 1417 3679 ex
1434 3629 1590 3678 ordinatione
1609 3628 1651 3677 ho·

292 3710 386 3755 minum
405 3707 428 3754 ei
446 3704 526 3754 officio
545 3704 690 3769 delegatur,
717 3711 746 3752 nt
767 3703 840 3752 modo
863 3704 896 3750 sit
919 3703 988 3750 limes
1014 3715 1145 3766 agromm,
1175 3701 1247 3751 mode
1267 3701 1393 3766 angularia
1411 3700 1474 3767 lapis
1492 3701 1518 3748 in
1533 3699 1653 3768 aedilicio

293 3776 389 3840 aliquo,
416 3775 488 3825 modo
508 3776 606 3840 signum
631 3776 686 3824 riae
704 3775 743 3824 rel
761 3773 963 3836 impedimentum
982 3775 1051 3835 elue,
1080 3772 1152 3821 morlo
1170 3787 1214 3835 per
1231 3776 1345 3834 rejacet
1364 3772 1461 3836 absquo
1480 3773 1546 3820 omni
1564 3769 1653 3820 officio:

294 3845 404 3895 Stultum
422 3846 463 3895 hic
482 3853 563 3902 emet,
591 3846 617 3895 iu
640 3847 693 3909 ipso
715 3845 798 3908 lapide
821 3858 939 3908 quaerere
958 3846 1095 3898 rationem,
1124 3857 1168 3892 cnr
1185 3843 1308 3892 interdum
1332 3842 1402 3893 limen
1421 3851 1501 3903 esset,
1530 3842 1654 3891 tomeun

295 3916 374 3974 nihilr
392 3917 439 3966 aed
453 3918 481 3966 in
497 3916 605 3966 hominia
622 3917 777 3966 ordinatione
795 3914 877 3965 latent
893 3914 981 3964 horum
999 3916 1118 3965 rationes.
1154 3914 1303 3978 (Keplemet
1332 3913 1445 3974 Summa,
1461 3923 1491 3963 nt
1507 3913 1570 3976 lapis
1589 3913 1652 3962 ordi·

294 3989 396 4037 natione
414 3986 540 4037 hominum
557 3987 682 4036 interdurn
699 4001 729 4036 ex
746 3986 824 4035 limite
842 3986 871 4034 ιι
883 3985 1094 4049 impedimentum,
1113 3987 1150 4035 ita
1162 3984 1205 4035 Sol
1224 3985 1421 4036 exordinatione
1434 3986 1518 4036 dirim
1529 3984 1655 4036 interdum

294 4072 326 4108 ex
342 4059 409 4109 ritae
427 4058 514 4108 dature
531 4055 714 4123 θανασιμος.)
751 4056 792 4108 Sic
820 4057 887 4120 qnod
905 4056 946 4106 Sol
964 4058 991 4106 in
1008 4056 1066 4106 XII.
1086 4053 1183 4118 (domo)
1210 4072 1253 4120 pro
1271 4058 1324 4105 rita
1350 4058 1466 4121 exiguam
1491 4065 1537 4106 aut
1560 4055 1655 4105 unllam

294 4129 502 4195 damnationem
518 4129 610 4187 habet,
622 4130 648 4178 in
667 4129 688 4178 l.
708 4135 735 4178 et
751 4127 787 4178 Xe*
800 4141 931 4192 magnam,
949 4130 974 4178 io
988 4127 1059 4176 vtll.
1079 4129 1155 4178 aliem
1173 4142 1248 4192 quam
1259 4128 1286 4177 in
1300 4126 1359 4188 VII,
1379 4141 1462 4178 cenea
1473 4127 1562 4178 horum
1578 4134 1653 4176 near·

293 4202 352 4251 ralia
371 4201 440 4250 nulla
458 4206 496 4250 eat
513 4202 539 4249 in
559 4201 624 4260 Sole,
645 4201 690 4250 aad
707 4201 734 4249 iu
746 4199 796 4250 Dei
813 4199 970 4249 ordinatione
989 4199 1138 4262 (Keplerust
1156 4198 1218 4248 Inde
1231 4198 1363 4248 absurdum
1375 4196 1542 4263 probandum)
1565 4225 1596 4235 ·-
1613 4212 1654 4246 ue·

293 4271 372 4322 latim
395 4273 462 4336 enim
485 4272 559 4336 rigna
576 4279 635 4324 aunt
651 4271 734 4322 nidera
753 4271 845 4335 -qui
868 4270 917 4320 hae
944 4270 1086 4321 diremitate
1109 4270 1241 4320 arbitraria
1258 4271 1324 4319 bona
1341 4272 1408 4319 varie
1427 4270 1571 4333 damnent.
1597 4284 1653 4320 cum

295 4358 345 4392 non
363 4345 436 4392 onina
457 4342 523 4392 modi
541 4344 592 4392 aiut
609 4342 736 4400 homines,
767 4356 813 4390 nec
837 4356 886 4390 uno
906 4341 979 4391 modo
998 4348 1077 4407 agant
1097 4342 1257 4398 nutricant,
1284 4346 1309 4390 et
1326 4342 1452 4390 actionem
1471 4341 1589 4390 astralanr
1615 4339 1652 4389 rel
1695 4377 1700 4382 .

294 4415 501 4479 significationem
520 4421 564 4463 aut
582 4414 736 4478 suspendunt
754 4420 798 4462 aut
811 4419 935 4461 exserunt.
973 4409 1121 4475 (Keplernet
1141 4411 1167 4461 Si
1185 4411 1248 4462 haec
1261 4411 1309 4460 Dei
1328 4412 1441 4461 voluntas
1453 4413 1527 4461 nullia
1540 4421 1579 4461 ert
1591 4412 1653 4476 legl-

293 4485 339 4534 bue
357 4485 471 4550 alligata,
488 4486 576 4616 nepuit
591 4485 663 4543 ιιιιις
682 4485 704 4534 el
723 4490 763 4535 ιιι
779 4483 892 4548 alligata,
908 4486 962 4546 jam
980 4485 1050 4534 facta
1068 4489 1107 4533 eet
1124 4496 1183 4547 para
1200 4489 1322 4540 pamiae,
1342 4484 1497 4548 accipiatque
1514 4483 1602 4534 medea
1621 4483 1654 4534 ad

293 4555 369 4606 linem
386 4557 513 4606 ducamen.
1561 4569 1563 4572 ·

367 4626 438 4688 Quod
457 4628 584 4690 etlipaium
603 4625 707 4677 effectus
725 4639 769 4690 per
788 4626 966 4690 experientiam
984 4625 1044 4676 maii
1062 4625 1293 4691 deprehendantur,
1321 4640 1372 4674 nou
1389 4639 1420 4674 ex
1438 4633 1530 4674 natura
1547 4624 1653 4681 illarum,

296 4696 341 4746 ned
360 4712 390 4748 ex
407 4697 456 4747 Dei
475 4696 630 4748 ordinatione
649 4712 711 4756 erse,
731 4698 785 4762 quie
804 4711 853 4746 non
872 4694 960 4746 videti
997 4694 1058 4759 (Kt
1077 4697 1132 4763 Ego
1145 4711 1241 4761 quoque
1254 4692 1334 4755 olim.)
1370 4694 1445 4753 Nam,
1465 4710 1539 4760 quam
1557 4695 1653 4759 physici

297 4767 405 4817 afferunt
422 4779 534 4824 cannam,
552 4768 663 4818 invalida
676 4773 726 4825 eati
746 4767 809 4818 alias
825 4770 852 4816 in
875 4764 1004 4834 qnaried
1024 4768 1105 4827 Luna,
1124 4768 1245 4817 destituta
1256 4767 1348 4816 lumine
1361 4765 1433 4824 Solia,
1451 4766 1566 4816 annom
1578 4769 1654 4816 etiam

296 4837 443 4890 deetltueret
460 4846 486 4889 et
503 4840 597 4889 malum
614 4839 724 4889 inferret.
765 4839 835 4889 idem
853 4839 885 4890 de
908 4839 1008 4905 reliquls
1027 4840 1136 4904 planede
1161 4839 1319 4890 cenandum
1343 4844 1411 4904 puto·
1447 4838 1523 4889 Aliud
1539 4836 1611 4889 Earn
1627 4840 1656 4889 ιι
