3609 5634
287 355 351 421 338
708 355 807 404 Literae
827 355 929 419 Kepleri
947 355 1097 419 aliorumque
1116 361 1218 404 mutuae

287 516 339 566 dies
358 511 409 564 365
430 513 573 576 dispartitur
592 521 617 562 et
634 512 744 562 latenter
760 527 787 562 se
805 514 938 563 immiscet.
976 513 1041 563 Puto
1060 514 1227 564 utrcuomica
1243 510 1409 563 fundamenta
1426 512 1473 563 hoc
1491 528 1543 563 uon
1556 514 1668 588 admit‘

285 595 348 637 tere.
385 585 462 648 cupio
481 592 551 633 tuum
566 585 685 647 judiciam
704 585 798 652 audire.

375 657 582 736 Keplerus:
626 657 659 718 lu
684 656 860 735 quaestione
885 655 922 716 de
945 656 1060 718 amissa
1092 655 1139 715 die
1171 674 1261 716 vocas
1290 675 1337 716 me
1359 654 1529 734 promiscue
1554 655 1652 717 etiam

288 747 324 808 ad
348 746 468 807 calceos
492 746 705 823 extergendos,
739 745 823 823 prins
852 764 899 804 rue
927 744 1043 823 poculis
1072 745 1263 806 adhibueras.
1310 741 1391 815 Quid
1420 744 1474 805 tibi
1499 745 1547 804 bic
1571 741 1652 823 opus

264 844 336 896 vest
358 854 425 895 mea
447 832 650 914 responsione,
678 834 706 895 in
731 853 772 907 re,
799 851 889 912 quam
913 834 976 912 ipse
1000 833 1115 894 calles?
1153 834 1373 913 Navigationes
1396 833 1464 894 illas
1488 851 1548 894 nou
1571 833 1650 912 legi;

288 924 377 988 tniror
401 923 512 983 nullam
537 922 629 983 talem
653 922 844 985 mentionem.
882 921 990 984 Nonne
1015 922 1043 983 iu
1058 921 1137 983 Asia
1160 921 1214 985 Sol
1238 922 1328 984 citius
1351 922 1446 984 oritur
1469 931 1502 982 et
1526 921 1649 995 occidit,

567 1010 581 1051 9

288 1012 717 1158 qualiaisiiiiinngsduaentur,
737 1111 770 1148 an
788 1097 894 1161 physica
912 1111 991 1147 causa
1008 1098 1078 1148 reddi
1095 1099 1193 1162 possit,
1211 1098 1276 1162 quod
1294 1097 1451 1147 maclarum
1471 1097 1580 1147 neom
1600 1098 1650 1146 xir-

288 1171 437 1237 guiaamca
466 1166 640 1229 (Haseiruthe)
669 1171 721 1218 auri
741 1170 779 1219 rel
808 1170 907 1234 argenti
924 1171 1032 1243 minerap
1051 1167 1197 1233 explorent?
1233 1169 1287 1233 Ego
1306 1168 1507 1218 exdiabolilusu
1525 1176 1651 1232 essuper-
1752 1175 1761 1187 “

288 1243 389 1291 sunone
407 1241 532 1289 bominum
561 1240 586 1288 id
604 1241 661 1287 oriri
679 1247 747 1302 puto.
785 1239 826 1288 Sic
846 1240 911 1303 quod
930 1254 1007 1304 sagae
1036 1247 1170 1292 accusatae
1197 1255 1242 1304 per
1260 1254 1352 1304 aquam
1380 1240 1550 1302 explorantem
1581 1239 1653 1288 nulla

288 1314 394 1376 physica
412 1325 491 1360 causa
508 1312 563 1360 dari
581 1317 670 1375 potest.
709 1311 751 1361 Sic
769 1311 819 1359 vidi
837 1312 899 1358 meis
919 1311 996 1360 oculis
1016 1309 1091 1375 (quod
1111 1312 1172 1361 alias
1191 1326 1241 1361 nou
1260 1309 1429 1371 credidissem)
1448 1311 1513 1375 quod
1531 1309 1649 1360 Noriber-

288 1386 373 1449 gensis
392 1383 492 1447 quidam
510 1382 550 1432 hic
568 1388 722 1444 permotum
742 1383 813 1431 cribri
832 1381 967 1444 exploravit
984 1383 1070 1431 iurem.

376 1455 573 1532 Keplerns:
615 1453 774 1532 Virgulam
797 1462 881 1514 tuam
905 1453 1036 1515 divinam
1061 1463 1092 1514 et
1105 1453 1289 1533 praestigias
1313 1452 1367 1514 tibi
1384 1453 1513 1525 babeas;
1537 1471 1647 1513 assen-

261 1548 263 1551 ’
289 1543 348 1606 tior
376 1545 477 1623 plane.
523 1542 623 1603 Multa
650 1542 679 1603 in
710 1551 820 1603 natura
848 1541 965 1621 quidem
995 1542 1127 1616 occulta,
1166 1542 1229 1603 tale
1254 1561 1324 1602 reru
1356 1542 1427 1602 nihil
1457 1541 1486 1601 in
1510 1549 1649 1621 apertum

290 1632 452 1712 prolatum,
478 1631 556 1711 quod
580 1630 717 1691 naturaie
742 1630 799 1691 sit:
823 1631 1001 1709 praesertim
1026 1630 1095 1711 quia
1119 1631 1148 1690 vi
1171 1630 1328 1691 verberum
1353 1630 1520 1698 efficiuntur
1543 1631 1613 1690 ista.

359 1738 553 1787 Fabricius·
585 1735 643 1796 Qua
660 1739 757 1786 ratione
774 1735 896 1786 radicalia
918 1737 991 1801 signa
1014 1737 1109 1785 urbium
1132 1743 1158 1785 et
1180 1738 1309 1800 regionum
1328 1727 1502 1799 inquiruntur?
1539 1733 1648 1783 Dubium

288 1822 338 1859 non
357 1814 405 1865 est,
426 1811 498 1873 signa
517 1815 543 1858 et
560 1808 642 1858 sidera
659 1809 781 1871 respicere
800 1806 895 1871 aliquas
914 1809 1028 1872 regiones
1045 1809 1133 1870 majori
1151 1809 1246 1856 virtum
1265 1808 1366 1861 influxu,
1385 1820 1459 1870 quarn
1476 1805 1550 1855 stiae

378 1879 579 1959 Keplerus:
622 1878 718 1958 Signa
741 1877 862 1941 urbibus
886 1881 1007 1959 propria
1030 1898 1124 1958 neg03
1155 1898 1232 1957 quae
1256 1888 1327 1939 sunt
1349 1876 1489 1950 urbibus,
1513 1883 1587 1939 sunt
1608 1876 1646 1938 ob
1671 1959 1678 1972 .

290 1987 378 2048 reges
402 1977 435 2029 et
456 1969 568 2029 multos
592 1967 746 2045 primates,
772 1986 874 2043 regum
888 1967 1022 2044 ‚amicos
1049 1969 1076 2025 in
1101 1985 1159 2027 uuo
1184 1966 1284 2045 aliquo
1308 1966 1544 2027 consentientes.

361 2055 547 2105 Fabricius:
578 2053 651 2103 Unde
670 2053 747 2104 habes
765 2055 869 2118 genesin
889 2052 941 2119 Sig.
960 2053 1082 2103 Barbari?

376 2127 577 2205 Kepierus:
600 2119 729 2186 Bathori
743 2126 867 2203 genesin
882 2125 954 2187 mihi
965 2124 1151 2204 Capitaueus
1166 2124 1287 2205 Styriae
1302 2125 1547 2199 Herbessteuius,
1563 2125 1643 2203 jussu

288 2214 416 2277 illustris
440 2232 586 2293 personae
616 2215 685 2284 (aut
707 2211 813 2275 matris
838 2213 1030 2275 archiducem
1053 2222 1107 2275 aut
1131 2213 1307 2292 repudiatae
1330 2212 1488 2293 principis)
1518 2212 1643 2274 tradidit

286 2303 527 2366 examinandam.
545 2333 584 2345 -
605 2301 664 2363 Pro
680 2302 891 2363 observatione
916 2300 969 2366 29.
984 2303 1053 2364 Jau.
1072 2300 1167 2364 ¹603.
1185 2299 1229 2380 (r.
1250 2322 1275 2363 s.
1292 2321 1320 2381 p.
1338 2298 1417 2374 323)
1437 2301 1556 2380 gratias
1575 2318 1640 2379 ago.

357 2407 621 2458 satrianensem
640 2402 677 2471 [a.
696 2408 720 2456 a.
737 2405 769 2457 ιι
791 2404 859 2468 (aa.)
872 2407 948 2458 usn.
970 2401 1060 2471 scoot
1081 2423 1095 2458 ι
1114 2407 1201 2472 quibu·
1219 2395 1349 2472 nquam
1368 2407 1539 2464 remanes
1557 2407 1641 2457 mun

286 2480 326 2532 dle
345 2480 408 2531 alies
426 2479 536 2538 addidit,
556 2486 582 2528 et
593 2481 660 2541 ipsae
679 2479 863 2543 quaestionibus
881 2481 1000 2534 refertas,
1020 2480 1053 2529 ad
1071 2493 1133 2543 quas
1151 2478 1276 2542 KepIerus
1293 2479 1331 2527 bis
1349 2485 1446 2528 tanturn
1464 2481 1642 2542 interrumpens

285 2553 436 2602 oudonem:
458 2550 506 2608 „ad
524 2550 580 2599 illas
600 2548 641 2598 lt.
661 2549 746 2599 Martii
765 2551 894 2615 geminas“
915 2550 1040 2614 respondit
1057 2552 1083 2598 iu
1102 2550 1189 2599 iisdem
1207 2550 1284 2599 literis
1302 2550 1326 2599 d.
1346 2549 1369 2599 d.
1391 2546 1415 2597 l.
1434 2549 1501 2599 tulii.

357 2622 541 2671 Fabricius:
573 2620 657 2669 Habes
676 2621 717 2670 bic
736 2624 893 2685 quaestiones
906 2621 1038 2671 nonnullas
1052 2622 1123 2677 alias,
1141 2622 1166 2669 in
1179 2621 1297 2683 prioribus
1311 2622 1426 2670 omissas:
1447 2620 1514 2681 Quid
1526 2621 1557 2670 de
1576 2635 1640 2685 geo-

285 2693 410 2742 mantia
425 2690 542 2754 judicas?

373 2764 573 2842 Keplerus:
617 2761 692 2823 Cum
717 2762 889 2841 geomantia
914 2765 1030 2823 lacesse
1059 2763 1097 2823 ad
1121 2763 1269 2841 virgulam
1297 2762 1445 2836 diviuam;
1474 2762 1546 2823 nibil
1573 2760 1638 2840 legi,

285 2852 342 2914 nisi
367 2870 442 2932 quae
466 2851 496 2913 J.
522 2851 641 2912 Fortius
664 2849 897 2930 Riugelbergius
922 2851 1079 2913 furibundo
1103 2843 1221 2911 calamo
1245 2851 1391 2912 exaravit

354 2957 537 3008 Fabricius:
565 2955 606 3007 Dc
624 2955 776 3021 quadratura
794 2958 877 3008 circuli
895 2958 983 3007 dubius
1001 2972 1064 3016 sum,
1084 2957 1143 3022 quid
1160 2959 1274 3006 utilitatis
1293 2956 1369 3007 iudei
1408 3003 1411 3008 .

373 3029 577 3108 Keplerus:
615 3029 735 3090 Nesciri
758 3048 826 3090 eam
848 3029 1034 3104 necessario,
1069 3037 1190 3108 repetes
1214 3048 1251 3089 ex
1274 3030 1423 3108 prioribus
1448 3028 1562 3101 literis,
1593 3028 1639 3089 ubi
1741 3095 1744 3100 ,

283 3119 539 3198 comparationem
574 3118 655 3178 iuter
686 3118 850 3180 rationalia
883 3128 915 3180 et
936 3119 1127 3180 irrationalia
1153 3120 1272 3180 cossica
1296 3128 1328 3179 et
1350 3117 1494 3179 circulum
1517 3115 1638 3179 institui.

285 3207 409 3269 Nullum
432 3225 519 3267 nsum
540 3205 641 3268 video.
1434 3208 1437 3212 ’

356 3311 543 3361 Fabricius:
568 3309 702 3360 Rationem
720 3312 914 3362 directionis
932 3315 958 3361 in
976 3311 1050 3361 Luna
1067 3313 1142 3362 latius
1161 3313 1311 3377 explicatam
1330 3311 1411 3361 selim,

373 3384 575 3461 Keplerns:
610 3382 644 3444 Si
659 3384 746 3444 Luna
769 3394 887 3444 careret
910 3385 1031 3465 proprio
1055 3393 1147 3459 motu,
1171 3392 1344 3446 moveretur
1356 3395 1457 3445 tamen
1482 3400 1577 3461 aeque
1591 3399 1638 3443 ce·

287 3472 391 3534 leriter
414 3471 488 3547 Soli,
514 3489 687 3553 quocunque
711 3472 777 3533 ioco
801 3472 843 3532 sit
866 3473 928 3533 sita
950 3474 1124 3554 quiescens:
1150 3473 1220 3553 quia
1243 3473 1309 3551 ejus
1333 3472 1415 3534 orbis
1439 3471 1640 3533 circumfertur

271 3576 306 3622 ‘a
328 3562 438 3633 Terra,
477 3560 562 3641 cnjus
592 3569 691 3624 motus
715 3560 797 3623 Solis
821 3570 935 3624 motum
958 3572 1178 3643 repraesentat.
1225 3563 1295 3624 Jaru
1319 3562 1401 3636 dico,
1431 3579 1508 3641 quae
1532 3559 1639 3620 Terrae

286 3659 408 3711 nostrae
423 3650 530 3710 matris
545 3659 628 3711 rnotu
643 3660 830 3726 moveantur,
855 3651 1034 3731 significare,
1059 3652 1183 3731 reliqua,
1210 3645 1286 3731 quae
1300 3649 1431 3730 proprio,
1456 3650 1638 3729 promittere.

291 3739 376 3800 Luna
398 3747 524 3818 utroque
549 3740 756 3813 communicat,
782 3739 933 3818 significat
956 3740 1049 3821 igitur
1072 3750 1105 3802 et
1121 3741 1281 3820 promittit
1320 3738 1528 3819 significatrix
1542 3738 1637 3817 igitur,

287 3836 319 3888 ut
347 3835 412 3900 est,
447 3827 604 3905 dirigenda
632 3829 828 3903 omnino,‚et
849 3829 878 3890 id
903 3839 984 3891 motu
1010 3828 1110 3903 Solis,
1135 3838 1200 3890 tam
1223 3828 1332 3890 celeris
1356 3838 1404 3891 est
1427 3829 1495 3906 ejus
1519 3827 1639 3888 directio

288 3933 375 3994 quam
400 3913 479 3976 Solis
509 3924 540 3977 et
572 3917 601 3977 in
630 3917 773 3997 ecliptica
801 3926 834 3979 nt
864 3918 925 3980 ille.
972 3916 1005 3979 Si
1036 3918 1107 3998 quid
1135 3919 1217 3981 alind
1242 3917 1364 3998 scripsi,
1398 3916 1477 3998 quod
1501 3915 1640 3996 explicari

286 4003 379 4083 cupis,
405 4003 435 4064 id
459 4003 581 4066 excidit.

356 4092 540 4141 Fabricius:
567 4093 644 4157 Cupio
663 4095 735 4151 scire,
756 4094 814 4158 qnid
833 4100 860 4143 tn
873 4094 905 4143 de
917 4096 1020 4158 spectris
1033 4097 1168 4153 nocturnis,
1188 4105 1368 4160 campanarum
1380 4094 1499 4158 pulsibus,
1518 4094 1649 4143 nocturnis·

203 4151 205 4156 ⁸
286 4165 407 4227 exsequiis
423 4163 537 4226 judices?

375 4236 580 4316 Keplerus:
619 4236 705 4296 Haec
737 4238 775 4297 ad
809 4238 1015 4316 geomantiam
1048 4246 1079 4298 et
1112 4237 1259 4317 virgulam
1293 4237 1433 4302 divinam.
1481 4205 1639 4298 Genioiunr

182 4371 187 4382 .,
287 4343 362 4403 opus
386 4332 456 4385 sunt
478 4324 532 4386 illa
554 4332 705 4403 portenta,
731 4325 859 4405 siquod
883 4328 1022 4388 naturale
1047 4326 1115 4399 (seu
1140 4329 1239 4408 quasi)
1265 4346 1339 4409 opus
1364 4337 1442 4389 suist.
1487 4324 1639 4388 Erercebo

287 4423 388 4474 tamen
412 4422 444 4476 te
467 4412 610 4474 vicissim.
651 4412 732 4475 Fieri
757 4415 938 4477 monitiones
961 4434 1014 4494 per
1040 4415 1166 4489 somnia,
1191 4417 1295 4496 negari
1310 4416 1422 4496 nequit.
1462 4415 1507 4477 At
1529 4416 1639 4477 somnia

288 4503 389 4580 liguris
414 4511 447 4563 et
468 4501 564 4580 tropis
588 4510 732 4563 constant
755 4504 913 4565 oratoriis:
938 4523 1086 4584 quaenam
1109 4505 1184 4567 haec
1208 4516 1317 4568 natura
1341 4512 1404 4578 est,
1428 4523 1505 4584 quae
1528 4505 1635 4566 verita·

289 4598 352 4652 tem
376 4592 490 4653 tutelae
513 4610 606 4653 causa
629 4591 775 4667 insinuat,
808 4612 866 4654 nou
891 4594 1005 4655 directe
1030 4595 1186 4673 proponit,
1213 4597 1268 4656 sed
1291 4614 1345 4673 per
1368 4594 1533 4673 ambages?
1578 4593 1639 4655 Huc

288 4679 368 4741 euim
391 4680 513 4741 tandem
536 4680 644 4742 recidit
671 4690 704 4743 et
734 4691 802 4744 tuus
826 4701 990 4761 campanae
1013 4684 1127 4762 pulsus.
1173 4684 1345 4746 Mirabilern
1378 4692 1530 4758 naturam,
1569 4703 1638 4765 quae
1665 4684 1673 4687 ”

289 4765 381 4828 aliter-
401 4768 556 4830 nobiscnm
579 4770 729 4850 colloquia
752 4773 869 4849 agitare
894 4781 926 4832 et
949 4773 1128 4834 commercia
1151 4793 1210 4834 uon
1232 4782 1346 4854 potest,
1373 4772 1431 4836 nisi
1455 4774 1568 4835 talibus
1586 4793 1636 4834 nu·

289 4855 386 4917 tibus!
430 4856 474 4919 Et
500 4858 550 4939 qni
577 4859 626 4934 iit,
659 4867 694 4920 ut
721 4860 776 4921 bos
805 4867 893 4921 nutus
924 4861 1044 4923 edant?¹
1081 4859 1144 4924 Gur
1172 4880 1230 4923 uon
1256 4864 1363 4925 eadem
1386 4881 1478 4944 opera
1502 4881 1591 4925 veros
1610 4873 1639 4924 ct
