3609 5634
772 347 936 400 smmum
1490 346 1530 413 21

159 520 242 568 pare.
284 507 341 572 lpse
358 502 438 564 enini,
456 507 521 558 siout
537 510 568 558 iu
582 508 732 560 Tabularum
748 508 938 563 Pruteninarum
955 511 1109 576 praefatione
1126 514 1288 573 protestatur,
1314 514 1341 558 et
1358 522 1443 559 auum
1460 510 1533 559 tabu-

159 577 259 629 larum
285 582 380 630 numeri
405 585 570 639 attestantur,
597 581 778 632 obsecrationes
804 588 829 632 et
851 583 1074 634 demonstrationes
1099 582 1115 630 t
1138 580 1271 645 Copernico
1294 581 1431 644 propositae
1456 581 1534 630 multo

160 653 291 701 uacuus
310 652 507 713 stercoratus,
533 666 607 716 quam
625 653 676 716 ipse
695 652 857 716 Copernicns,
881 655 1010 712 discussit,
1034 654 1089 704 ideo
1107 667 1236 709 numeros,
1261 652 1347 716 quibus
1365 650 1533 703 Rheinholdua

158 722 263 772 mundi
281 722 399 787 sphaeras
417 723 541 774 mensus
560 730 613 780 est,
638 730 664 774 et
687 739 717 774 ex
735 724 821 788 quibus
839 725 896 776 illas
913 741 986 788 suas,
1011 726 1156 775 Proteuicas
1180 724 1275 779 dcem,
1300 722 1399 773 tabulas
1417 723 1532 782 conferit,

156 798 298 856 tauquam
320 795 478 858 mutieres
500 795 637 859 sequendos
654 797 773 846 omnmo.
809 795 953 862 optandum
971 805 1054 848 autem
1073 804 1147 853 esset
1164 795 1313 847 Rheiuholdi
1331 796 1533 845 commentarium
1563 844 1567 849 ,

158 864 191 914 lu
214 865 354 930 Coperniei
370 867 458 926 libros,
486 867 525 916 rel
541 868 622 931 potius
640 869 665 916 in
683 881 741 917 suas
759 867 906 919 Pruteuioas
924 869 1047 927 Tabulas,
1071 868 1200 932 aliquoties
1219 869 1251 917 ab
1268 869 1320 931 ipso
1339 867 1483 930 promissum
1507 868 1533 916 in

158 944 276 1000 promtu
294 952 357 996 esse,
377 952 408 987 ex
426 952 454 988 eo
474 940 539 988 enim
557 952 607 987 non
624 944 722 989 tanturn
741 939 905 990 dimensiones
923 941 969 991 has
987 941 1124 991 describere
1142 954 1283 1004 possemus,
1303 937 1347 987 sed
1365 939 1441 988 etiam
1458 938 1532 1002 pluri·

157 1009 216 1057 mia
241 1009 399 1059 adminiculis
417 1010 472 1074 ipsa
490 1011 655 1066 astronomia,
681 1025 724 1074 pro
743 1011 891 1070 defectibus,
918 1012 1004 1076 quibus
1022 1012 1103 1062 adhue
1121 1011 1233 1068 laborat,
1252 1010 1349 1060 facilius
1366 1010 1533 1065 restituendis,

158 1094 329 1146 magnopere
346 1080 503 1131 hauddubie
523 1080 687 1143 adjuvaretur.
722 1081 789 1142 Quia
807 1090 891 1133 autem
908 1085 1038 1148 inopinata
1056 1089 1081 1133 et
1099 1085 1231 1132 immatura
1247 1082 1292 1131 riri
1309 1087 1388 1131 morte
1410 1088 1464 1131 tam
1485 1082 1532 1131 hoo

158 1166 252 1215 mam
272 1152 324 1202 alia
340 1152 469 1202 utilissima
486 1166 563 1216 opera
578 1153 717 1217 interrupta
735 1154 840 1216 fuerunt,
860 1154 940 1205 altera
952 1171 1017 1220 quae
1028 1161 1108 1206 restat
1124 1155 1165 1203 via
1182 1153 1305 1204 tentanda
1322 1158 1369 1211 est,
1387 1167 1438 1217 qua
1454 1161 1530 1203 retro-

159 1223 258 1288 grada
271 1224 387 1274 methodo
403 1238 420 1274 a
435 1223 485 1275 line
503 1223 536 1274 ad
553 1225 650 1273 initium
667 1226 805 1276 recurritur.
832 1224 937 1277 Numeri
953 1229 1028 1292 igitur
1046 1229 1072 1276 iu
1084 1226 1175 1276 tabuiis
1191 1227 1267 1290 ipsius
1283 1225 1368 1288 scripti
1386 1223 1531 1281 resolvendi,

159 1300 191 1344 at
219 1309 256 1346 ex
282 1296 318 1346 eis
339 1294 390 1351 illi,
416 1310 475 1359 quoe
493 1294 663 1346 Rheiuholdus
686 1295 797 1360 diligenti
821 1298 1018 1349 observationum
1043 1305 1069 1349 et
1093 1297 1328 1348 demonstrationum
1351 1296 1463 1346 examine
1488 1311 1531 1360 pro

159 1366 313 1417 condendis
336 1366 383 1415 illis
405 1367 463 1431 ipsis
488 1367 578 1416 tabulis
600 1368 708 1423 invenit,
734 1369 835 1419 eruendi
853 1376 932 1419 erunt.
970 1369 1046 1435 Spero
1065 1376 1149 1419 antem
1166 1371 1216 1419 ista
1234 1366 1378 1419 mmuaudo
1403 1367 1460 1417 huic
1484 1367 1532 1418 hoo

157 1436 234 1487 libro
253 1438 346 1488 madito
365 1436 397 1486 1).
416 1437 518 1502 Kepleri
535 1440 634 1488 invento
652 1454 701 1488 uon
719 1454 806 1503 parum
824 1441 1011 1491 commodatura
1028 1439 1107 1491 eme-‘⁴

247 1508 359 1564 Numeri,
378 1524 438 1574 quos
450 1509 597 1561 Maestlinus
608 1511 634 1559 iu
646 1511 733 1560 tabula
743 1526 791 1562 sua
801 1511 929 1569 retulerat,
941 1512 1050 1577 Keplero
1061 1514 1142 1563 minus
1154 1517 1272 1562 meante
1283 1510 1397 1563 mbducti
1409 1510 1530 1570 ridentur,

161 1586 194 1629 et
214 1580 264 1632 illa
281 1595 298 1632 a
315 1580 451 1646 Keplero
469 1585 555 1634 erroris
573 1583 725 1633 sonnonem
741 1583 780 1633 hia
797 1584 887 1634 limris:

267 1739 441 1805 Clarissima
457 1740 575 1803 domine
589 1749 785 1824 praeceptor:
809 1743 950 1806 Mercurii
970 1743 1179 1823 importunitas
1199 1751 1231 1805 et
1253 1742 1423 1824 petulantia
1446 1742 1529 1819 facit,

163 1841 206 1895 ut
239 1851 301 1894 non
332 1830 460 1913 possim,
493 1831 627 1912 quamvis
658 1852 697 1894 ex
722 1833 882 1896 intervallo
912 1834 1043 1895 locorum
1072 1853 1129 1895 non
1157 1833 1343 1912 importunus
1373 1852 1442 1897 esse
1471 1833 1532 1896 tuis

164 1921 432 2001 occupationibus.
478 1921 562 1983 Dicis
585 1922 615 1984 in
639 1922 744 1985 tabula
765 1922 896 2001 ἁφηλιων
920 1930 952 1985 et
979 1922 1138 2002 duoyamr,
1167 1922 1328 1986 maximam
1355 1922 1533 1986 distantiam

164 2014 192 2089 ζὲ
220 2034 241 2074 a
265 2007 316 2090 Θ,
341 2030 406 2074 oum
429 2012 455 2086 ὅ
478 2011 588 2093 triente
613 2011 651 2073 ab
675 2013 738 2092 ejus
761 2011 885 2091 ducrum
909 2012 1005 2087 abest,
1030 2031 1098 2074 esse
1122 2009 1242 2076 50580.
1283 2010 1382 2076 Credo
1405 2011 1532 2074 verissi-

165 2121 255 2164 mum
279 2100 357 2162 hunc
380 2119 448 2162 esse
471 2119 624 2163 uumemm
648 2108 680 2163 et
703 2102 742 2162 ad
765 2101 946 2163 anomaliae]
974 2103 1104 2165 ecoentri
1128 2103 1177 2164 vel
1200 2102 1310 2164 Terrae
1335 2103 1373 2164 ab
1398 2120 1533 2182 apogaeo

167 2189 356 2253 distantiam
371 2186 403 2251 2‘
417 2183 457 2253 0⁰
470 2192 737 2254 accommodatum.
768 2190 830 2254 Sed
844 2190 894 2271 qui
912 2192 955 2267 fit,
980 2192 1058 2271 quod
1076 2192 1157 2254 idem
1176 2211 1234 2253 uon
1258 2191 1350 2254 etiam
1372 2211 1428 2253 usu
1451 2190 1535 2253 venit

168 2279 204 2341 in
230 2289 286 2344 tua
308 2279 413 2341 tabula
436 2279 547 2356 altera,
571 2279 622 2342 ubi
646 2280 809 2344 distantias
831 2281 1022 2361 planetarum
1044 2299 1083 2343 ex
1104 2280 1273 2344 Prnteniois
1297 2281 1534 2343 demonstrasti?

265 2368 408 2431 Sumatur
429 2368 566 2430 ultimum
589 2369 629 2431 ibi
653 2372 785 2439 schema,
830 2370 928 2452 Igitur
954 2370 1035 2432 linea
1063 2388 1139 2452 qnae
1168 2371 1198 2431 in
1226 2390 1355 2449 nepcyeeqr
1385 2370 1443 2431 fnit
1466 2370 1532 2445 PA,

170 2479 214 2521 ea
240 2458 306 2539 jam
334 2457 415 2519 ultra
437 2457 467 2519 K
494 2458 590 2520 crevit
617 2460 655 2521 ad
678 2459 708 2522 R
735 2479 849 2540 usque,
883 2466 915 2520 et
944 2467 991 2520 est
1014 2459 1094 2533 PR.¹
1125 2459 1269 2521 Vicissim
1300 2460 1379 2521 lines
1402 2478 1479 2540 quae
1502 2458 1533 2520 iu

169 2570 307 2629 περιγειῳ
329 2548 367 2608 ab
386 2548 415 2609 A
439 2555 542 2609 centro
565 2548 646 2610 orbis
670 2568 763 2631 usque
788 2550 827 2609 ad
852 2546 882 2610 G
906 2558 1039 2609 centrum
1063 2549 1143 2612 orbis
1165 2550 1188 2625 ζὶ
1210 2549 1305 2610 ducta
1324 2547 1391 2622 snit,
1415 2567 1453 2609 ea
1477 2547 1532 2610 de-

171 2638 272 2701 crevit
285 2637 360 2717 jam,
384 2643 418 2699 ut
436 2637 478 2698 sit
495 2656 553 2699 nou
573 2638 700 2717 longior,
724 2657 810 2720 quam
827 2637 892 2709 ΑΡ,
918 2645 949 2699 et
962 2636 1112 2701 invenitur
1127 2632 1222 2712 6549,
1248 2656 1314 2699 oum
1329 2637 1419 2700 fuerit
1434 2632 1532 2712 9460,

172 2727 347 2789 differentia
365 2721 450 2788 2911
472 2727 663 2806 decrementi.
699 2728 760 2791 Sed
785 2726 846 2790 GK
868 2723 979 2791 35730

893 2921 981 2986 2850
1000 2922 1169 2984 differentia
1182 2921 1345 3002 augmenti,
1362 2939 1420 2982 non
1434 2928 1532 2997 tanta

173 3020 290 3094 quauta
304 3080 307 3091 Ι
323 3010 516 3080 decrementi.
563 3010 622 3073 Est
653 3010 744 3091 igitur
778 3012 898 3073 brevior
930 3011 1078 3075 distantia
1109 3011 1138 3071 in
1171 3012 1281 3073 triente
1314 3010 1352 3071 ab
1384 3027 1530 3089 apogaeo.

172 3101 295 3164 Etenim
320 3098 381 3162 AG
403 3106 436 3160 et
458 3098 512 3160 PK
536 3100 565 3161 in
590 3108 703 3162 rectam
726 3108 871 3162 extensae
901 3100 1036 3164 efficiunt
1058 3096 1182 3169 45190,
1212 3100 1266 3160 sed
1290 3098 1347 3160 ΑΡ
1369 3106 1400 3160 et
1422 3097 1479 3161 PR
1501 3099 1532 3161 iu

145 3178 151 3191 ¹
174 3198 289 3259 rectam
312 3198 455 3252 extensae
480 3189 613 3251 efficiunt
637 3197 754 3251 tantum
774 3187 893 3254 inire.
927 3189 1120 3251 Hiehaereo.
1154 3188 1216 3251 Oro
1236 3195 1336 3250 autem
1355 3188 1381 3249 si
1400 3197 1532 3249 erratum

175 3287 225 3342 est
257 3279 287 3343 in
321 3277 448 3361 proditis
480 3279 611 3340 numeris
644 3278 855 3342 distantiarum
884 3301 903 3341 a
934 3286 1037 3341 centro
1060 3279 1162 3358 magni
1185 3278 1280 3354 orbis,
1310 3297 1346 3339 ne
1370 3296 1416 3340 me
1440 3277 1530 3351 celes,

175 3378 274 3432 utrum
301 3370 380 3431 idem
408 3385 490 3429 error
513 3368 604 3429 ctiam
634 3368 792 3448 irrepserit
824 3370 852 3431 in
881 3369 1016 3431 tabulam
1040 3367 1183 3447 destos,
1211 3386 1420 3448 numerumque
1447 3367 1533 3429 illum

176 3459 289 3520 dictum
312 3477 354 3520 sc.
379 3453 497 3520 50580.
544 3456 689 3531 (Schema
712 3476 769 3538 quo
792 3459 942 3538 Kepierus
966 3459 1014 3521 hic
1038 3477 1109 3521 usus
1133 3466 1196 3532 est,
1221 3459 1333 3531 deest.)

261 3547 356 3609 Porro
380 3545 435 3609 ΔΡ
458 3546 501 3608 sic
525 3547 717 3627 investigavi.
755 3549 812 3610 ΑΕ
836 3550 925 3610 datur
949 3568 985 3609 ex
1009 3556 1061 3610 tua
1084 3548 1317 3627 computatione.
1373 3576 1419 3625 ng.
1433 3576 1455 3616 s.

176 3637 255 3701 Nam
275 3634 395 3701 Arest
409 3631 506 3700 5231.
538 3629 748 3716 estitit,
769 3637 894 3700 dimidia
907 3636 966 3699 Fir
983 3634 1065 3701 1057
1076 3630 1122 3717 Ἃ.
1155 3635 1342 3717 Ergotota'

177 3726 239 3788 ΑΩ
263 3720 360 3790 6288.
408 3723 464 3787 ΩΡ
490 3743 561 3787 vero
594 3733 644 3787 est
674 3727 919 3806 perpendicnlum
952 3725 1131 3805 aequilateri
1162 3724 1315 3806 trianguli.

175 3815 257 3895 Ergo
279 3815 309 3876 iu
328 3814 477 3895 triangulo
496 3813 584 3876 Asel>
604 3816 730 3896 angulus
750 3816 788 3876 ad
806 3815 836 3877 Ω
860 3823 970 3884 rectus,
995 3823 1026 3875 et
1048 3815 1146 3877 latera
1164 3813 1235 3888 ΑΩ,
1262 3810 1317 3876 ΩΡ

177 3906 258 3968 data
300 3904 379 3966 Hinc
401 3902 458 3965 ΑΡ
480 3898 576 3967 6549.
619 3904 715 3985 Perge
738 3923 785 3966 me
804 3905 927 3984 uvare,
958 3911 990 3964 et
1012 3905 1113 3966 rudem
1136 3904 1263 3967 tironem
1285 3903 1316 3965 iu

175 3993 331 4074 principiis
356 3993 513 4055 instituere
544 4012 638 4076 aequo
668 3993 784 4068 anim03
815 4001 906 4074 atque
933 3992 1011 4055 hune
1039 3994 1129 4055 etiam
1153 3985 1345 4057 Maestline⁴

174 4083 246 4146 mihi
269 4082 398 4145 concede
422 4083 574 4146 laborem:
607 4082 650 4145 sic
674 4084 774 4146 omnia
796 4092 850 4146 tua
872 4082 975 4145 studia
997 4083 1144 4146 foeliciter
1166 4082 1220 4145 tibi
1244 4101 1314 4143 suc·
1340 4116 1357 4157 ῃ

176 4172 294 4235 cedant
321 4190 324 4195 ⁴
678 4189 680 4193 ’

263 4261 343 4323 Vale
368 4258 388 4324 3
413 4259 486 4334 (13)
509 4260 584 4341 ΑΡτ.
609 4256 689 4335 (159
713 4263 738 4336 ).

263 4349 469 4431 Stutgardiae.
537 4350 699 4431 Responde
722 4350 902 4415 brevissima
920 4357 953 4411 et
971 4348 1024 4411 vili
1042 4349 1202 4412 schedula:
1234 4367 1293 4410 nou
1315 4352 1386 4429 peto
1408 4347 1525 4414 literas.

792 4442 830 4503 H.
857 4440 891 4502 Τ.
1106 4438 1294 4517 gratissimus
1318 4437 1481 4519 discipulus

1158 4526 1205 4589 M.
1230 4526 1282 4590 Jo.
1306 4526 1436 4610 Kepler.

245 4687 274 4737 ln
285 4686 410 4739 hichie
430 4687 482 4738 alia
499 4689 529 4738 de
549 4688 637 4739 eadem
654 4702 681 4738 re
699 4688 803 4751 epistola
820 4689 928 4740 oocurnt
945 4687 970 4737 d.
983 4685 1077 4751 stuttg.
1091 4686 1114 4737 d.
1130 4684 1141 4734 1
1157 4687 1225 4750 Apa,
1243 4700 1317 4752 quam
1335 4686 1458 4753 Kepierus
1476 4706 1525 4741 non

176 4761 241 4811 nisit
258 4757 389 4813 Maestliuo
407 4756 530 4822 (Hansch.
548 4775 573 4827 p.
595 4756 648 4822 12).
685 4760 764 4827 Atque
781 4759 837 4810 illas
855 4760 940 4811 literas
958 4761 1043 4809 stadm
1061 4758 1109 4808 hae
1121 4765 1229 4811 secutae
1247 4765 1319 4811 aaut:

1488 3975 1511 4021 I
