3609 5634
751 382 916 436 m
1467 380 1510 450 it

127 535 295 589 Mnus
314 544 445 602 relduis,
462 545 571 610 pmds
588 545 651 601 erltr
670 544 728 608 quin
745 550 773 594 et
789 543 829 593 bio
847 542 990 594 dilutillims
1008 545 1164 595 invenienda.
1202 544 1284 605 Quam
1302 558 1401 609 operam
1420 548 1511 612 siquis

126 611 364 673 superaddiderit,
382 617 451 667 illum
469 618 595 679 antiquum
613 614 796 680 Pythagoram,
815 616 856 680 qui
874 613 1029 667 harmoniam
1047 618 1194 668 condonans
1212 615 1371 672 ιιιιιιιιιιιι,
1398 619 1447 668 imo
1464 621 1511 669 toti

124 683 227 731 undo
248 685 348 738 inesse
367 689 560 751 praesentiebat,
579 700 695 751 superare
714 686 824 736 dixerim.
853 686 887 736 iit
904 686 964 737 licet
982 688 1113 738 circulares
1131 688 1238 738 incaelo
1258 689 1379 738 motiones
1397 704 1510 740 nonnun-

124 766 207 816 quam
228 757 384 820 angulares
402 759 522 824 qussdsm
539 764 567 808 et
590 759 673 808 rarias
698 756 791 822 bgrnas
816 764 892 823 stqse
914 758 1070 822 utplurimum
1093 760 1210 825 oblongas
1229 760 1362 822 composito
1380 774 1425 808 suo
1442 768 1511 811 motu

124 823 235 876 sucus
257 830 369 880 ousiose
387 830 485 895 singula
502 830 632 879 ιιιιιιιιιιιιι
651 829 729 879 sideri
746 830 854 892 possint:
874 829 903 878 iit
920 838 1005 880 temen
1023 830 1050 880 id
1067 845 1111 894 per
1129 831 1245 881 ιιιιιιιιι
1267 838 1293 879 et
1315 829 1429 891 abhorret
1446 834 1510 882 ratio
1568 868 1571 889 ,

125 897 159 945 ιι)
179 896 235 947 bae
256 903 448 964 suppositione.
486 899 589 965 Oportet
607 900 672 951 enim
691 902 789 950 omnino
808 914 838 950 ea
856 901 1013 951 ammanium
1032 904 1144 966 componi
1159 909 1280 951 asnorum
1299 902 1427 957 circuitus,
1449 902 1511 953 allas

124 976 259 1032 perpetuo
280 972 447 1022 uniformiter
464 979 490 1022 et
507 972 669 1036 aequabiliter
687 974 712 1021 in
730 986 758 1022 se
776 986 825 1021 nou
842 979 996 1023 revertentur
1013 979 1040 1023 et
1057 974 1237 1037 perennitatem
1250 972 1409 1022 frustrabant.
1433 973 1509 1024 Prae·
1557 1006 1559 1011 «

124 1046 253 1104 terqasrn
268 1044 347 1107 qnod
357 1046 439 1094 mlum
457 1044 579 1108 simplices
596 1045 725 1109 magisque
743 1042 874 1093 ιιιοιιιιιιι
893 1051 973 1101 mant,
992 1059 1039 1094 nec
1057 1045 1132 1094 etiam
1151 1044 1277 1094 ιοιιτιιιιι
1296 1051 1322 1094 ιι
1339 1046 1393 1094 neni
1412 1058 1510 1095 accom-

125 1112 234 1162 modae.
279 1114 330 1165 De
350 1112 371 1179 Q
389 1131 439 1165 uon
457 1122 497 1165 est
514 1130 558 1165 cur
575 1114 660 1165 doleas
684 1117 737 1178 eius
755 1114 853 1164 stellam
871 1129 888 1165 a
905 1130 945 1165 sne
963 1130 1013 1166 non
1031 1130 1086 1166 esse
1103 1117 1273 1173 observatam,
1300 1124 1345 1165 eut
1361 1117 1425 1181 quod
1445 1118 1510 1167 idem

125 1196 187 1232 oum
202 1183 361 1249 Caper-nico
379 1189 405 1236 in
424 1190 477 1249 eins
494 1186 672 1250 phaenomenis
690 1186 848 1237 ostendendis
863 1186 1027 1250 praetendere
1039 1187 1120 1238 velim.
1148 1186 1221 1237 Licet
1239 1189 1304 1237 eninr
1323 1186 1415 1237 aSolis
1434 1189 1509 1238 radiis

125 1257 268 1306 rarissime
290 1258 458 1323 digrediatur,
478 1265 505 1308 et
521 1257 662 1307 inclinatior
680 1258 745 1321 apud
759 1272 804 1307 noe
816 1259 841 1307 in
855 1257 940 1308 Dania
952 1260 985 1307 sit
996 1258 1111 1323 sphaera,
1131 1273 1204 1324 quam
1218 1259 1350 1323 Frueburgi
1363 1261 1388 1307 iu
1401 1258 1508 1317 Prussia,

125 1326 171 1375 ubi
184 1328 256 1377 vixit
269 1327 439 1394 coponium.
458 1329 589 1394 pluresque
600 1342 669 1379 mare
681 1330 750 1379 circa
760 1329 867 1379 intulam
879 1330 1040 1379 habitationis
1057 1338 1158 1380 nostrae
1177 1331 1287 1380 emiserit
1304 1343 1417 1394 repones,
1436 1345 1510 1396 quam

126 1396 256 1449 Vistula:
279 1401 398 1465 plurimis
416 1408 501 1451 ιιιιιιιι
518 1402 619 1457 ritibus,
638 1402 687 1449 imo
704 1415 769 1465 pene
785 1402 888 1467 singuiis
908 1402 987 1458 suuis,
1007 1400 1065 1451 dum
1083 1403 1109 1450 in
1121 1400 1275 1466 Uraniburgo
1289 1409 1372 1451 nostro
1390 1401 1509 1452 sideribus

126 1471 317 1536 invigilarem,
337 1482 389 1523 tam
408 1487 467 1523 eous
485 1486 559 1537 quam
577 1474 729 1535 vespertinus
748 1480 866 1522 ιιιιιιιιι
884 1485 900 1521 ι
918 1473 989 1522 nobis
1007 1473 1109 1522 coelitus
1128 1472 1274 1522 denotatus:
1293 1480 1321 1522 ut
1339 1487 1419 1536 neque
1436 1473 1508 1537 hujus

127 1543 205 1597 astri,
226 1549 297 1593 utut
319 1546 442 1595 rarissime
459 1551 555 1608 pateat,
575 1549 602 1593 et
618 1544 701 1593 multis
720 1544 872 1594 ιιιιιιιιιιιι
890 1544 925 1592 sit
941 1544 1078 1601 obnoxium,
1097 1558 1142 1593 nos
1160 1545 1245 1609 lugere
1262 1545 1339 1607 possit
1357 1546 1446 1595 semite
1464 1559 1508 1595 ne·

127 1627 272 1677 qusquam
294 1617 331 1666 ab
349 1617 451 1667 eliorum
469 1616 548 1666 dubiis
567 1615 826 1671 animadversionibus,
845 1617 881 1664 uti
900 1622 1002 1664 euectus
1020 1622 1059 1665 est
1071 1614 1228 1679 Cupernicus,
1247 1614 1390 1665 mutuanda.
1423 1616 1462 1666 De
1481 1608 1506 1681 Ω

128 1694 267 1749 quantum
287 1688 413 1738 hactenus
431 1690 597 1752 pervestigare
614 1687 696 1743 licuit,
716 1696 809 1736 cenem
827 1694 880 1739 est.
900 1689 953 1749 ejus
972 1700 1110 1753 apogaeum
1128 1702 1178 1735 non
1195 1687 1298 1736 multum
1317 1701 1334 1737 a
1351 1686 1432 1738 Solsri
1450 1695 1505 1739 ant·

129 1771 235 1809 rursum
255 1761 393 1815 removeri,
412 1759 484 1809 albet
501 1772 575 1824 quam
593 1760 670 1808 sensit
688 1757 849 1822 Gopernioos,
868 1772 915 1808 nec
934 1759 1013 1808 eidem
1031 1766 1116 1807 tamen
1133 1758 1208 1822 plane
1225 1759 1301 1815 uniri,
1320 1764 1348 1807 ut
1365 1758 1507 1825 Albateguii

130 1829 292 1880 imitatione
312 1830 397 1880 volunt
415 1830 592 1895 Alpbonsiuae.
627 1829 656 1879 ln
676 1831 860 1880 eooentricitate
878 1837 963 1880 tamen
982 1833 1035 1892 elus
1060 1845 1109 1878 uou
1133 1836 1172 1879 est
1195 1843 1241 1893 par
1263 1829 1340 1889 ratio,
1367 1844 1425 1881 nam
1451 1846 1508 1880 eam

130 1899 217 1949 multo
238 1903 369 1951 minorem
388 1901 467 1952 Solari
486 1900 643 1965 deprehendi.
673 1902 712 1950 Διι
730 1901 854 1952 mutabilis
872 1902 913 1959 sit,
932 1901 1040 1951 nondum
1058 1901 1168 1958 dixerim,
1186 1901 1231 1950 sed
1248 1915 1298 1950 non
1316 1915 1464 1967 magnopere
1482 1901 1507 1951 ld
1566 1904 1570 1923 ¹

132 1972 264 2034 probabit
284 1972 327 2022 rel
343 1973 490 2037 improbabit
507 1980 553 2022 tua
569 1986 614 2036 per
631 1986 658 2022 se
675 1973 806 2037 ingeniosa
822 1973 965 2034 ratiocinia,

211 2043 238 2093 Ε
259 2045 340 2094 stella
356 2044 433 2108 polani
451 2044 490 2094 rel
508 2045 593 2109 quatis
612 2044 662 2094 alia
679 2043 801 2094 tubaliter
818 2056 913 2100 eruere,
932 2058 965 2094 eu
984 2043 1048 2094 orbis
1066 2058 1163 2093 annuus
1176 2041 1268 2095 'l'erree
1286 2041 1447 2107 aCoperuico
1464 2059 1506 2094 ex·

134 2116 294 2180 cogitatus,
320 2117 378 2166 siis
397 2123 477 2173 emet,
503 2123 607 2166 actam
630 2114 750 2180 sphaerae
768 2114 845 2164 stellis
864 2116 1043 2182 aliquantulam
1065 2116 1173 2165 insinuet
1193 2114 1346 2178 parallaaiu,
1369 2117 1422 2177 jam
1447 2125 1506 2167 ante

136 2188 247 2251 saepius
270 2195 300 2238 et
318 2188 447 2254 diligenter
466 2189 568 2251 experiri
586 2188 693 2249 tentari,
715 2201 799 2237 rernm
817 2187 876 2237 nibil
896 2186 1044 2250 eiuscemodi
1066 2186 1179 2252 diligenti
1202 2187 1272 2237 laeta
1295 2187 1507 2239 animadversione

136 2258 276 2309 haetenus
297 2261 410 2323 comperi.
447 2258 513 2309 Nam
537 2258 636 2308 stellam
658 2258 780 2323 polarem,
805 2272 950 2325 quocunque
974 2259 1032 2308 anni
1055 2264 1166 2321 tempore
1187 2271 1261 2321 supra
1282 2258 1320 2309 rel
1344 2259 1408 2307 inira
1425 2258 1507 2322 polnnr

135 2333 264 2393 praecise
285 2332 449 2386 observatam,
468 2330 580 2380 adbibita
597 2330 706 2393 eiusdem
725 2330 756 2379 ab
774 2329 816 2379 lllo
834 2332 970 2380 remotione
986 2342 1046 2379 rere
1064 2326 1140 2393 (quae
1158 2329 1205 2378 boc
1224 2342 1289 2378 anno
1304 2335 1343 2379 est
1361 2327 1443 2377 ²⁰bl⁴
1454 2329 1505 2378 10ss

139 2408 167 2450 et
187 2416 252 2452 curn
273 2398 419 2451 6⁰id‘2b‘¹
439 2399 464 2463 Υ
484 2408 510 2451 et
528 2403 575 2455 ἑ
595 2401 755 2451 meridianum
778 2415 853 2465 supra
877 2408 904 2451 et
928 2402 993 2450 inira
1013 2400 1095 2464 polum
1113 2396 1215 2461 ιιιιιιιι)
1242 2401 1347 2450 eandem
1364 2402 1389 2450 ln
1408 2401 1506 2452 dlmldio

138 2474 276 2537 scrupulo.
295 2475 344 2523 imo
362 2475 428 2523 intra
445 2479 559 2538 quartam
576 2473 614 2522 rel
633 2480 728 2522 sextam
742 2474 795 2534 elus
807 2480 902 2536 partem
922 2469 1062 2533 (subtiliora
1077 2472 1142 2520 risus
1155 2485 1204 2520 non
1217 2468 1346 2532 discernit)
1363 2473 1506 2535 praebuisse

138 2544 193 2606 poli
213 2544 398 2595 sublimitatem
416 2544 587 2601 animadverti,
606 2544 672 2610 qnod
689 2549 715 2593 et
733 2542 790 2592 Chr.
803 2542 971 2600 Rothmeuno,
989 2543 1030 2606 qni
1043 2540 1226 2605 Copemicaeae
1245 2542 1406 2605 speculationi
1424 2544 1505 2594 indul·

141 2630 210 2679 gens
231 2616 329 2681 aliquid
347 2617 492 2665 discdmrnis
509 2616 550 2665 bic
568 2617 668 2666 subesse
686 2616 801 2678 opinatus
820 2622 866 2671 eat,
881 2614 1026 2676 jamdudum
1044 2614 1159 2668 indicari,
1177 2620 1206 2663 nt
1217 2612 1274 2663 bino
1287 2614 1346 2663 nibil
1358 2629 1401 2678 pro
1414 2613 1503 2679 (loper-

142 2689 204 2737 nico
223 2695 273 2737 tuo
291 2684 375 2750 (culus
393 2689 540 2738 concinnam
559 2695 585 2736 et
601 2689 756 2753 ingeniosam
774 2686 967 2751 speculationem
987 2684 1049 2736 allas
1068 2685 1184 2734 admirari
1197 2692 1223 2734 ei
1235 2685 1409 2749 depraedicare
1426 2683 1505 2747 soleo)

142 2760 244 2809 tuendo
264 2760 387 2810 residuum
404 2762 437 2808 sit
454 2758 543 2809 solatii.
579 2758 656 2808 Petas
674 2758 783 2815 aliunde,
802 2757 941 2807 ridebitur.
971 2755 1020 2807 Sed
1039 2756 1070 2807 de
1087 2755 1125 2805 lais
1144 2765 1219 2821 atque
1238 2756 1292 2806 aliis
1310 2758 1405 2821 plenius
1423 2764 1506 2808 ιιιιιιιι

142 2832 263 2894 jucunde
282 2839 308 2881 et
320 2830 474 2896 perlabeuter
487 2844 570 2895 agam
588 2829 705 2895 pluraque
726 2844 756 2879 ex
772 2830 833 2879 meis
852 2829 1046 2887 communicabo,
1065 2829 1086 2877 si
1104 2843 1152 2885 me,
1172 2829 1209 2876 uti
1227 2827 1355 2891 polliceris,
1374 2828 1506 2892 aliquando

145 2904 275 2958 inviseris,
293 2902 357 2967 quod
376 2903 419 2951 tibi
435 2905 488 2964 jam
506 2902 586 2951 miuus
604 2901 734 2951 molestum
752 2901 798 2950 erit
816 2914 889 2964 quem
909 2908 996 2957 autea,
1017 2913 1073 2947 cum
1090 2901 1115 2948 in
1134 2898 1255 2948 Bohemia
1273 2914 1321 2948 non
1341 2899 1472 2949 admodum
1490 2915 1507 2951 a

146 2974 217 3023 robis
237 2983 334 3024 remma
351 2989 417 3023 nunc
436 2973 507 3022 sedes
525 2971 634 3021 Uraniae
651 2985 728 3021 noras
746 2972 847 3028 ilrerim,
867 2978 942 3034 atque
959 2971 985 3018 in
1004 2983 1061 3019 arce
1080 2971 1227 3019 ιιιιιιιιιιι
1244 2968 1381 3026 Βιιιιιιιιι,
1399 2972 1506 3036 quinque
1598 2964 1600 2969 '

146 3045 298 3095 milliaribus
316 3045 400 3110 Praga
416 3053 519 3099 remota,
537 3044 655 3093 habitem.
682 3042 749 3093 Nam
767 3056 807 3093 me
824 3056 840 3091 a
857 3055 978 3091 ιιιιιιιι
994 3043 1126 3104 majestate
1145 3041 1194 3090 buc
1212 3041 1379 3091 eflermania
1396 3042 1504 3092 clemen·

147 3118 249 3168 tissime
267 3124 381 3167 rocstmn
397 3124 423 3167 et
435 3117 608 3181 benignissime
620 3128 651 3164 ac
663 3114 796 3165 liberaliter
807 3120 934 3178 receptum
946 3127 1009 3171 esse,
1028 3119 1054 3162 te
1073 3113 1104 3162 ab
1123 3112 1178 3162 aliis
1193 3115 1247 3175 lem
1265 3119 1343 3163 antea
1360 3116 1504 3178 cognovisse

151 3185 195 3249 (er
210 3204 259 3254 qno
279 3189 404 3238 dimidium
419 3191 472 3251 lem
491 3201 583 3236 annum
600 3187 640 3236 bic
659 3180 803 3247 subsistam)
822 3187 942 3235 ιιιιιιιιιι.
961 3183 1044 3234 Nolim
1061 3190 1146 3233 ιιιιιιιι
1164 3190 1193 3233 ut
1210 3184 1323 3234 iortunae
1341 3186 1462 3250 asperitas
1480 3193 1505 3235 te
1604 3176 1606 3187 ¹

149 3274 196 3309 nos
217 3261 337 3311 accedere
357 3259 495 3323 compellat,
514 3258 557 3308 sed
576 3259 655 3322 potius
674 3257 799 3307 arbitrium
816 3257 939 3321 proprium
958 3262 984 3305 et
1002 3268 1062 3321 erga
1079 3256 1219 3305 communia
1237 3255 1320 3305 studia
1338 3269 1406 3305 amor
1424 3264 1450 3306 et
1467 3258 1504 3306 ai·

147 3331 234 3382 lectio
271 3331 393 3396 Quicquid
411 3338 495 3380 tarnen
513 3329 538 3378 id
556 3330 610 3387 erit,
635 3329 743 3379 invenies
761 3343 801 3377 me
820 3343 869 3378 non
888 3329 1017 3382 iorurnae,
1035 3327 1211 3392 qualiscunque
1236 3326 1280 3376 illa
1302 3329 1348 3385 sit,
1373 3327 1417 3378 sed
1436 3335 1504 3378 tuam

152 3406 271 3461 amicunr,
290 3404 333 3468 qni
350 3405 426 3454 ιιιιιι
444 3405 470 3452 in
488 3401 593 3452 advena
609 3406 675 3451 sorte
693 3415 737 3450 suo
756 3400 857 3450 oonsilio
875 3406 902 3450 et
919 3399 1010 3449 auxilio
1022 3398 1067 3447 tibi
1084 3412 1241 3463 nequaquam
1259 3401 1291 3447 sit
1308 3399 1444 3455 ιιιιιιιιιιιι,
1461 3400 1506 3450 sed

150 3477 235 3537 potins
253 3482 280 3525 te
298 3475 330 3525 ad
349 3476 442 3539 optima
459 3487 570 3538 quaeque
586 3479 747 3537 promoturus.
784 3471 818 3521 lit
835 3472 856 3521 sl
874 3478 970 3521 mature
989 3472 1137 3527 accesseris,
1163 3483 1208 3520 eas
1230 3471 1293 3520 iorte
1310 3471 1419 3522 redonas
1437 3472 1503 3522 inre·

151 3548 257 3606 nisurus,
276 3546 363 3612 quibos
380 3548 425 3596 tibi
444 3554 470 3595 et
486 3546 535 3594 tuis
553 3546 579 3593 in
597 3550 721 3608 posterum
738 3544 829 3593 rectius
846 3556 921 3608 quam
939 3547 1016 3592 autea
1033 3540 1171 3591 consultum
1189 3541 1243 3591 erit.
1280 3540 1344 3592 Vale
1361 3540 1406 3593 ιι.
1497 3564 1499 3566 ·

225 3618 357 3669 Debentur
374 3617 518 3670 Benacbiae
535 3616 587 3665 sire
605 3613 718 3666 Venetiis
736 3612 900 3664 Bobemorum
919 3614 941 3664 ι
962 3609 978 3659 9
997 3611 1060 3663 Dee.
1080 3618 1111 3662 st
1130 3627 1156 3661 n.
1176 3608 1253 3661 tete.

1151 3682 1198 3733 Tui
1217 3685 1399 3734 amantissimus

1137 3753 1168 3803 Τ.
1185 3756 1217 3807 Β.
1236 3771 1314 3821 mppr.
1332 3757 1426 3821 seripsl.

225 3905 318 3967 Quibus
336 3901 485 3966 interpositis
502 3899 609 3949 redimus
628 3898 660 3948 sd
678 3897 761 3947 literas
779 3895 881 3962 Kepleri
900 3904 926 3947 et
944 3895 1070 3947 Maestlini
1085 3903 1194 3946 mutuas.

224 3976 369 4028 Maestliuns
388 3974 421 4024 ad
438 3973 522 4022 literas
539 3969 642 4034 Kepleri
660 3964 699 4030 (d.
717 3966 732 4016 9
752 3968 813 4018 Dec.
835 3964 920 4027 lete,
938 3984 961 4017 r,
980 3983 999 4017 s.
1018 3983 1043 4032 p.
1063 3964 1123 4027 39),
1142 3968 1229 4032 quibus
1248 3967 1417 4029 calamitates,
1436 3983 1502 4032 quae

155 4055 206 4099 tum
224 4048 350 4112 Styrlacos
368 4044 471 4096 Lutberi
489 4042 546 4092 fidei
563 4040 675 4090 addictos
694 4040 790 4105 agitare
808 4039 961 4105 inceperunt,
980 4040 1072 4097 refert,
1091 4039 1129 4088 his
1147 4038 1291 4103 respondit:
1319 4040 1418 4089 Annum
1436 4039 1502 4089 buno

155 4118 224 4171 Deus
242 4118 309 4169 OM.
328 4118 447 4183 largiatur
464 4115 533 4163 uobis
550 4113 647 4162 ielicem
665 4118 691 4160 et
709 4126 863 4176 prosperum,
889 4125 936 4176 quo
959 4126 1004 4160 nos
1027 4112 1059 4161 ab
1076 4110 1261 4160 imminentibus
1278 4110 1350 4160 malls
1368 4111 1503 4161 elementer

157 4193 286 4243 custodiat.
323 4188 364 4240 De
381 4187 464 4253 gretia
480 4187 556 4249 ipsius
574 4197 657 4233 sumus
675 4182 773 4247 quidem
791 4184 860 4239 certi,
879 4183 924 4232 sed
942 4182 1061 4247 quomodo
1080 4196 1136 4231 eam
1154 4181 1287 4246 dispenset,
1305 4181 1422 4231 ridemus.
1447 4180 1501 4232 Ira·

155 4273 205 4315 tum
230 4264 296 4315 enim
322 4260 414 4311 tultum
435 4257 504 4307 Deus
528 4270 604 4319 saepe
628 4254 739 4316 simulat,
768 4261 794 4304 ei
818 4256 932 4318 ingentes
957 4253 1112 4304 calamitates
1130 4252 1200 4302 uobis
1221 4253 1321 4315 obiicit,
1348 4258 1376 4301 at
1394 4252 1500 4302 clemen·

156 4338 260 4386 unimus
278 4335 329 4399 ipse
347 4338 419 4397 pater
436 4329 540 4395 gloriose
558 4342 603 4375 nos
620 4325 678 4375 inde
696 4325 792 4375 liberat.
829 4324 912 4389 ipsum
930 4339 987 4390 ergo
1006 4340 1114 4382 oremus,
1140 4331 1170 4373 ut
1193 4324 1213 4372 si
1238 4323 1296 4388 qnid
1319 4324 1414 4373 adversi
1432 4324 1501 4373 nobis

155 4409 283 4457 immittere
300 4405 368 4461 solit,
387 4416 419 4453 ea
436 4403 471 4450 sic
488 4400 602 4464 mitigare
621 4398 743 4462 dignetur,
762 4412 794 4446 ne
816 4397 861 4445 sub
883 4410 965 4445 eornm
977 4395 1041 4446 mole
1058 4395 1096 4445 rel
1114 4396 1237 4462 grarime
1256 4396 1333 4459 pressi
1350 4394 1388 4445 rel
1406 4394 1500 4444 diutur-

155 4481 232 4529 nitate
250 4477 381 4542 deietigatl
399 4471 596 4527 suconmbamus,
615 4469 659 4518 sed
677 4468 710 4518 ed
726 4468 824 4518 ieliosm
842 4475 958 4517 eventum
976 4467 1064 4517 eadem
1082 4467 1147 4516 brari
1164 4466 1293 4530 perducat

224 4549 322 4599 Literas
339 4557 396 4597 uras
412 4545 474 4600 beri,
491 4549 620 4608 postquam
631 4540 724 4603 vesperi
738 4554 769 4589 es
783 4539 886 4604 collegio
898 4550 1009 4589 rerersns
1023 4553 1085 4593 sum,
1104 4539 1197 4602 aceepi.
1225 4536 1255 4586 ln
1273 4537 1322 4587 fine
1341 4550 1425 4586 esrum
1443 4534 1500 4599 (ess

156 4627 251 4686 propter
273 4621 374 4685 negotia
398 4632 446 4667 non
469 4614 597 4665 confestim
618 4610 743 4677 perlegere
764 4618 790 4659 et
811 4610 936 4660 absolvere
957 4606 1038 4675 potui)
1059 4611 1169 4666 invenio,
1193 4607 1258 4673 quod
1276 4608 1403 4658 consilium
1419 4623 1499 4659 rernm

155 4698 249 4742 tuarum
269 4689 403 4755 acollegio
421 4694 503 4738 uostm
522 4694 548 4735 et
565 4684 672 4749 inprimis
692 4696 708 4731 a
725 4681 757 4730 D.
773 4680 944 4731 Haienreil'ero
965 4682 1037 4745 petis.
1068 4679 1148 4740 Quam
1166 4679 1309 4743 petitionem
1327 4679 1399 4729 bodie
1416 4694 1498 4738 mane,

156 4776 208 4814 ιιιιιι
222 4763 353 4813 baberetur
364 4767 474 4816 senatus,
493 4771 627 4821 proponere
645 4755 675 4805 iis
694 4752 767 4810 volui,
787 4751 830 4801 scd
842 4752 951 4815 pluribus
964 4752 1116 4801 obstantibus
1129 4751 1329 4815 occupationibus
1347 4750 1407 4800 nlhil
1425 4765 1499 4817 agere

156 4837 230 4898 potui.
266 4832 411 4885 Dillsrenda
427 4831 503 4896 igitur
520 4829 579 4878 mihi
596 4827 644 4878 fult
660 4826 786 4878 literarum
803 4824 948 4873 momtretlo
966 4836 1043 4887 esque
1060 4828 1117 4886 post
1133 4821 1268 4879 meridiem,
1285 4823 1404 4888 siquidem
1423 4825 1499 4873 etiam

154 4906 197 4966 lis,
214 4908 357 4975 quibuscum
374 4911 428 4956 mm
445 4900 616 4959 cruentam,
634 4898 774 4959 videbatur,
793 4894 949 4947 tabellarium
966 4908 1062 4961 quoque
1079 4893 1178 4947 dimidio
1200 4893 1248 4945 boo
1266 4893 1320 4954 ιιι,
1343 4894 1498 4960 nimquam
