3609 5634
684 379 940 432 .Peooommo
1473 376 1538 444 235

150 543 281 600 autem
303 537 465 619 aliquoties
488 537 676 623 scripserim,
701 538 820 602 omuino
842 538 914 601 mihi
937 539 1107 621 persuadeo
1130 545 1163 600 et
1185 556 1277 620 prope
1301 544 1417 601 certum
1439 546 1539 612 teneo,

150 642 215 686 me
247 627 348 707 prima
370 627 478 690 statim
500 626 566 689 vice
581 627 733 708 Tychonia
758 629 866 691 iecisse
890 627 1083 691 mentionem.
1129 627 1237 691 Prodit
1255 647 1288 690 se
1311 623 1409 691 instar
1433 627 1540 691 soricis

152 718 196 773 et
227 735 301 778 meo
320 716 437 795 judicio
461 736 516 778 sua
540 715 731 777 confessione
754 715 797 779 ἐπ’
822 716 992 796 αὕτοφωρῳ
1021 716 1264 797 deprehenditur.
1310 716 1374 791 Ait,
1405 736 1438 779 se
1468 736 1540 780 sues

152 799 365 884 hypotheses
396 823 434 865 ex
456 802 632 866 Ptolemaeo
661 804 859 881 desumsisse,
891 815 1028 869 mutasse
1060 805 1139 868 euim
1161 805 1306 867 nonnulla
1334 806 1364 867 in
1388 804 1541 868 sententie

155 891 336 971 Apollonii
360 893 491 972 Pergaei
513 893 550 954 de
574 892 757 957 stationibus
782 894 1022 975 speculationem
1044 893 1257 974 proponentis:
1282 895 1453 976 Tychonem
1469 912 1541 955 vero

14 1020 23 1035 .
126 978 312 1071 xindidem
342 1001 412 1044 suas
442 980 643 1061 depromsisse
674 989 706 1042 et
734 983 790 1044 boc
814 1001 936 1063 negare.
983 984 1066 1062 Lege
1098 1001 1174 1061 qnae
1203 983 1239 1043 de
1267 982 1324 1045 hoo
1346 982 1542 1044 Ptolemaeus

159 1069 318 1148 scripsit,
344 1077 375 1132 et
398 1069 529 1132 insanire
554 1070 635 1131 dices
659 1070 781 1132 Ursum.
829 1072 945 1134 Vemm
968 1072 1088 1153 quidem
1111 1080 1177 1143 est,
1202 1090 1269 1133 eum
1291 1072 1367 1133 duae
1391 1078 1541 1150 ponantur

160 1177 188 1218 a
219 1158 398 1222 Ptolemaeo
421 1157 576 1237 Apollonii
600 1158 786 1233 sententies,
819 1161 1017 1239 posteriorem
1046 1160 1167 1222 exiliis
1195 1159 1386 1239 atiquatenus
1415 1159 1540 1239 digitum

160 1245 336 1308 intendere
368 1248 409 1309 ad
438 1245 591 1326 Tychouis
623 1246 820 1328 hypotheses.
875 1249 978 1329 Fingit
1010 1248 1090 1310 enim
1114 1249 1204 1310 trium
1237 1249 1421 1327 superiorum
1456 1247 1567 1321 (nam‘

163 1335 372 1399 Ptolemaeus
405 1335 518 1397 diserte
550 1334 638 1413 dicit,
670 1335 801 1403 elstram
830 1338 1014 1403 sententiam
1042 1336 1202 1416 complecti
1230 1358 1321 1412 posse
1348 1358 1419 1407 seue
1441 1357 1542 1399 nouos

166 1422 327 1496 ἀποςασιν
353 1426 524 1496 somnae)
554 1423 720 1502 quemlibet
750 1424 862 1486 habore
886 1425 1086 1487 ecoeutricum
1112 1444 1214 1500 suum,
1248 1425 1299 1506 qni
1332 1443 1429 1486 aunno
1457 1431 1542 1487 motu

169 1513 348 1575 circumeat
369 1511 533 1574 secundum
556 1511 689 1573 ordinem
715 1513 878 1590 siguomm.
925 1515 1043 1577 Deinde
1067 1513 1096 1574 iu
1121 1513 1255 1593 quolibet
1269 1513 1436 1575 eecentrico
1459 1511 1542 1574 volvi

171 1601 347 1681 epicyclum
376 1601 500 1665 Terram
532 1600 739 1675 subeuntem,
782 1601 869 1681 eujus
896 1610 997 1669 motus
1025 1602 1067 1669 sit
1093 1602 1123 1675 io
1146 1601 1378 1681 peeoeoeotio,
1406 1600 1543 1680 aequalis

174 1690 276 1752 motui
300 1688 544 1752 commutationis
571 1688 723 1767 planetae.
770 1688 833 1751 Sed
860 1709 920 1753 uon
949 1690 1121 1772 praetendit
1148 1690 1225 1752 hauc
1248 1690 1446 1769 posteriorem
1469 1707 1542 1750 sen-

175 1777 310 1841 tentiam
339 1778 428 1841 homo
457 1775 682 1849 stolidissimus,
716 1795 820 1840 rerum
848 1778 932 1841 illam
960 1779 1106 1858 priorem,
1137 1796 1214 1857 quse
1241 1779 1330 1858 plane
1354 1778 1427 1839 nihii
1450 1777 1544 1839 habet

177 1886 338 1929 commune
366 1885 434 1928 cum
462 1864 614 1945 Tychons.
661 1864 762 1946 thue
794 1867 990 1948 propositum*
1014 1867 1165 1941 obtineat,
1196 1866 1311 1947 allegat
1344 1864 1543 1946 Oopemicnm

177 1956 233 2019 lib.
258 1956 300 2018 V.
324 1974 392 2037 cop.
417 1952 470 2017 35.
496 1961 527 2015 et
549 1954 640 2032 plene
664 1955 828 2030 contendit,
854 1954 1055 2034 Goperuicnm
1078 1955 1130 2017 iilo
1149 1955 1248 2033 cupite
1272 1955 1353 2017 riam
1376 1954 1544 2035 praeivisse

180 2043 318 2127 'lychoni
348 2044 387 2106 ad
416 2062 488 2105 suas
510 2041 704 2131 hypotheses.
756 2043 840 2113 Dicit
865 2043 946 2113 cuim
973 2062 1131 2127 expresse,
1162 2043 1370 2124 Tychonias
1393 2050 1543 2105 exstare

181 2134 217 2194 in
242 2131 457 2212 Copernioo.
504 2128 689 2209 Gopernieus
712 2148 783 2192 vero
806 2131 953 2193 lemmatii
976 2130 1120 2205 meminit,
1146 2132 1225 2211 qnod
1246 2133 1285 2194 ad
1298 2132 1429 2212 priorem
1443 2131 1543 2210 Apol-

181 2220 254 2287 lonii
279 2221 462 2297 sententiam
484 2217 626 2303 pertinet.
673 2216 736 2279 Sed
759 2219 831 2281 nihii
854 2220 954 2305 magis
968 2220 1134 2290 ridiculum,
1158 2237 1249 2299 quam
1272 2221 1352 2301 quod
1366 2240 1405 2287 es
1419 2220 1470 2287 lib·
1487 2219 1542 2281 ΠΙ.

149 2354 156 2369 .
181 2329 250 2393 cap.
275 2306 328 2385 25.
354 2305 514 2387 Ceperniti
542 2306 598 2377 bas
621 2300 985 2390 Tychonishypotheses
1008 2308 1074 2371 vult
1101 2313 1290 2389 extorquere.
1337 2308 1413 2377 Cum
1441 2306 1544 2368 ibide

182 2406 286 2471 centro
314 2398 417 2473 enodi
440 2394 608 2545 Cepernico
637 2414 735 2457 sermo
764 2397 819 2467 sit,
854 2417 891 2461 an
916 2398 1012 2465 Terra
1038 2404 1122 2461 motu
1146 2397 1314 2465 eccentrieo
1337 2397 1418 2461 'circs
1441 2393 1544 2463 Solem

182 2489 307 2562 feratur,
331 2506 370 2553 au
393 2503 464 2545 vero
503 2482 542 2545 'ol
566 2483 646 2543 circa
669 2490 804 2547 centrum
829 2485 910 2547 orbis
933 2484 1034 2567 magni
1054 2492 1136 2549 motu
1151 2482 1336 2565 tardissimo,
1363 2484 1459 2549 Terre
1473 2501 1544 2543 vero

182 2583 266 2643 motu
288 2572 477 2646 comentrico
501 2571 582 2634 circe
605 2571 684 2637 idem
707 2580 842 2637 centrum
866 2573 948 2639 orbis
971 2573 1074 2653 magni
1098 2578 1183 2639 motu
1199 2591 1307 2651 annuo,
1330 2578 1420 2653 putat
1442 2570 1545 2637 asinus

182 2665 247 2737 iiie,
277 2682 335 2727 noo
355 2663 420 2747 jann
444 2678 546 2735 ursus,
576 2657 775 2739 Copemicnm
804 2662 883 2742 loqui
907 2662 945 2723 de
973 2661 1208 2743 transpositione
1231 2659 1313 2729 Solis
1341 2660 1369 2722 in
1398 2659 1545 2727 anoton

182 2752 265 2815 orbis
288 2751 403 2830 magni,
437 2749 549 2813 Terrae
572 2767 644 2811 vero
668 2749 698 2819 in
722 2758 857 2812 centrum
882 2750 948 2830 ejus
972 2750 1065 2815 orbis.
1113 2747 1200 2825 Quae
1223 2757 1385 2831 postquam
1409 2748 1484 2829 legi,
1516 2746 1545 2811 in

181 2841 260 2903 hano
286 2839 328 2909 ivi
356 2835 552 2911 sententiam,
582 2856 677 2918 neque
700 2838 812 2901 lectum
834 2858 902 2901 esse
926 2839 1006 2903 Urso
1029 2839 1250 2909 Ptolemaeum,
1281 2857 1378 2917 neque
1400 2836 1542 2903 mulleo-

181 2937 246 2992 tnm
270 2926 478 3009 Copornicum.

253 3085 423 3150 Keplerus,
445 3090 474 3135 ut
494 3098 525 3134 er
543 3082 651 3147 epistolis
669 3083 809 3148 praemissis
832 3083 980 3134 concludere
999 3083 1065 3140 lieet.
1088 3097 1163 3149 segre
1176 3083 1251 3134 subiit
1262 3083 1389 3149 negotium
1400 3096 1417 3132 s
1428 3080 1546 3146 Tyohone

182 3158 215 3208 ab
226 3158 280 3222 ipso
291 3156 450 3220 possolsmm,
473 3161 501 3206 ot
512 3154 610 3219 publice
625 3160 711 3203 centra
723 3153 815 3205 Ursum
826 3156 852 3204 iu
865 3156 945 3206 aciem
957 3156 1073 3219 prodiret.
1109 3155 1145 3205 Ut
1158 3161 1242 3205 sutem
1254 3154 1405 3218 Tychouem.
1428 3154 1460 3203 sd
1474 3168 1546 3218 quem

182 3243 248 3280 suno
261 3225 327 3278 1601
352 3242 367 3279 e
388 3226 472 3291 styria
491 3232 660 3291 transgressus
682 3232 728 3282 est.
750 3226 796 3275 sibi
809 3226 969 3284 concuteret,
999 3228 1101 3279 ineunte
1123 3241 1189 3279 auno
1210 3223 1276 3277 thot
1305 3226 1412 3277 oroeun
1431 3239 1483 3276 rem
1502 3238 1547 3289 ug·

181 3314 289 3365 mosne,
310 3299 408 3351 initium
423 3295 589 3361 ,Apologiae“
604 3310 690 3349 seeum
701 3296 810 3362 Propere
831 3298 923 3354 sttulit,
947 3297 1089 3360 Tychonem
1111 3299 1173 3349 torte
1192 3302 1340 3362 exspectem
1351 3296 1547 3355 mensurum,

182 3376 211 3421 ut
232 3370 292 3421 illud
315 3369 435 3419 adfinem
456 3367 613 3439 perduceret,
641 3372 686 3415 aut
703 3366 765 3417 Urso
788 3374 923 3432 opportune
940 3375 1035 3418 mortuo
1052 3384 1104 3418 rem
1124 3368 1199 3432 plane
1219 3369 1345 3431 abjiceret.
1383 3365 1446 3423 Cum
1463 3365 1548 3429 Tycho

183 3442 270 3492 eodem
282 3455 348 3490 anno
361 3436 416 3501 (24.
429 3434 505 3499 Nor.)
518 3437 601 3487 subita
613 3444 691 3487 morte
704 3439 841 3488 exstinctus
855 3444 929 3500 esset,
951 3439 1005 3489 aliis
1021 3439 1195 3507 multiplicibus
1213 3439 1319 3504 negotiis
1340 3439 1440 3489 obrutm
1452 3436 1547 3500 Keple·

181 3528 223 3562 rus
247 3526 335 3561 munus
360 3510 421 3560 iilud
432 3511 557 3575 ingratum
578 3509 673 3570 rejecit,
700 3522 850 3573 quamquam
873 3525 924 3558 non
949 3511 1024 3573 plane
1047 3511 1146 3573 abjecit.
1184 3509 1320 3569 Quaerenti
1343 3511 1409 3560 euim
1429 3507 1548 3558 Dasidl

181 3583 349 3645 Fspripio:
370 3581 462 3641 ,echo
482 3586 508 3630 te
521 3579 688 3633 sbsmditates
706 3578 882 3642 hypothesium
893 3579 927 3630 Ii.
941 3580 997 3633 Ursi
1018 3580 1148 3635 osismos.
1186 3579 1287 3641 Quaeso
1304 3586 1334 3629 ut
1352 3580 1431 3642 primo
1452 3591 1549 3642 quoque

182 3660 291 3718 tempore
302 3660 376 3718 prout
387 3652 499 3716 Tychoui
511 3651 555 3701 abs
568 3656 594 3705 ts
606 3652 749 3715 pontem
761 3651 816 3709 fuit,
829 3651 915 3711 οδω*
929 3651 1056 3715 respoudit
1067 3650 1235 3715 Koplarus
1248 3647 1287 3712 (2.
1300 3649 1363 3701 Dec.
1383 3645 1474 3713 toust:

237 3798 241 3801 .
271 3739 412 3821 „Scripsi
435 3740 465 3803 in
488 3739 615 3812 Ursum,
649 3739 703 3807 sed
726 3737 797 3805 mihi
821 3738 879 3818 ipsi
907 3757 967 3799 nou
990 3738 1162 3813 “tosseim
1194 3744 1317 3817 oportet
1343 3738 1428 3816 prius
1450 3735 1548 3817 inspi-

183 3849 252 3892 cere
275 3830 416 3893 Proolum
439 3837 471 3893 et
492 3827 662 3893 Averroem
685 3827 723 3897 de
746 3826 875 3895 historio
896 3826 1118 3908 hypothesium.
1163 3825 1262 3895 Edem
1286 3826 1462 3907 sueonum,
1497 3825 1548 3889 uhi

181 3918 343 4075 tempori
370 3917 486 3983 invidia
508 3916 572 3979 fieri
594 3915 708 3997 poterit
737 3932 826 3994 quum
855 3934 944 3985 nuuc.
992 3914 1063 3993 Eoit
1090 3915 1170 3978 enim
1193 3909 1323 3996 (Ursus)
1347 3933 1431 3979 meus
1455 3918 1548 3979 auto·

254 4164 302 4215 Hic
326 4177 342 4215 s
363 4161 472 4227 Keplero
495 4159 627 4212 inchoatus
650 4174 730 4225 neque
752 4174 809 4209 voro
835 4157 961 4209 absolutus
984 4156 1080 4211 libellus
1105 4160 1171 4215 inest
1193 4158 1250 4211 Vct
1270 4157 1303 4208 V.
1326 4158 1549 4221 manuscriptorum

182 4234 422 4301 Petropohtanorum
439 4246 545 4299 eumque
563 4237 697 4294 sequentes
715 4230 832 4282 exhibens
848 4231 965 4296 pugione.
