3609 5634
697 386 1004 455 sommus
1465 392 1530 461 ses

164 543 311 625 planetas
335 545 374 606 ad
398 552 497 607 ortum
520 545 568 607 vel
590 564 731 608 occasum
755 546 927 627 dirigendos
949 566 1093 628 persnas
1117 549 1302 626 latitudines,
1327 552 1529 617 consideratis

166 631 215 695 his
230 633 354 713 quidem
376 634 406 695 in
430 634 604 711 directione,
633 636 752 716 qnando
766 637 891 715 planeta
914 637 964 698 vel
979 638 1094 701 oriatur
1113 639 1163 701 rel
1178 640 1306 704 occidat
1354 639 1442 712 Quod
1457 662 1528 705 vero

170 722 248 783 alios
273 722 493 800 significaturos
517 723 645 796 attinet,
673 731 707 785 nt
729 724 860 799 Lunam,
890 725 957 805 jam
986 727 1068 788 aliud
1096 746 1136 788 ex
1157 726 1398 808 Regiomonteno
1423 731 1528 793 dicen-

171 810 256 885 dum,
282 810 363 873 alind
388 811 471 874 mihi.
509 811 768 891 Regiomontanns
791 833 845 894 per
859 814 1103 893 significatorum,
1129 818 1247 897 qnando
1262 818 1288 879 is
1311 818 1405 881 habet
1420 820 1528 882 latitu-

169 899 288 972 dinem,
323 900 406 963 ducit
430 900 571 962 circulum
593 900 767 981 positionis,
801 922 926 983 eumque
949 904 1091 967 circulum
1114 905 1233 967 omnino
1257 909 1466 970 accommodat
1489 910 1529 971 ad
1590 903 1599 912 “

172 987 388 1068 significatoris
421 989 621 1051 latitudinem.
668 991 742 1051 Inde
774 991 987 1072 promissorem
1019 994 1058 1055 ad
1090 993 1168 1056 huno
1197 995 1336 1057 circulum
1367 997 1527 1076 positionis

168 1077 295 1139 adducit
317 1097 420 1140 mrsns
443 1096 498 1157 per
521 1098 606 1141 snam
630 1079 821 1159 promissoris
845 1081 997 1161 propriam
1021 1081 1220 1158 latitudinem,
1246 1085 1420 1147 considerat
1438 1086 1527 1159 enirn,

167 1184 237 1227 cnm
261 1185 319 1248 quo
343 1167 439 1245 gradu
469 1167 586 1230 zodiaci
613 1167 780 1247 promissor
803 1169 907 1231 veniat
934 1171 963 1232 in
992 1171 1069 1232 hunc
1099 1171 1243 1234 circulum
1265 1173 1436 1252 positionis.
1482 1174 1527 1235 Et

168 1255 227 1316 hoc
256 1256 441 1336 decerpere
471 1256 678 1334 promissoris,
710 1259 759 1318 vel
782 1258 847 1338 ejus
870 1261 1010 1339 opposito
1034 1260 1133 1333 radio,
1168 1262 1217 1341 qui
1250 1271 1390 1325 censetur
1415 1262 1527 1324 habere

169 1344 361 1407 latitudinem
384 1345 553 1426 oppositam
577 1346 655 1408 citra
677 1348 925 1410 controversiam.
971 1348 1038 1429 Ego
1067 1368 1138 1410 vero
1167 1350 1286 1430 quando
1309 1351 1427 1412 invenio
1460 1351 1525 1413 Lu·

169 1452 240 1494 nam
265 1434 509 1513 significatricem
541 1434 570 1495 in
595 1437 814 1513 septentrione,
848 1438 979 1498 Martem
1002 1438 1214 1518 promissorem
1233 1447 1333 1500 autem
1357 1438 1387 1499 in
1411 1448 1525 1515 austro,

169 1522 237 1584 dico
261 1522 456 1584 directionem
487 1542 555 1585 esse
587 1524 719 1599 fatuam3
752 1525 850 1604 dirigo
878 1524 988 1606 qnippe
1016 1545 1073 1588 non
1101 1545 1156 1605 per
1187 1526 1315 1588 circulos
1341 1528 1526 1606 positionum

167 1618 363 1672 transeuntes
386 1631 440 1692 per
463 1612 694 1690 significatorem
719 1614 776 1675 nisi
799 1614 829 1675 in
852 1613 1006 1675 horizonte
1030 1623 1062 1676 et
1075 1615 1249 1687 meridiano,
1272 1615 1322 1696 qni
1345 1616 1406 1694 ipsi
1428 1617 1526 1697 signi-

166 1701 307 1762 ficaturos
330 1708 416 1775 sunt3
447 1710 479 1762 et
498 1709 572 1779 puto
596 1701 655 1763 vim
675 1702 863 1782 significandi
885 1702 986 1764 inesse
1010 1703 1084 1765 solis
1107 1704 1280 1783 corporibus
1300 1703 1382 1766 Solis
1406 1713 1438 1767 et
1460 1707 1525 1768 Ln-

165 1807 234 1851 nae.
281 1788 539 1867 Regiomontanns
563 1809 634 1853 vero
659 1790 797 1853 diffundit
817 1791 894 1853 hane
918 1790 978 1852 vim
1001 1810 1055 1871 per
1072 1792 1214 1854 circulum
1227 1792 1397 1873 positionis,
1421 1804 1524 1856 trans-

167 1884 288 1939 euntem
310 1895 365 1956 per
386 1877 462 1939 haee
486 1896 622 1958 corpora.

257 1966 328 2027 Janr
352 1966 430 2046 quod
454 1966 565 2028 attinet
587 1975 730 2046 aspectus
753 1968 977 2046 promissorum,
1002 1968 1111 2047 triplex
1135 1976 1184 2030 est
1198 1969 1303 2029 modus
1327 1968 1525 2033 consideran·

166 2055 224 2116 dae
248 2054 425 2116 latitudinis.
471 2056 537 2116 Aut
559 2056 637 2117 enim
660 2056 788 2118 circulus
803 2075 929 2137 magnus
952 2063 1056 2139 potest
1079 2056 1209 2118 transire
1225 2076 1278 2136 per
1292 2058 1526 2137 significatorem

166 2153 200 2206 st
222 2143 444 2223 promissorem,
474 2151 506 2205 et
530 2143 558 2205 iu
582 2163 618 2206 eo
650 2144 771 2207 extendi
796 2154 954 2226 aspectus3
987 2153 1041 2207 aut
1067 2144 1198 2207 circulus
1219 2164 1344 2225 magnus
1372 2149 1524 2210 transiens

166 2252 221 2315 pst
244 2232 457 2312 promissorem
480 2241 566 2294 secut
589 2232 759 2313 eclipticam
783 2235 813 2295 in
837 2235 912 2296 locis
932 2255 951 2295 a
973 2233 1155 2314 promissore
1180 2234 1363 2297 distantibus
1388 2237 1525 2318 utrinqne

166 2321 336 2403 quadrante
359 2320 539 2401 exhibetque
563 2320 665 2384 radios
690 2330 873 2403 aspectuum.
919 2324 985 2385 Aut
1007 2322 1134 2403 deniqne
1157 2331 1261 2384 centro
1284 2323 1384 2404 posito
1409 2325 1438 2386 in
1453 2335 1538 2387 cor-⁴

165 2428 239 2491 pore
263 2409 455 2490 promissoris
479 2418 511 2472 et
534 2412 743 2492 amplitudine,
768 2420 911 2493 quantam
932 2411 1069 2491 postulat
1084 2419 1235 2491 aspectus,
1260 2412 1407 2473 ducuntur
1421 2413 1525 2476 circuli

166 2507 308 2561 secantes
333 2499 502 2579 eclipticam
540 2508 573 2561 et
604 2501 800 2563 ostendentes
830 2508 972 2581 punctum
995 2498 1168 2579 eclipticae,
1203 2499 1232 2559 in
1257 2519 1314 2579 quo
1346 2501 1526 2564 terminatur

167 2596 328 2668 aspectns3
356 2588 452 2668 primo
475 2590 563 2651 modo
586 2607 644 2651 non
664 2588 785 2651 memini
808 2608 985 2670 quemqnam
1009 2589 1062 2651 uti.
1108 2587 1152 2651 Et
1174 2596 1274 2650 tamen
1298 2588 1369 2651 mihi
1392 2590 1525 2653 nonnihil
1563 2605 1566 2612 ’

166 2676 346 2749 verisimilis,
370 2685 442 2739 tunc
466 2678 584 2758 quando
608 2677 793 2758 significator
816 2678 910 2740 habet
933 2678 1132 2751 latitudinem,
1149 2675 1192 2739 'nt
1216 2677 1241 2739 si
1261 2677 1348 2739 Luna
1371 2679 1411 2741 sit
1425 2679 1523 2759 signi-

166 2765 293 2827 ficatrix.
340 2764 497 2827 Secundus
521 2768 627 2828 modus
651 2766 956 2847 sstRegiomentani
982 2767 1061 2845 apud
1080 2785 1169 2847 quem
1191 2766 1310 2829 sextilis
1334 2786 1451 2849 semper
1465 2768 1523 2830 hs-

168 2854 219 2917 bet
242 2854 397 2916 dimidium
421 2855 591 2916 latitudinis
615 2857 695 2936 ejus,
719 2875 808 2937 qnam
832 2855 927 2918 habet
948 2873 1056 2935 corpus
1078 2855 1286 2936 promissoris,
1313 2857 1409 2918 trinus
1434 2856 1524 2918 dimi-

168 2943 247 3005 dium
271 2943 440 3008 latitudinis
464 2944 631 3024 oppositae,
657 2945 822 3026 quadratus
841 2945 1032 3007 latitudinem
1048 2945 1169 3006 nullam.
1217 2944 1338 3006 Tertius
1359 2945 1431 3007 mihi
1448 2965 1522 3027 pro-

168 3032 258 3094 batur
281 3040 365 3106 tnnc,
391 3034 509 3113 quando
533 3033 654 3094 horizon
677 3034 726 3095 vel
749 3033 933 3096 meridianus
961 3040 1010 3094 est
1041 3032 1235 3112 significator.
1282 3032 1345 3095 Sed
1368 3033 1440 3096 mihi
1464 3034 1522 3114 ipsi

168 3139 226 3182 non
250 3119 422 3182 satisfacio:
448 3121 517 3201 quin
541 3122 641 3201 potius
665 3131 736 3184 tunc
759 3123 789 3183 in
815 3121 1071 3200 speculationibus
1094 3122 1227 3204 physicis
1246 3122 1434 3201 suspiciones
1448 3141 1522 3185 eon·

168 3208 256 3291 cipio,
289 3209 394 3290 quasi
425 3226 520 3271 vana
552 3210 602 3273 sit
629 3228 760 3289 magna
787 3230 873 3292 pars
907 3210 1159 3272 directionum.
1206 3209 1339 3274 Primum
1370 3211 1463 3286 enim,
1497 3211 1525 3274 si

168 3300 256 3361 Luna
270 3306 319 3360 est
332 3297 540 3378 significatrix,
560 3300 707 3379 quomodo
722 3300 752 3362 in
767 3320 802 3361 eo
817 3301 929 3362 circulo
948 3318 1057 3380 magno
1074 3299 1184 3362 dicitnr
1197 3299 1298 3361 venire
1314 3302 1354 3362 ad
1368 3309 1523 3380 aspectum

168 3388 319 3469 planetae,
343 3386 375 3448 in
399 3406 456 3467 quo
479 3407 537 3449 nnn
562 3388 696 3451 incedit?
721 3390 764 3451 At
783 3389 812 3451 in
828 3391 910 3451 nullo
925 3389 1015 3451 trium
1030 3388 1168 3468 superins
1191 3388 1409 3451 recensitorum
1425 3392 1524 3453 circu·

169 3477 263 3539 lorum
288 3475 409 3537 incedit.
454 3475 547 3539 Esset
569 3477 662 3558 igitur
684 3479 789 3541 modus
814 3485 939 3559 quartus
964 3478 1127 3558 quaerendi
1151 3478 1229 3539 hunc
1244 3473 1396 3549 circulum,
1420 3479 1449 3540 in
1466 3498 1523 3560 qno

168 3575 311 3645 aspectus
335 3564 425 3639 inest,
450 3565 530 3627 etis
554 3567 647 3629 etiam
669 3567 830 3647 perplexus
854 3576 886 3628 et
905 3566 1074 3646 ambiguus.
1121 3565 1284 3627 Ducendns
1304 3566 1413 3646 quippe
1436 3575 1471 3629 ut
1494 3568 1523 3628 in

166 3655 261 3716 modo·
283 3654 374 3716 tertio
407 3654 518 3716 circum
550 3656 762 3735 promissorem
786 3655 929 3730 circulus,
961 3655 1056 3717 donec
1079 3663 1164 3716 secet
1191 3654 1271 3714 viam
1294 3654 1398 3716 Lunae
1427 3656 1523 3735 signi-

167 3743 310 3806 ficatricis
333 3742 502 3821 genuinam.
549 3744 645 3824 Atqui
669 3763 816 3827 quaenam
840 3745 915 3805 haec
929 3743 1044 3804 viarum
1058 3742 1179 3825 propria
1193 3742 1319 3803 Lunae?
1363 3743 1432 3807 Non
1448 3744 1523 3806 diri-

167 3833 246 3913 gitur
269 3832 357 3894 Luna
379 3850 433 3911 per
454 3832 565 3894 itinera
588 3833 694 3895 diurna
717 3833 850 3913 propria,
879 3832 934 3893 sed
957 3850 1011 3913 per
1034 3830 1144 3892 itinera
1171 3830 1277 3893 diurna
1300 3830 1393 3894 Solis.
1439 3832 1522 3913 Ergo

167 3921 242 3983 haec
265 3922 316 3983 via
340 3921 444 3982 Lunae
469 3922 650 3983 assumenda
673 3923 732 3984 erit
755 3922 872 3996 fictitia,
897 3921 924 3982 si
946 3939 1053 4001 nempe
1077 3939 1200 3982 manens
1223 3921 1253 3981 iu
1277 3921 1383 3983 eadem
1408 3940 1427 3982 a
1449 3919 1522 3984 Sole

166 4010 314 4072 distantia
337 4028 403 4072 cum
426 4008 499 4072 Sole
522 4011 700 4073 circumiret.
749 4011 831 4074 Tunc
859 4029 932 4090 ergo
960 4010 1043 4090 prius
1071 4017 1155 4072 esset
1177 4010 1330 4072 ducendus
1357 4011 1523 4089 parallelos

167 4099 325 4179 eclipticas
354 4117 409 4177 per
431 4118 540 4179 corpus
568 4099 797 4180 significatoria,
832 4100 997 4162 deludent
1023 4098 1106 4179 prins
1136 4098 1269 4160 secanda
1292 4099 1366 4160 haec
1390 4098 1457 4172 via,
1489 4106 1524 4160 ut

167 4189 261 4250 sectio
284 4188 383 4249 locum
406 4189 589 4264 ostenderet,
615 4189 664 4251 ubi
688 4190 867 4253 terminatur
897 4196 1050 4270 aspectus.
1096 4187 1191 4268 Atqui
1221 4205 1326 4267 parum
1350 4186 1523 4248 verisimili-

166 4277 280 4339 tudinis
303 4277 384 4339 inest
407 4276 437 4338 in
460 4277 517 4339 hoc
540 4278 637 4340 modo.
684 4276 784 4350 Quam
807 4278 896 4352 enim,
921 4295 1044 4358 quaeso,
1068 4276 1128 4338 vim
1144 4275 1281 4337 obtineat
1296 4275 1346 4336 via
1362 4275 1521 4354 quaedam,

165 4385 220 4445 per
243 4385 332 4447 quam
355 4367 442 4428 Luna
464 4386 523 4428 non
547 4366 674 4441 incedit,
708 4368 762 4429 sed
785 4367 923 4430 incedere
947 4365 1091 4444 fingitur?
1138 4366 1240 4444 Atque
1264 4364 1321 4426 hao
1345 4365 1522 4426 considera-

165 4455 247 4517 tione
270 4463 367 4517 totum
382 4440 535 4535 ne'gotium
551 4455 665 4529 Lunae,
690 4464 724 4518 ut
738 4456 960 4536 significatricis
975 4452 1160 4533 dirigendae,
1185 4460 1358 4533 suspectum
1375 4454 1523 4516 redditur.

69 4563 72 4568 ·
165 4543 283 4614 Deinde
299 4541 414 4625 objicio,
440 4563 507 4607 cum
525 4563 591 4606 meo
601 4544 749 4606 horizonti
764 4554 796 4606 et
810 4544 989 4615 meridiano,
1014 4550 1078 4603 tum
1093 4541 1327 4621 Regiomontani
1340 4541 1522 4622 positionum

165 4632 285 4695 circulis
307 4633 570 4714 significatorium,
596 4642 649 4695 aut
672 4652 731 4695 non
753 4652 844 4713 posse
868 4640 1010 4713 aspectus
1034 4630 1249 4711 promissorum
1268 4649 1336 4691 esse
1351 4631 1521 4712 promisso-

164 4742 223 4798 res,
250 4729 303 4785 aut
325 4731 456 4786 tractum
478 4723 588 4803 requiri
611 4722 755 4803 temporis
779 4722 948 4800 longissimi
972 4720 1119 4781 adunam
1140 4719 1343 4794 directionem,
1369 4720 1427 4781 imo
1444 4739 1521 4802 qua:

166 4811 287 4874 dratsm
320 4810 534 4887 radiationem,
568 4832 621 4874 sen
649 4812 713 4892 ejus
741 4810 936 4873 directionem
959 4809 1077 4872 omnino
1106 4816 1283 4889 perpetuam
1310 4828 1388 4871 esse.
1435 4809 1517 4872 Nam

164 4919 241 4963 nnus
264 4910 297 4963 et
318 4901 399 4964 idem
421 4900 587 4981 promissor
608 4900 725 4964 radium
747 4900 895 4976 sextilem,
925 4901 1106 4982 quadratum
1125 4899 1178 4962 dre.
1203 4897 1315 4962 chonlo
1337 4897 1520 4962 circumfun-

235 5005 437 5057 ΜΜΟΜῙ·
1276 5002 1310 5056 23
