3609 5634
793 309 877 376 cao
893 309 937 362 u·
1483 311 1545 401 aas

274 471 378 536 Etiam
391 470 543 536 Saturnus
560 470 716 535 solitarius
732 479 781 534 est
799 491 963 552 emmaque
981 470 1163 544 solitudinis,
1188 475 1277 555 plane
1299 479 1335 536 ut
1357 473 1420 555 ejus
1444 473 1546 554 auguli

180 561 336 624 rectitudo
359 581 418 625 nou
442 567 547 642 potest
569 561 646 622 ferre
671 559 1035 644 ullaminaequalitatem
1058 562 1107 624 vel
1135 564 1300 638 minimam,
1332 562 1417 642 cujus
1444 562 1561 644 gratia⁴

180 650 343 730 multiplex
366 650 427 714 liat
468 647 583 713 Contra
597 649 751 727 Jupitere
775 669 886 730 genere
911 650 1091 714 infinitorum
1114 660 1269 715 acutorum
1291 671 1381 714 uuum
1405 651 1546 732 angulum

180 747 293 802 nactus
316 738 471 821 popularis
494 738 563 800 ideo
587 738 685 800 factus
714 746 777 814 est,
806 740 961 802 moderate
990 746 1091 802 tamen
1115 749 1147 803 et
1169 747 1382 823 temperanter.
1429 739 1547 804 Auctor

181 829 266 891 euim
288 837 338 892 est
366 827 567 892 amicitiarum
594 827 808 890 honestiorum.
855 830 906 892 Ita
929 829 1014 891 Mars
1045 837 1077 893 et
1099 829 1205 893 Venus
1236 830 1397 911 populares
1425 837 1458 892 ει
1486 828 1546 911 ipsi

182 925 266 994 sunt,
289 919 344 981 sed
359 917 490 981 nimium.
523 916 603 980 Nam
618 916 743 979 obtusus
758 924 790 979 et
807 917 950 999 prodigus
973 917 1106 997 ipsorum
1130 921 1257 999 angulos
1280 918 1546 999 intemperantiam

181 1016 282 1070 notat.
315 1007 483 1070 Mercurius
507 1006 676 1090 denatura
700 1005 823 1069 Saturni
849 1015 881 1069 et
900 1006 989 1070 Jovis
1013 1015 1062 1070 εει
1084 1008 1202 1070 ratione
1226 1008 1339 1089 auguli.
1376 1008 1419 1069 Et
1442 1015 1546 1072 amant

181 1096 299 1159 literati
321 1097 441 1178 quidem
464 1095 665 1170 solitudinem,
691 1096 744 1157 sed
767 1096 922 1159 inhumani
944 1102 1046 1159 tamen
1072 1115 1130 1159 nou
1154 1108 1236 1160 suut.
1272 1100 1388 1161 Amant
1408 1116 1469 1172 eoa,
1495 1098 1544 1179 qni

183 1186 293 1248 iisdem
307 1186 415 1249 studiis
430 1184 629 1258 oblectantur,
650 1185 827 1265 modumque
843 1192 983 1249 statuunt
1005 1184 1035 1247 iu
1051 1186 1340 1258 conversationibus
1363 1187 1432 1267 plus
1455 1205 1545 1268 quam

183 1274 314 1358 Jupiter,
339 1275 421 1356 cujus
445 1273 541 1336 omnis
566 1273 646 1336 actio
669 1281 718 1335 est
739 1274 769 1337 iu
794 1274 939 1338 coetubus
963 1275 1115 1338 hominum
1137 1275 1273 1357 interque
1297 1283 1489 1356 purpuratos.

272 1363 393 1445 Jupiter
411 1371 443 1427 et
457 1363 563 1425 Venus
587 1362 724 1425 foecundi
748 1371 828 1426 suut.
876 1364 958 1427 Saue
982 1364 1052 1445 quia
1074 1364 1194 1446 Jupiter
1216 1364 1291 1427 lacit
1314 1365 1353 1426 ad
1377 1365 1544 1446 plerorum-

183 1471 242 1532 que
266 1451 526 1535 compositionem,
550 1452 657 1515 Venus
681 1460 780 1515 antem
803 1451 891 1515 Jovis
915 1451 1001 1534 quasi
1025 1453 1145 1516 soboles
1170 1462 1233 1529 est,
1264 1473 1332 1516 cum
1354 1473 1415 1515 uua
1437 1454 1544 1516 Venus

182 1540 294 1622 viginti
314 1542 410 1604 Joves
433 1541 639 1603 breviusculos
661 1541 691 1604 iu
715 1561 748 1604 se
771 1543 934 1605 contineat
966 1541 1088 1622 Jupiter
1110 1551 1211 1606 autem
1233 1543 1264 1605 iu
1287 1562 1386 1605 mares
1411 1543 1543 1623 aequior,

63 1632 65 1634 ’
183 1630 290 1693 Veuue
314 1630 344 1693 iu
369 1629 535 1692 foeminas:
570 1630 648 1692 unde
676 1631 727 1692 ille
758 1650 823 1693 mss
853 1630 981 1705 dicitur,
1015 1631 1090 1693 haec
1114 1632 1255 1695 foemina.
1301 1632 1441 1713 Pyramia
1464 1630 1551 1694 euim.

181 1719 294 1781 efficax
316 1725 383 1793 est,
416 1718 594 1781 icosaedron
624 1719 761 1781 effectum
790 1727 822 1781 ει
852 1719 984 1783 soboles.
1010 1720 1079 1796 ,Ex
1101 1721 1150 1783 his
1173 1721 1282 1784 iisdem
1304 1720 1459 1801 principiis
1484 1719 1543 1783 ali·

182 1815 297 1888 quanto
324 1808 506 1891 explicatior
536 1825 630 1870 causa
657 1808 807 1882 redditur,
841 1827 932 1890 quare
956 1809 1124 1872 Mercurius
1151 1810 1314 1892 promiscui
1336 1829 1427 1873 sexus
1450 1809 1491 1873 sit
1514 1815 1546 1870 et

183 1915 276 1980 quare
299 1898 329 1960 iu
354 1897 557 1962 foecunditate
580 1896 750 1961 mediocris.

271 1985 358 2049 Jovis
381 1986 522 2067 primum,
552 1984 620 2048 dein
644 1984 784 2064 Saturni,
814 1994 846 2048 ει
873 1986 992 2049 demum
1015 1987 1158 2052 Mercurii
1186 1987 1390 2069 tranquillitas
1414 1993 1447 2049 et
1468 2005 1543 2049 con-

183 2074 302 2139 stantia
323 2095 436 2139 morum
461 2083 509 2138 εει
531 2096 550 2138 a
572 2073 726 2155 paucitate
750 2076 924 2156 planorum:
957 2075 1086 2139 Veneris
1114 2085 1147 2139 et
1168 2077 1279 2140 Martie
1303 2075 1489 2139 turbulentia
1512 2082 1545 2137 et

182 2165 296 2228 levitae
320 2185 339 2226 a
360 2165 562 2228 multitudiue.
604 2163 732 2226 Varium
755 2173 787 2227 et
808 2163 952 2226 mutabile
976 2183 1094 2245 semper
1117 2166 1255 2229 foemina.
1292 2166 1336 2228 Ει
1358 2165 1454 2244 figura
1476 2164 1544 2225 Ve-

182 2254 264 2316 neris
287 2254 418 2316 omnium
441 2253 571 2316 maxime
593 2252 679 2315 varia
702 2261 735 2316 et
757 2251 909 2316 volubilis.
946 2254 1050 2336 Atque
1073 2253 1104 2317 hi
1127 2256 1240 2336 gradus
1264 2262 1349 2318 sunt:
1375 2254 1452 2316 unde
1476 2272 1543 2316 me·

183 2343 250 2405 dius
274 2343 456 2418 Mercurius,
481 2342 582 2404 media
604 2342 673 2404 fide.

272 2431 415 2495 Mercurii
428 2430 582 2494 ,versatile
605 2438 638 2493 et
660 2431 757 2493 celere
780 2430 932 2510 ingenium
952 2431 1046 2493 refert
1064 2431 1198 2494 octaedri
1216 2431 1379 2494 mobilitas.
1413 2431 1494 2494 Nam
1516 2429 1542 2492 si

182 2538 275 2601 super
306 2521 382 2583 dnos
414 2520 540 2601 angulos
568 2519 694 2592 volvas,
727 2527 856 2600 quatuor
888 2519 1030 2582 contiuua
1062 2520 1161 2583 latera
1187 2539 1242 2600 per
1269 2520 1400 2582 medium
1430 2520 1542 2598 figurae

181 2609 330 2673 directum
360 2608 419 2672 iter
445 2617 613 2671 manserat.
670 2608 799 2671 Ceteras
829 2608 941 2689 figuras
974 2609 1238 2692 quomodocunque
1266 2610 1391 2683 volvas,
1424 2607 1542 2671 videbis

180 2717 237 2779 per
260 2698 389 2760 medium
412 2706 590 2761 transversa
612 2704 645 2762 ει
667 2698 812 2778 impedita
834 2696 974 2762 incedere
999 2697 1105 2762 latera

272 2788 357 2849 Mars
380 2786 482 2850 multis
505 2786 652 2850 lateribus
682 2787 827 2866 pauciora
854 2787 947 2867 plana
975 2786 1082 2863 efficit,
1115 2786 1221 2848 Venus
1246 2785 1373 2848 totidem
1398 2783 1542 2847 lateribus
1594 2789 1597 2796 ’

179 2877 273 2958 plura
294 2876 405 2958 plana:
438 2876 549 2939 Martis
574 2875 666 2937 etiam
690 2875 776 2940 multi
805 2885 933 2938 conatus
961 2875 1038 2938 irriti
1065 2883 1154 2938 eunt:
1189 2874 1294 2937 Venus
1318 2873 1475 2936 conatibus
1497 2871 1543 2936 illi

181 2985 249 3051 par,
273 2964 463 3046 prosperiore
487 2972 590 3027 tamen
614 2964 708 3026 utitur
731 2965 861 3026 fortuna.
902 2964 968 3026 Nec
991 2963 1021 3026 id
1045 2964 1152 3027 mimm
1175 2982 1243 3032 esse
1267 2964 1368 3026 debet.
1409 2961 1543 3025 Facilius

140 3085 146 3092 ·
181 3056 262 3118 enim
285 3055 412 3118 choreae
432 3053 630 3118 instituuntur
647 3071 736 3134 quam
755 3052 846 3125 bella,
869 3060 900 3115 et
922 3070 979 3133 par
1002 3061 1077 3128 erat,
1103 3054 1191 3116 citius
1215 3054 1254 3115 ad
1278 3053 1366 3116 duem
1387 3051 1542 3132 pervenire

182 3163 312 3218 amores,
336 3147 429 3226 quarn·
447 3144 524 3215 iras,
548 3142 619 3224 qnia
641 3142 698 3203 hae
722 3141 872 3221 perimunt
894 3141 1039 3219 homines,
1064 3141 1108 3206 illi
1131 3142 1267 3223 gignunt.
1314 3141 1429 3206 Eodem
1451 3146 1541 3222 pacto

182 3233 350 3296 Mercurius
374 3230 507 3297 Saturno
529 3230 647 3294 felicior
671 3238 728 3295 est.
745 3232 772 3303 ο)

670 3407 716 3472 m
740 3377 1057 3471 capuanorum

704 3529 821 3582 NOTAE
840 3528 1018 3581 aucroms.

260 3637 294 3711 a)
313 3642 425 3713 Loquor
444 3658 504 3695 cum
528 3640 687 3713 astrologis.
729 3639 801 3694 Nam
821 3638 843 3692 si
867 3655 958 3694 meam
981 3639 1149 3695 seutentiam
1171 3640 1272 3705 dicam,
1296 3639 1389 3694 nullus
1412 3637 1441 3693 in
1463 3642 1542 3695 coelo

179 3723 319 3779 maleficus
333 3722 399 3777 mihi
413 3727 555 3776 censetur:
577 3722 658 3793 idque
673 3737 734 3774 curn
748 3722 784 3775 oh
798 3719 870 3774 elias
883 3719 1017 3784 rationes,
1040 3727 1097 3775 mm
1111 3722 1230 3777 maxime
1245 3727 1360 3791 propter
1373 3721 1453 3785 hano,
1477 3721 1542 3792 quia

179 3803 296 3859 hominis
315 3802 401 3873 ipsius
421 3809 525 3857 natura
543 3808 587 3856 εει
607 3801 652 3855 hic
671 3801 698 3856 in
718 3801 805 3854 Terra
823 3816 946 3865 versans,
972 3816 1043 3872 quas
1066 3801 1266 3856 radiationibus
1286 3803 1464 3871 planetarum
1477 3818 1540 3855 con·

180 3883 258 3938 ciliat
279 3885 405 3937 effectum
425 3882 454 3936 iu
468 3898 545 3944 sese;
566 3882 638 3936 sicut
656 3881 775 3944 auditus,
800 3880 951 3935 instructus
975 3881 1111 3935 facultate
1133 3881 1310 3953 dignoscendi
1331 3880 1539 3936 concordantias

178 3980 285 4028 rocam,
309 3961 439 4018 conciliat
452 3962 572 4018 musicae
586 3962 734 4026 hancrim,
760 3960 855 4015 utilla
873 3960 972 4016 incitet
985 3961 1144 4017 audientem
1164 3964 1199 4015 ad
1214 3962 1379 4016 saltandum.
1420 3959 1465 4014 De
1485 3961 1539 4015 hac

177 4061 210 4099 re
231 4044 278 4115 egi
291 4042 384 4100 multis
403 4042 613 4112 inrespouso
632 4044 666 4097 ad
685 4042 797 4113 objecta
816 4041 945 4096 Doctoria
964 4040 1126 4096 Roesliui
1157 4048 1255 4096 contra
1282 4033 1380 4096 lilirum
1401 4042 1435 4094 de
1454 4040 1541 4094 stella

179 4140 260 4189 nora,
283 4130 314 4178 et
327 4121 395 4178 alibi
409 4123 520 4193 passim,
535 4123 673 4194 etiamque
693 4123 721 4177 in
734 4123 783 4177 lib.
799 4122 846 4176 lV.
871 4121 1097 4177 Harmonicorum
1117 4121 1230 4196 passim,
1249 4121 1412 4192 praesertim
1435 4135 1495 4189 cap.
1512 4116 1539 4174 7.

259 4203 290 4271 h)
311 4206 372 4260 Hoc
390 4203 542 4275 allegorice
563 4204 735 4258 intellectum
755 4201 878 4274 physicis
900 4202 1055 4259 rationibus
1070 4202 1180 4257 delendi
1195 4206 1305 4271 potest:
1326 4206 1359 4254 ut
1375 4199 1399 4253 ai
1413 4199 1464 4254 sub
1486 4197 1539 4253 cdii

178 4286 316 4340 vocabulo
337 4283 481 4340 discrimen
508 4285 697 4356 qualecunque
724 4281 901 4353 intelligatur
929 4283 1008 4348 situs,
1038 4290 1135 4346 motus,
1164 4281 1281 4344 luminis,
1311 4278 1419 4335 coloris.
1459 4278 1538 4344 Vide,

179 4367 275 4429 lector,
296 4371 382 4435 caput
394 4365 519 4420 ultimum
532 4364 669 4419 Ptolemai
690 4362 916 4429 harmonicorum,
937 4363 985 4418 uhi
999 4362 1159 4435 prodierint,
1182 4376 1308 4432 quaeque
1327 4360 1355 4414 in
1375 4360 1403 4413 id
1422 4365 1538 4414 annota-

179 4446 274 4510 verim,
296 4444 460 4515 praesertim
479 4445 603 4500 ultimam
621 4460 709 4498 meam
730 4442 948 4513 speculationem
967 4446 1002 4498 de
1016 4442 1128 4498 Saturni
1147 4449 1178 4496 et
1190 4439 1289 4495 Martis
1302 4439 1403 4495 mutuis
1418 4441 1539 4495 excessi·
1563 4503 1569 4514 ί

180 4527 231 4581 bus
251 4527 297 4579 rel
318 4524 479 4588 defectibus,
501 4525 577 4579 Joris
598 4541 664 4578 vero
684 4523 882 4578 mediocritate.
905 4515 943 4593 ⁸⁸)
1403 4559 1410 4562 -

260 4603 286 4673 ε)
307 4605 369 4661 Etsi
389 4604 458 4659 nihil
486 4612 530 4659 est
550 4606 602 4660 hoc
622 4609 721 4674 caput,
750 4602 803 4657 uisi
829 4604 906 4658 lusus
929 4602 1127 4674 astrologicae,
1155 4619 1208 4656 nec
1232 4616 1298 4672 pars
1319 4598 1410 4671 operis
1431 4598 1537 4655 censeri

180 4687 271 4750 debet,
293 4688 340 4740 sed
361 4702 511 4740 excursus:
533 4683 659 4740 conferat
677 4690 771 4738 tamen
791 4682 858 4737 illud
880 4685 968 4738 lector
988 4699 1049 4738 cum
1068 4682 1224 4738 Ptolemaei
1242 4681 1410 4745 rationibus,
1432 4685 1490 4736 tam
1509 4680 1538 4735 in

179 4765 349 4830 Tetrabiblo,
370 4782 452 4838 quam
472 4766 500 4820 in
514 4764 701 4820 Harmonicis:
723 4762 828 4818 ridebit
847 4769 957 4818 nostras
971 4762 1148 4819 Ptolemaicis
1168 4781 1223 4819 non
1244 4762 1395 4827 interiores,
1416 4777 1450 4817 sc
1463 4761 1535 4818 forte

179 4846 307 4902 meliores
327 4863 397 4902 esse.

765 4915 958 4932 Μ
