<?xml version="1.0" encoding="UTF-8"?>
<!DOCTYPE html PUBLIC "-//W3C//DTD XHTML 1.0 Transitional//EN"
    "http://www.w3.org/TR/xhtml1/DTD/xhtml1-transitional.dtd">
<html xmlns="http://www.w3.org/1999/xhtml" xml:lang="en" lang="en">
 <head>
  <title>
</title>
<meta http-equiv="Content-Type" content="text/html;charset=utf-8" />
  <meta name='ocr-system' content='tesseract 3.04.00' />
  <meta name='ocr-capabilities' content='ocr_page ocr_carea ocr_par ocr_line ocrx_word'/>
</head>
<body>
  <div class='ocr_page' id='page_1' title='image "./joanniskepleria01unkngoog_0295.png"; bbox 0 0 3609 5634; ppageno 0'>
   <div class='ocr_carea' id='block_1_1' title="bbox 713 393 1491 461">
    <p class='ocr_par' dir='ltr' id='par_1_1' title="bbox 713 393 1491 461">
     <span class='ocr_line' id='line_1_1' title="bbox 713 393 1491 461; baseline 0.001 -18"><span class='ocrx_word' id='word_1_1' title='bbox 713 399 801 443; x_wconf 85' lang='lat' dir='ltr'>contra</span> <span class='ocrx_word' id='word_1_2' title='bbox 819 393 917 445; x_wconf 76' lang='lat' dir='ltr'>orsam.</span> <span class='ocrx_word' id='word_1_3' title='bbox 1004 409 1018 446; x_wconf 54' lang='grc'>.“</span> <span class='ocrx_word' id='word_1_4' title='bbox 1425 394 1491 461; x_wconf 78' lang='lat'>259</span> 
     </span>
    </p>
   </div>
   <div class='ocr_carea' id='block_1_2' title="bbox 67 539 1493 1875">
    <p class='ocr_par' dir='ltr' id='par_1_2' title="bbox 67 539 1493 1875">
     <span class='ocr_line' id='line_1_2' title="bbox 106 539 1490 633; baseline 0.012 -32"><span class='ocrx_word' id='word_1_5' title='bbox 106 539 207 602; x_wconf 70' lang='lat' dir='ltr'>efficit</span> <span class='ocrx_word' id='word_1_6' title='bbox 231 542 338 608; x_wconf 81' lang='lat' dir='ltr'>insito</span> <span class='ocrx_word' id='word_1_7' title='bbox 359 547 508 630; x_wconf 89' lang='lat' dir='ltr'>principio</span> <span class='ocrx_word' id='word_1_8' title='bbox 531 549 641 624; x_wconf 70' lang='lat' dir='ltr'>activa</span> <span class='ocrx_word' id='word_1_9' title='bbox 666 552 720 612; x_wconf 89' lang='lat' dir='ltr'>sed</span> <span class='ocrx_word' id='word_1_10' title='bbox 743 552 859 631; x_wconf 80' lang='lat' dir='ltr'>rapitur</span> <span class='ocrx_word' id='word_1_11' title='bbox 882 573 901 613; x_wconf 88' lang='lat' dir='ltr'>a</span> <span class='ocrx_word' id='word_1_12' title='bbox 923 552 990 614; x_wconf 80' lang='lat' dir='ltr'>fixis</span> <span class='ocrx_word' id='word_1_13' title='bbox 1009 549 1053 615; x_wconf 99' lang='grc'><strong>24</strong></span> <span class='ocrx_word' id='word_1_14' title='bbox 1077 553 1174 626; x_wconf 81' lang='lat' dir='ltr'>horis3</span> <span class='ocrx_word' id='word_1_15' title='bbox 1196 552 1243 614; x_wconf 90' lang='lat' dir='ltr'>ita</span> <span class='ocrx_word' id='word_1_16' title='bbox 1264 553 1361 633; x_wconf 85' lang='lat' dir='ltr'>prima</span> <span class='ocrx_word' id='word_1_17' title='bbox 1383 555 1415 628; x_wconf 70' lang='lat' dir='ltr'>ll</span> <span class='ocrx_word' id='word_1_18' title='bbox 1436 575 1490 618; x_wconf 89' lang='lat' dir='ltr'>ra-</span> 
     </span>
     <span class='ocr_line' id='line_1_3' title="bbox 105 629 1491 722; baseline 0.011 -32"><span class='ocrx_word' id='word_1_19' title='bbox 105 629 193 708; x_wconf 87' lang='lat' dir='ltr'>pitur</span> <span class='ocrx_word' id='word_1_20' title='bbox 218 653 240 693; x_wconf 89' lang='lat' dir='ltr'>a</span> <span class='ocrx_word' id='word_1_21' title='bbox 265 635 374 714; x_wconf 88' lang='lat' dir='ltr'>prima</span> <span class='ocrx_word' id='word_1_22' title='bbox 396 634 431 716; x_wconf 72' lang='lat' dir='ltr'>li,</span> <span class='ocrx_word' id='word_1_23' title='bbox 456 657 549 718; x_wconf 87' lang='lat' dir='ltr'>eoque</span> <span class='ocrx_word' id='word_1_24' title='bbox 573 640 711 701; x_wconf 87' lang='lat' dir='ltr'>ordinate</span> <span class='ocrx_word' id='word_1_25' title='bbox 735 659 854 721; x_wconf 83' lang='lat' dir='ltr'>semper</span> <span class='ocrx_word' id='word_1_26' title='bbox 880 641 1029 703; x_wconf 80' lang='lat' dir='ltr'>inferioris</span> <span class='ocrx_word' id='word_1_27' title='bbox 1053 642 1149 721; x_wconf 87' lang='lat' dir='ltr'>prima</span> <span class='ocrx_word' id='word_1_28' title='bbox 1172 662 1190 702; x_wconf 93' lang='lat' dir='ltr'>a</span> <span class='ocrx_word' id='word_1_29' title='bbox 1213 644 1309 721; x_wconf 88' lang='lat' dir='ltr'>prima</span> <span class='ocrx_word' id='word_1_30' title='bbox 1330 645 1491 722; x_wconf 84' lang='lat' dir='ltr'>superioris</span> 
     </span>
     <span class='ocr_line' id='line_1_4' title="bbox 67 724 1491 812; baseline 0.012 -34"><span class='ocrx_word' id='word_1_31' title='bbox 67 803 71 812; x_wconf 28' lang='grc'><strong>,</strong></span> <span class='ocrx_word' id='word_1_32' title='bbox 105 737 207 798; x_wconf 87' lang='lat' dir='ltr'>usqne</span> <span class='ocrx_word' id='word_1_33' title='bbox 233 724 281 784; x_wconf 83' lang='lat' dir='ltr'>ad</span> <span class='ocrx_word' id='word_1_34' title='bbox 302 725 434 788; x_wconf 87' lang='lat' dir='ltr'>Lunam.</span> <span class='ocrx_word' id='word_1_35' title='bbox 480 727 574 790; x_wconf 92' lang='lat' dir='ltr'>Porro</span> <span class='ocrx_word' id='word_1_36' title='bbox 605 747 681 809; x_wconf 90' lang='lat' dir='ltr'>quae</span> <span class='ocrx_word' id='word_1_37' title='bbox 712 729 760 792; x_wconf 88' lang='lat' dir='ltr'>bio</span> <span class='ocrx_word' id='word_1_38' title='bbox 785 731 1002 792; x_wconf 81' lang='lat' dir='ltr'>Fracastoreus</span> <span class='ocrx_word' id='word_1_39' title='bbox 1030 731 1249 811; x_wconf 87' lang='lat' dir='ltr'>interpretandi</span> <span class='ocrx_word' id='word_1_40' title='bbox 1277 751 1370 798; x_wconf 84' lang='lat' dir='ltr'>causa</span> <span class='ocrx_word' id='word_1_41' title='bbox 1393 733 1491 806; x_wconf 82' lang='lat' dir='ltr'>affert,</span> 
     </span>
     <span class='ocr_line' id='line_1_5' title="bbox 105 808 1493 902; baseline 0.012 -35"><span class='ocrx_word' id='word_1_42' title='bbox 105 826 144 867; x_wconf 87' lang='lat' dir='ltr'>ea</span> <span class='ocrx_word' id='word_1_43' title='bbox 169 808 199 869; x_wconf 91' lang='lat' dir='ltr'>si</span> <span class='ocrx_word' id='word_1_44' title='bbox 225 829 306 874; x_wconf 89' lang='lat' dir='ltr'>cnm</span> <span class='ocrx_word' id='word_1_45' title='bbox 331 815 389 876; x_wconf 90' lang='lat' dir='ltr'>hac</span> <span class='ocrx_word' id='word_1_46' title='bbox 411 816 660 896; x_wconf 78' lang='lat' dir='ltr'>interpretatione</span> <span class='ocrx_word' id='word_1_47' title='bbox 686 819 886 894; x_wconf 77' lang='lat' dir='ltr'>conterantur,</span> <span class='ocrx_word' id='word_1_48' title='bbox 913 837 968 899; x_wconf 91' lang='lat' dir='ltr'>per</span> <span class='ocrx_word' id='word_1_49' title='bbox 991 840 1024 881; x_wconf 88' lang='lat' dir='ltr'>se</span> <span class='ocrx_word' id='word_1_50' title='bbox 1039 839 1147 881; x_wconf 87' lang='lat' dir='ltr'>casura</span> <span class='ocrx_word' id='word_1_51' title='bbox 1157 828 1244 899; x_wconf 89' lang='lat' dir='ltr'>puto.</span> <span class='ocrx_word' id='word_1_52' title='bbox 1291 820 1406 882; x_wconf 89' lang='lat' dir='ltr'>Verum</span> <span class='ocrx_word' id='word_1_53' title='bbox 1425 822 1493 902; x_wconf 87' lang='lat' dir='ltr'>ipsa</span> 
     </span>
     <span class='ocr_line' id='line_1_6' title="bbox 105 897 1492 972; baseline 0.01 -15"><span class='ocrx_word' id='word_1_54' title='bbox 105 897 309 963; x_wconf 82' lang='lat' dir='ltr'>Aristotelis</span> <span class='ocrx_word' id='word_1_55' title='bbox 334 903 511 968; x_wconf 82' lang='lat' dir='ltr'>haec·ratio</span> <span class='ocrx_word' id='word_1_56' title='bbox 535 907 737 968; x_wconf 88' lang='lat' dir='ltr'>constituendi</span> <span class='ocrx_word' id='word_1_57' title='bbox 762 908 912 970; x_wconf 85' lang='lat' dir='ltr'>coelestes</span> <span class='ocrx_word' id='word_1_58' title='bbox 936 910 1024 970; x_wconf 90' lang='lat' dir='ltr'>orbes</span> <span class='ocrx_word' id='word_1_59' title='bbox 1049 928 1107 970; x_wconf 94' lang='lat' dir='ltr'>non</span> <span class='ocrx_word' id='word_1_60' title='bbox 1122 917 1240 970; x_wconf 91' lang='lat' dir='ltr'>tantum</span> <span class='ocrx_word' id='word_1_61' title='bbox 1257 908 1287 969; x_wconf 92' lang='lat' dir='ltr'>in</span> <span class='ocrx_word' id='word_1_62' title='bbox 1307 912 1492 972; x_wconf 78' lang='lat' dir='ltr'>astronomia</span> 
     </span>
     <span class='ocr_line' id='line_1_7' title="bbox 107 986 1490 1078; baseline 0.012 -33"><span class='ocrx_word' id='word_1_63' title='bbox 107 986 253 1063; x_wconf 83' lang='lat' dir='ltr'>videtur,</span> <span class='ocrx_word' id='word_1_64' title='bbox 284 993 343 1053; x_wconf 89' lang='lat' dir='ltr'>sed</span> <span class='ocrx_word' id='word_1_65' title='bbox 367 1007 461 1073; x_wconf 87' lang='lat' dir='ltr'>neque</span> <span class='ocrx_word' id='word_1_66' title='bbox 486 995 673 1057; x_wconf 88' lang='lat' dir='ltr'>naturalibus</span> <span class='ocrx_word' id='word_1_67' title='bbox 698 997 827 1078; x_wconf 76' lang='lat' dir='ltr'>uuquue</span> <span class='ocrx_word' id='word_1_68' title='bbox 850 997 1017 1059; x_wconf 88' lang='lat' dir='ltr'>rationibus</span> <span class='ocrx_word' id='word_1_69' title='bbox 1045 1009 1094 1058; x_wconf 89' lang='lat' dir='ltr'>est</span> <span class='ocrx_word' id='word_1_70' title='bbox 1117 1007 1331 1059; x_wconf 85' lang='lat' dir='ltr'>consentanea.</span> <span class='ocrx_word' id='word_1_71' title='bbox 1378 1000 1490 1073; x_wconf 89' lang='lat' dir='ltr'>Primo,</span> 
     </span>
     <span class='ocr_line' id='line_1_8' title="bbox 107 1077 1489 1164; baseline 0.009 -27"><span class='ocrx_word' id='word_1_72' title='bbox 107 1077 193 1154; x_wconf 83' lang='lat' dir='ltr'>qnod</span> <span class='ocrx_word' id='word_1_73' title='bbox 223 1079 300 1141; x_wconf 89' lang='lat' dir='ltr'>sine</span> <span class='ocrx_word' id='word_1_74' title='bbox 326 1081 497 1144; x_wconf 85' lang='lat' dir='ltr'>discrimine</span> <span class='ocrx_word' id='word_1_75' title='bbox 512 1084 697 1164; x_wconf 79' lang='lat' dir='ltr'><strong>superiorum</strong></span> <span class='ocrx_word' id='word_1_76' title='bbox 711 1096 809 1146; x_wconf 89' lang='lat' dir='ltr'>motus</span> <span class='ocrx_word' id='word_1_77' title='bbox 824 1085 853 1146; x_wconf 85' lang='lat' dir='ltr'>iri</span> <span class='ocrx_word' id='word_1_78' title='bbox 868 1087 1026 1148; x_wconf 79' lang='lat' dir='ltr'>inferiores</span> <span class='ocrx_word' id='word_1_79' title='bbox 1042 1087 1172 1148; x_wconf 88' lang='lat' dir='ltr'>derivari</span> <span class='ocrx_word' id='word_1_80' title='bbox 1193 1086 1312 1160; x_wconf 88' lang='lat' dir='ltr'>asserit,</span> <span class='ocrx_word' id='word_1_81' title='bbox 1338 1096 1370 1147; x_wconf 90' lang='lat' dir='ltr'>et</span> <span class='ocrx_word' id='word_1_82' title='bbox 1389 1108 1489 1149; x_wconf 89' lang='lat' dir='ltr'>eorum</span> 
     </span>
     <span class='ocr_line' id='line_1_9' title="bbox 107 1164 1490 1257; baseline 0.008 -31"><span class='ocrx_word' id='word_1_83' title='bbox 107 1164 160 1244; x_wconf 91' lang='lat' dir='ltr'>qui</span> <span class='ocrx_word' id='word_1_84' title='bbox 186 1170 426 1248; x_wconf 86' lang='lat' dir='ltr'>amplectuntur</span> <span class='ocrx_word' id='word_1_85' title='bbox 450 1172 618 1249; x_wconf 84' lang='lat' dir='ltr'>inferiores,</span> <span class='ocrx_word' id='word_1_86' title='bbox 643 1182 675 1234; x_wconf 89' lang='lat' dir='ltr'>et</span> <span class='ocrx_word' id='word_1_87' title='bbox 698 1175 746 1254; x_wconf 92' lang='lat' dir='ltr'>qui</span> <span class='ocrx_word' id='word_1_88' title='bbox 762 1194 819 1235; x_wconf 92' lang='lat' dir='ltr'>non</span> <span class='ocrx_word' id='word_1_89' title='bbox 835 1176 1065 1255; x_wconf 87' lang='lat' dir='ltr'>amplectuntur,</span> <span class='ocrx_word' id='word_1_90' title='bbox 1091 1176 1217 1257; x_wconf 81' lang='lat' dir='ltr'>epioynli</span> <span class='ocrx_word' id='word_1_91' title='bbox 1244 1176 1326 1236; x_wconf 89' lang='lat' dir='ltr'>dicti.</span> <span class='ocrx_word' id='word_1_92' title='bbox 1374 1178 1490 1239; x_wconf 85' lang='lat' dir='ltr'>Deinde</span> 
     </span>
     <span class='ocr_line' id='line_1_10' title="bbox 108 1255 1489 1344; baseline 0.009 -29"><span class='ocrx_word' id='word_1_93' title='bbox 108 1255 205 1333; x_wconf 83' lang='lat' dir='ltr'>qnod,</span> <span class='ocrx_word' id='word_1_94' title='bbox 233 1277 312 1320; x_wconf 90' lang='lat' dir='ltr'>cnm</span> <span class='ocrx_word' id='word_1_95' title='bbox 332 1267 370 1320; x_wconf 80' lang='lat' dir='ltr'>ex</span> <span class='ocrx_word' id='word_1_96' title='bbox 383 1262 555 1341; x_wconf 86' lang='lat' dir='ltr'>promiscua</span> <span class='ocrx_word' id='word_1_97' title='bbox 577 1281 693 1324; x_wconf 87' lang='lat' dir='ltr'>summa</span> <span class='ocrx_word' id='word_1_98' title='bbox 715 1263 831 1326; x_wconf 90' lang='lat' dir='ltr'>orbium</span> <span class='ocrx_word' id='word_1_99' title='bbox 847 1264 1008 1326; x_wconf 88' lang='lat' dir='ltr'>concludat</span> <span class='ocrx_word' id='word_1_100' title='bbox 1023 1265 1207 1326; x_wconf 86' lang='lat' dir='ltr'>Aristoteles</span> <span class='ocrx_word' id='word_1_101' title='bbox 1227 1265 1384 1344; x_wconf 89' lang='lat' dir='ltr'>aequalem</span> <span class='ocrx_word' id='word_1_102' title='bbox 1405 1285 1489 1327; x_wconf 89' lang='lat' dir='ltr'>snm-</span> 
     </span>
     <span class='ocr_line' id='line_1_11' title="bbox 107 1347 1489 1433; baseline 0.009 -29"><span class='ocrx_word' id='word_1_103' title='bbox 107 1361 195 1405; x_wconf 86' lang='lat' dir='ltr'>mam</span> <span class='ocrx_word' id='word_1_104' title='bbox 221 1347 502 1427; x_wconf 82' lang='lat' dir='ltr'>intelligentiarum</span> <span class='ocrx_word' id='word_1_105' title='bbox 525 1351 702 1422; x_wconf 86' lang='lat' dir='ltr'>metricium,</span> <span class='ocrx_word' id='word_1_106' title='bbox 728 1360 844 1431; x_wconf 87' lang='lat' dir='ltr'>septem</span> <span class='ocrx_word' id='word_1_107' title='bbox 868 1360 968 1414; x_wconf 89' lang='lat' dir='ltr'>tamen</span> <span class='ocrx_word' id='word_1_108' title='bbox 994 1373 1010 1414; x_wconf 89' lang='lat' dir='ltr'>e</span> <span class='ocrx_word' id='word_1_109' title='bbox 1035 1373 1171 1428; x_wconf 88' lang='lat' dir='ltr'>numero,</span> <span class='ocrx_word' id='word_1_110' title='bbox 1197 1351 1246 1433; x_wconf 87' lang='lat' dir='ltr'>qdi</span> <span class='ocrx_word' id='word_1_111' title='bbox 1269 1353 1357 1432; x_wconf 91' lang='lat' dir='ltr'>primi</span> <span class='ocrx_word' id='word_1_112' title='bbox 1382 1354 1489 1416; x_wconf 89' lang='lat' dir='ltr'>stella-</span> 
     </span>
     <span class='ocr_line' id='line_1_12' title="bbox 110 1436 1491 1522; baseline 0.007 -27"><span class='ocrx_word' id='word_1_113' title='bbox 110 1451 179 1495; x_wconf 86' lang='lat' dir='ltr'>rum</span> <span class='ocrx_word' id='word_1_114' title='bbox 214 1436 380 1514; x_wconf 85' lang='lat' dir='ltr'>dicuntur,</span> <span class='ocrx_word' id='word_1_115' title='bbox 410 1451 494 1502; x_wconf 90' lang='lat' dir='ltr'>motu</span> <span class='ocrx_word' id='word_1_116' title='bbox 522 1449 636 1502; x_wconf 87' lang='lat' dir='ltr'>carent.</span> <span class='ocrx_word' id='word_1_117' title='bbox 689 1438 770 1510; x_wconf 77' lang='lat' dir='ltr'>Quid</span> <span class='ocrx_word' id='word_1_118' title='bbox 798 1441 890 1520; x_wconf 80' lang='lat' dir='ltr'>igitur</span> <span class='ocrx_word' id='word_1_119' title='bbox 918 1441 979 1503; x_wconf 89' lang='lat' dir='ltr'>illis</span> <span class='ocrx_word' id='word_1_120' title='bbox 1009 1460 1084 1522; x_wconf 92' lang='lat' dir='ltr'>opus</span> <span class='ocrx_word' id='word_1_121' title='bbox 1111 1441 1314 1520; x_wconf 83' lang='lat' dir='ltr'>intelligentia</span> <span class='ocrx_word' id='word_1_122' title='bbox 1346 1443 1491 1504; x_wconf 88' lang='lat' dir='ltr'>metrice?</span> 
     </span>
     <span class='ocr_line' id='line_1_13' title="bbox 110 1522 1490 1618; baseline 0.008 -36"><span class='ocrx_word' id='word_1_123' title='bbox 110 1522 172 1583; x_wconf 85' lang='lat' dir='ltr'>nisi</span> <span class='ocrx_word' id='word_1_124' title='bbox 198 1524 290 1587; x_wconf 79' lang='lat' dir='ltr'>torte</span> <span class='ocrx_word' id='word_1_125' title='bbox 313 1528 446 1607; x_wconf 85' lang='lat' dir='ltr'>passiva,</span> <span class='ocrx_word' id='word_1_126' title='bbox 471 1529 555 1608; x_wconf 87' lang='lat' dir='ltr'>cujus</span> <span class='ocrx_word' id='word_1_127' title='bbox 580 1529 610 1589; x_wconf 85' lang='lat' dir='ltr'>ri</span> <span class='ocrx_word' id='word_1_128' title='bbox 633 1529 835 1591; x_wconf 74' lang='lat' dir='ltr'>obedientiam</span> <span class='ocrx_word' id='word_1_129' title='bbox 857 1539 1017 1610; x_wconf 89' lang='lat' dir='ltr'>praestent</span> <span class='ocrx_word' id='word_1_130' title='bbox 1041 1530 1185 1618; x_wconf 79' lang='lat' dir='ltr'>superiori</span> <span class='ocrx_word' id='word_1_131' title='bbox 1209 1530 1342 1592; x_wconf 85' lang='lat' dir='ltr'>trahenti</span> <span class='ocrx_word' id='word_1_132' title='bbox 1365 1533 1490 1612; x_wconf 90' lang='lat' dir='ltr'>ejusque</span> 
     </span>
     <span class='ocr_line' id='line_1_14' title="bbox 112 1615 1490 1700; baseline 0.007 -28"><span class='ocrx_word' id='word_1_133' title='bbox 112 1619 223 1674; x_wconf 86' lang='lat' dir='ltr'>nutum</span> <span class='ocrx_word' id='word_1_134' title='bbox 250 1615 336 1677; x_wconf 88' lang='lat' dir='ltr'>ultro</span> <span class='ocrx_word' id='word_1_135' title='bbox 359 1625 533 1698; x_wconf 89' lang='lat' dir='ltr'>sequantur.</span> <span class='ocrx_word' id='word_1_136' title='bbox 568 1618 672 1680; x_wconf 85' lang='lat' dir='ltr'>Tertio</span> <span class='ocrx_word' id='word_1_137' title='bbox 696 1633 777 1693; x_wconf 88' lang='lat' dir='ltr'>oum,</span> <span class='ocrx_word' id='word_1_138' title='bbox 804 1626 837 1680; x_wconf 91' lang='lat' dir='ltr'>ut</span> <span class='ocrx_word' id='word_1_139' title='bbox 860 1619 971 1680; x_wconf 88' lang='lat' dir='ltr'>dictum</span> <span class='ocrx_word' id='word_1_140' title='bbox 996 1629 1058 1692; x_wconf 90' lang='lat' dir='ltr'>est,</span> <span class='ocrx_word' id='word_1_141' title='bbox 1087 1630 1204 1700; x_wconf 78' lang='lat' dir='ltr'>septem</span> <span class='ocrx_word' id='word_1_142' title='bbox 1227 1638 1384 1681; x_wconf 90' lang='lat' dir='ltr'>enumero</span> <span class='ocrx_word' id='word_1_143' title='bbox 1408 1631 1490 1682; x_wconf 89' lang='lat' dir='ltr'>motu</span> 
     </span>
     <span class='ocr_line' id='line_1_15' title="bbox 112 1706 1490 1788; baseline 0.006 -27"><span class='ocrx_word' id='word_1_144' title='bbox 112 1711 261 1778; x_wconf 81' lang='lat' dir='ltr'>careant,</span> <span class='ocrx_word' id='word_1_145' title='bbox 291 1723 342 1766; x_wconf 89' lang='lat' dir='ltr'>cnr</span> <span class='ocrx_word' id='word_1_146' title='bbox 365 1725 423 1784; x_wconf 85' lang='lat' dir='ltr'>non</span> <span class='ocrx_word' id='word_1_147' title='bbox 446 1706 543 1768; x_wconf 88' lang='lat' dir='ltr'>vicem</span> <span class='ocrx_word' id='word_1_148' title='bbox 557 1708 747 1769; x_wconf 88' lang='lat' dir='ltr'>restituentis</span> <span class='ocrx_word' id='word_1_149' title='bbox 763 1708 917 1788; x_wconf 81' lang='lat' dir='ltr'>quaelibet</span> <span class='ocrx_word' id='word_1_150' title='bbox 932 1709 1053 1787; x_wconf 88' lang='lat' dir='ltr'>supplet</span> <span class='ocrx_word' id='word_1_151' title='bbox 1076 1718 1108 1771; x_wconf 91' lang='lat' dir='ltr'>et</span> <span class='ocrx_word' id='word_1_152' title='bbox 1131 1709 1176 1770; x_wconf 91' lang='lat' dir='ltr'>ita</span> <span class='ocrx_word' id='word_1_153' title='bbox 1191 1727 1275 1770; x_wconf 89' lang='lat' dir='ltr'>snam</span> <span class='ocrx_word' id='word_1_154' title='bbox 1295 1708 1363 1788; x_wconf 86' lang='lat' dir='ltr'>ipsa</span> <span class='ocrx_word' id='word_1_155' title='bbox 1377 1710 1490 1788; x_wconf 88' lang='lat' dir='ltr'>sphae-</span> 
     </span>
     <span class='ocr_line' id='line_1_16' title="bbox 113 1792 1492 1875; baseline 0.007 -24"><span class='ocrx_word' id='word_1_156' title='bbox 113 1807 183 1851; x_wconf 86' lang='lat' dir='ltr'>ram</span> <span class='ocrx_word' id='word_1_157' title='bbox 208 1792 253 1854; x_wconf 89' lang='lat' dir='ltr'>ab</span> <span class='ocrx_word' id='word_1_158' title='bbox 279 1792 342 1855; x_wconf 87' lang='lat' dir='ltr'>ima</span> <span class='ocrx_word' id='word_1_159' title='bbox 364 1795 524 1875; x_wconf 89' lang='lat' dir='ltr'>superioris</span> <span class='ocrx_word' id='word_1_160' title='bbox 547 1797 678 1857; x_wconf 88' lang='lat' dir='ltr'>motione</span> <span class='ocrx_word' id='word_1_161' title='bbox 702 1796 853 1863; x_wconf 76' lang='lat' dir='ltr'>liberatl,</span> <span class='ocrx_word' id='word_1_162' title='bbox 875 1796 943 1859; x_wconf 88' lang='lat' dir='ltr'>Nisi</span> <span class='ocrx_word' id='word_1_163' title='bbox 964 1798 1042 1859; x_wconf 81' lang='lat' dir='ltr'>sorte</span> <span class='ocrx_word' id='word_1_164' title='bbox 1057 1799 1207 1859; x_wconf 89' lang='lat' dir='ltr'>servanda</span> <span class='ocrx_word' id='word_1_165' title='bbox 1221 1797 1390 1875; x_wconf 84' lang='lat' dir='ltr'>aequalitas</span> <span class='ocrx_word' id='word_1_166' title='bbox 1413 1799 1492 1860; x_wconf 90' lang='lat' dir='ltr'>inter</span> 
     </span>
    </p>
   </div>
   <div class='ocr_carea' id='block_1_3' title="bbox 113 1879 1620 1974">
    <p class='ocr_par' dir='ltr' id='par_1_3' title="bbox 113 1879 1620 1974">
     <span class='ocr_line' id='line_1_17' title="bbox 113 1879 1620 1974; baseline 0.005 -33"><span class='ocrx_word' id='word_1_167' title='bbox 113 1879 255 1959; x_wconf 84' lang='lat' dir='ltr'>primam</span> <span class='ocrx_word' id='word_1_168' title='bbox 282 1880 406 1947; x_wconf 78' lang='lat' dir='ltr'>Saturni</span> <span class='ocrx_word' id='word_1_169' title='bbox 434 1891 466 1946; x_wconf 90' lang='lat' dir='ltr'>et</span> <span class='ocrx_word' id='word_1_170' title='bbox 487 1884 601 1964; x_wconf 87' lang='lat' dir='ltr'>primas</span> <span class='ocrx_word' id='word_1_171' title='bbox 626 1884 806 1966; x_wconf 89' lang='lat' dir='ltr'>reliquorum</span> <span class='ocrx_word' id='word_1_172' title='bbox 829 1885 1035 1965; x_wconf 87' lang='lat' dir='ltr'>planetarum,</span> <span class='ocrx_word' id='word_1_173' title='bbox 1065 1898 1112 1962; x_wconf 90' lang='lat' dir='ltr'>ut,</span> <span class='ocrx_word' id='word_1_174' title='bbox 1143 1887 1214 1968; x_wconf 87' lang='lat' dir='ltr'>quia</span> <span class='ocrx_word' id='word_1_175' title='bbox 1242 1886 1296 1948; x_wconf 92' lang='lat' dir='ltr'>illa</span> <span class='ocrx_word' id='word_1_176' title='bbox 1322 1887 1493 1949; x_wconf 83' lang='lat' dir='ltr'>boeotium</span> <span class='ocrx_word' id='word_1_177' title='bbox 1608 1966 1620 1974; x_wconf 21' lang='grc' dir='ltr'>ἱ</span> 
     </span>
    </p>
   </div>
   <div class='ocr_carea' id='block_1_4' title="bbox 118 1973 1506 2233">
    <p class='ocr_par' dir='ltr' id='par_1_4' title="bbox 118 1973 1506 2233">
     <span class='ocr_line' id='line_1_18' title="bbox 118 1973 1020 2054; baseline 0.006 -23"><span class='ocrx_word' id='word_1_178' title='bbox 118 1975 168 2030; x_wconf 84' lang='lat' dir='ltr'>est</span> <span class='ocrx_word' id='word_1_179' title='bbox 191 1979 305 2044; x_wconf 84' lang='lat' dir='ltr'>nacta,</span> <span class='ocrx_word' id='word_1_180' title='bbox 325 1973 382 2035; x_wconf 84' lang='lat' dir='ltr'>bae</span> <span class='ocrx_word' id='word_1_181' title='bbox 406 1990 522 2053; x_wconf 87' lang='lat' dir='ltr'>qnoque</span> <span class='ocrx_word' id='word_1_182' title='bbox 547 1975 653 2037; x_wconf 89' lang='lat' dir='ltr'>eodem</span> <span class='ocrx_word' id='word_1_183' title='bbox 675 1974 834 2054; x_wconf 84' lang='lat' dir='ltr'>privilegio</span> <span class='ocrx_word' id='word_1_184' title='bbox 857 1975 1020 2054; x_wconf 86' lang='lat' dir='ltr'>gaudeant.</span> 
     </span>
     <span class='ocr_line' id='line_1_19' title="bbox 211 2058 1490 2143; baseline 0.002 -20"><span class='ocrx_word' id='word_1_185' title='bbox 211 2058 282 2123; x_wconf 86' lang='lat' dir='ltr'>Sed</span> <span class='ocrx_word' id='word_1_186' title='bbox 304 2070 498 2142; x_wconf 85' lang='lat' dir='ltr'>pertexamus</span> <span class='ocrx_word' id='word_1_187' title='bbox 522 2064 700 2126; x_wconf 89' lang='lat' dir='ltr'>Aristotelis</span> <span class='ocrx_word' id='word_1_188' title='bbox 724 2062 911 2125; x_wconf 86' lang='lat' dir='ltr'>orationem:</span> <span class='ocrx_word' id='word_1_189' title='bbox 936 2083 1024 2138; x_wconf 90' lang='lat' dir='ltr'>„cum</span> <span class='ocrx_word' id='word_1_190' title='bbox 1047 2063 1139 2143; x_wconf 81' lang='lat' dir='ltr'>igitur</span> <span class='ocrx_word' id='word_1_191' title='bbox 1164 2063 1322 2125; x_wconf 78' lang='lat' dir='ltr'>ferentium</span> <span class='ocrx_word' id='word_1_192' title='bbox 1341 2064 1490 2143; x_wconf 86' lang='lat' dir='ltr'>sphaera-</span> 
     </span>
     <span class='ocr_line' id='line_1_20' title="bbox 118 2148 1506 2233; baseline 0.003 -25"><span class='ocrx_word' id='word_1_193' title='bbox 118 2166 186 2209; x_wconf 88' lang='lat' dir='ltr'>rum</span> <span class='ocrx_word' id='word_1_194' title='bbox 212 2149 298 2212; x_wconf 87' lang='lat' dir='ltr'>aliae</span> <span class='ocrx_word' id='word_1_195' title='bbox 322 2150 361 2226; x_wconf 82' lang='grc'><strong>8,</strong></span> <span class='ocrx_word' id='word_1_196' title='bbox 385 2152 464 2213; x_wconf 86' lang='lat' dir='ltr'>aliae</span> <span class='ocrx_word' id='word_1_197' title='bbox 488 2148 530 2215; x_wconf 98' lang='grc'><strong>24</strong></span> <span class='ocrx_word' id='word_1_198' title='bbox 554 2152 637 2214; x_wconf 85' lang='lat' dir='ltr'>sint“</span> <span class='ocrx_word' id='word_1_199' title='bbox 661 2153 705 2224; x_wconf 93' lang='lat' dir='ltr'>(in</span> <span class='ocrx_word' id='word_1_200' title='bbox 730 2151 801 2214; x_wconf 87' lang='lat' dir='ltr'>aliis</span> <span class='ocrx_word' id='word_1_201' title='bbox 825 2152 1047 2233; x_wconf 81' lang='lat' dir='ltr'>exemplaribus</span> <span class='ocrx_word' id='word_1_202' title='bbox 1072 2152 1183 2232; x_wconf 85' lang='lat' dir='ltr'>legitur</span> <span class='ocrx_word' id='word_1_203' title='bbox 1201 2149 1271 2228; x_wconf 86' lang='grc'><strong>25).</strong></span> <span class='ocrx_word' id='word_1_204' title='bbox 1319 2150 1399 2215; x_wconf 90' lang='lat' dir='ltr'>Octo</span> <span class='ocrx_word' id='word_1_205' title='bbox 1422 2154 1506 2233; x_wconf 87' lang='lat' dir='ltr'>qui-.</span> 
     </span>
    </p>
   </div>
   <div class='ocr_carea' id='block_1_5' title="bbox 69 2238 1579 2321">
    <p class='ocr_par' dir='ltr' id='par_1_5' title="bbox 69 2238 1579 2321">
     <span class='ocr_line' id='line_1_21' title="bbox 69 2238 1579 2321; baseline 0.005 -24"><span class='ocrx_word' id='word_1_206' title='bbox 69 2247 70 2256; x_wconf 76' lang='grc'>’</span> <span class='ocrx_word' id='word_1_207' title='bbox 119 2238 190 2298; x_wconf 88' lang='lat' dir='ltr'>dem</span> <span class='ocrx_word' id='word_1_208' title='bbox 223 2248 299 2301; x_wconf 85' lang='lat' dir='ltr'>sunt</span> <span class='ocrx_word' id='word_1_209' title='bbox 322 2239 446 2303; x_wconf 86' lang='lat' dir='ltr'>Saturni</span> <span class='ocrx_word' id='word_1_210' title='bbox 473 2248 506 2301; x_wconf 90' lang='lat' dir='ltr'>et</span> <span class='ocrx_word' id='word_1_211' title='bbox 527 2240 628 2315; x_wconf 88' lang='lat' dir='ltr'>Jovis,</span> <span class='ocrx_word' id='word_1_212' title='bbox 664 2241 849 2321; x_wconf 83' lang='lat' dir='ltr'>singulorum</span> <span class='ocrx_word' id='word_1_213' title='bbox 867 2238 899 2305; x_wconf 93' lang='grc'>4.</span> <span class='ocrx_word' id='word_1_214' title='bbox 946 2241 1140 2321; x_wconf 86' lang='lat' dir='ltr'>Reliquorum</span> <span class='ocrx_word' id='word_1_215' title='bbox 1168 2241 1193 2302; x_wconf 92' lang='lat' dir='ltr'>si</span> <span class='ocrx_word' id='word_1_216' title='bbox 1225 2240 1364 2320; x_wconf 88' lang='lat' dir='ltr'>quilibet,</span> <span class='ocrx_word' id='word_1_217' title='bbox 1399 2243 1518 2304; x_wconf 90' lang='lat' dir='ltr'>etiam&#39;</span> <span class='ocrx_word' id='word_1_218' title='bbox 1578 2271 1579 2274; x_wconf 39' lang='lat'>¹</span> 
     </span>
    </p>
   </div>
   <div class='ocr_carea' id='block_1_6' title="bbox 76 2323 1491 4540">
    <p class='ocr_par' dir='ltr' id='par_1_6' title="bbox 120 2323 1490 2587">
     <span class='ocr_line' id='line_1_22' title="bbox 120 2323 1489 2408; baseline 0.001 -20"><span class='ocrx_word' id='word_1_219' title='bbox 120 2323 162 2403; x_wconf 99' lang='grc' dir='ltr'>Θ</span> <span class='ocrx_word' id='word_1_220' title='bbox 189 2334 227 2388; x_wconf 90' lang='lat' dir='ltr'>et</span> <span class='ocrx_word' id='word_1_221' title='bbox 255 2332 300 2404; x_wconf 71' lang='grc' dir='ltr'><strong>(ζ,</strong></span> <span class='ocrx_word' id='word_1_222' title='bbox 323 2330 486 2391; x_wconf 88' lang='lat' dir='ltr'>secuudum</span> <span class='ocrx_word' id='word_1_223' title='bbox 509 2338 639 2391; x_wconf 86' lang='lat' dir='ltr'>mentem</span> <span class='ocrx_word' id='word_1_224' title='bbox 654 2330 846 2392; x_wconf 81' lang='lat' dir='ltr'>Fraeastorei</span> <span class='ocrx_word' id='word_1_225' title='bbox 870 2330 984 2391; x_wconf 85' lang='lat' dir='ltr'>haberit</span> <span class='ocrx_word' id='word_1_226' title='bbox 1007 2327 1044 2403; x_wconf 97' lang='grc'>5,</span> <span class='ocrx_word' id='word_1_227' title='bbox 1068 2349 1184 2392; x_wconf 89' lang='lat' dir='ltr'>summa</span> <span class='ocrx_word' id='word_1_228' title='bbox 1207 2329 1326 2408; x_wconf 90' lang='lat' dir='ltr'>quidem</span> <span class='ocrx_word' id='word_1_229' title='bbox 1350 2327 1392 2393; x_wconf 97' lang='grc'>25</span> <span class='ocrx_word' id='word_1_230' title='bbox 1416 2348 1489 2391; x_wconf 88' lang='lat' dir='ltr'>eon-</span> 
     </span>
     <span class='ocr_line' id='line_1_23' title="bbox 121 2415 1490 2499; baseline 0.004 -24"><span class='ocrx_word' id='word_1_231' title='bbox 121 2416 227 2479; x_wconf 85' lang='lat' dir='ltr'>flatur.</span> <span class='ocrx_word' id='word_1_232' title='bbox 280 2418 396 2479; x_wconf 88' lang='lat' dir='ltr'>Vereor</span> <span class='ocrx_word' id='word_1_233' title='bbox 419 2418 512 2498; x_wconf 80' lang='lat' dir='ltr'>igitur</span> <span class='ocrx_word' id='word_1_234' title='bbox 539 2425 574 2480; x_wconf 91' lang='lat' dir='ltr'>ut</span> <span class='ocrx_word' id='word_1_235' title='bbox 595 2420 671 2480; x_wconf 88' lang='lat' dir='ltr'>haec</span> <span class='ocrx_word' id='word_1_236' title='bbox 695 2418 840 2481; x_wconf 89' lang='lat' dir='ltr'>eorrectio</span> <span class='ocrx_word' id='word_1_237' title='bbox 865 2415 908 2482; x_wconf 91' lang='grc'>25</span> <span class='ocrx_word' id='word_1_238' title='bbox 932 2437 985 2499; x_wconf 92' lang='lat' dir='ltr'>pro</span> <span class='ocrx_word' id='word_1_239' title='bbox 1009 2415 1052 2481; x_wconf 89' lang='grc'><strong>24</strong></span> <span class='ocrx_word' id='word_1_240' title='bbox 1077 2420 1118 2479; x_wconf 89' lang='lat' dir='ltr'>sit</span> <span class='ocrx_word' id='word_1_241' title='bbox 1140 2418 1342 2479; x_wconf 84' lang='lat' dir='ltr'>Fracastorei.</span> <span class='ocrx_word' id='word_1_242' title='bbox 1390 2416 1424 2480; x_wconf 85' lang='lat' dir='ltr'>si</span> <span class='ocrx_word' id='word_1_243' title='bbox 1450 2416 1490 2495; x_wconf 95' lang='grc' dir='ltr'>Θ</span> 
     </span>
     <span class='ocr_line' id='line_1_24' title="bbox 121 2501 1368 2587; baseline 0.002 -22"><span class='ocrx_word' id='word_1_244' title='bbox 121 2512 154 2566; x_wconf 89' lang='lat' dir='ltr'>et</span> <span class='ocrx_word' id='word_1_245' title='bbox 177 2506 207 2576; x_wconf 59' lang='lat' dir='ltr'>J</span> <span class='ocrx_word' id='word_1_246' title='bbox 236 2513 401 2586; x_wconf 84' lang='lat' dir='ltr'>quaternas</span> <span class='ocrx_word' id='word_1_247' title='bbox 425 2515 543 2568; x_wconf 90' lang='lat' dir='ltr'>tantum</span> <span class='ocrx_word' id='word_1_248' title='bbox 562 2501 689 2580; x_wconf 87' lang='lat' dir='ltr'>babent,</span> <span class='ocrx_word' id='word_1_249' title='bbox 713 2525 829 2570; x_wconf 91' lang='lat' dir='ltr'>summa</span> <span class='ocrx_word' id='word_1_250' title='bbox 851 2507 1050 2587; x_wconf 74' lang='lat' dir='ltr'>posteriorum</span> <span class='ocrx_word' id='word_1_251' title='bbox 1074 2508 1132 2568; x_wconf 89' lang='lat' dir='ltr'>erit</span> <span class='ocrx_word' id='word_1_252' title='bbox 1155 2504 1207 2581; x_wconf 85' lang='lat'>23,</span> <span class='ocrx_word' id='word_1_253' title='bbox 1233 2525 1291 2567; x_wconf 93' lang='lat' dir='ltr'>uon</span> <span class='ocrx_word' id='word_1_254' title='bbox 1316 2502 1368 2567; x_wconf 87' lang='grc'>25.</span> 
     </span>
    </p>

    <p class='ocr_par' dir='ltr' id='par_1_7' title="bbox 123 2594 1491 2836">
     <span class='ocr_line' id='line_1_25' title="bbox 192 2594 1490 2676; baseline 0.002 -22"><span class='ocrx_word' id='word_1_255' title='bbox 192 2595 293 2670; x_wconf 86' lang='lat' dir='ltr'>Vide,</span> <span class='ocrx_word' id='word_1_256' title='bbox 327 2616 364 2656; x_wconf 89' lang='lat' dir='ltr'>au</span> <span class='ocrx_word' id='word_1_257' title='bbox 394 2615 453 2658; x_wconf 94' lang='lat' dir='ltr'>non</span> <span class='ocrx_word' id='word_1_258' title='bbox 485 2596 529 2658; x_wconf 91' lang='lat' dir='ltr'>sic</span> <span class='ocrx_word' id='word_1_259' title='bbox 556 2596 798 2676; x_wconf 82' lang='lat' dir='ltr'>intelligendum:</span> <span class='ocrx_word' id='word_1_260' title='bbox 832 2596 933 2671; x_wconf 89' lang='lat' dir='ltr'>„allae</span> <span class='ocrx_word' id='word_1_261' title='bbox 961 2596 1067 2670; x_wconf 88' lang='lat' dir='ltr'>oet0,“</span> <span class='ocrx_word' id='word_1_262' title='bbox 1099 2596 1119 2657; x_wconf 89' lang='lat' dir='ltr'>i.</span> <span class='ocrx_word' id='word_1_263' title='bbox 1152 2614 1178 2656; x_wconf 92' lang='lat' dir='ltr'>e.</span> <span class='ocrx_word' id='word_1_264' title='bbox 1203 2594 1285 2656; x_wconf 87' lang='lat' dir='ltr'>Solis</span> <span class='ocrx_word' id='word_1_265' title='bbox 1314 2602 1345 2656; x_wconf 89' lang='lat' dir='ltr'>et</span> <span class='ocrx_word' id='word_1_266' title='bbox 1374 2595 1490 2672; x_wconf 85' lang='lat' dir='ltr'>Lunae,</span> 
     </span>
     <span class='ocr_line' id='line_1_26' title="bbox 123 2681 1491 2834; baseline 0.002 -91"><span class='ocrx_word' id='word_1_267' title='bbox 123 2681 328 2834; x_wconf 69' lang='lat' dir='ltr'>„nli81se23,“</span> <span class='ocrx_word' id='word_1_268' title='bbox 351 2684 370 2745; x_wconf 91' lang='lat' dir='ltr'>i.</span> <span class='ocrx_word' id='word_1_269' title='bbox 396 2703 423 2746; x_wconf 90' lang='lat' dir='ltr'>e.</span> <span class='ocrx_word' id='word_1_270' title='bbox 447 2685 627 2765; x_wconf 89' lang='lat' dir='ltr'>reliquorum</span> <span class='ocrx_word' id='word_1_271' title='bbox 651 2684 681 2747; x_wconf 84' lang='lat'>5.</span> <span class='ocrx_word' id='word_1_272' title='bbox 727 2686 771 2748; x_wconf 87' lang='lat' dir='ltr'>Ut</span> <span class='ocrx_word' id='word_1_273' title='bbox 793 2685 838 2746; x_wconf 87' lang='lat' dir='ltr'>ita</span> <span class='ocrx_word' id='word_1_274' title='bbox 860 2686 902 2747; x_wconf 87' lang='lat' dir='ltr'>sit</span> <span class='ocrx_word' id='word_1_275' title='bbox 920 2684 1089 2746; x_wconf 89' lang='lat' dir='ltr'>evidentior</span> <span class='ocrx_word' id='word_1_276' title='bbox 1108 2704 1201 2746; x_wconf 88' lang='lat' dir='ltr'>causa</span> <span class='ocrx_word' id='word_1_277' title='bbox 1224 2684 1312 2763; x_wconf 85' lang='lat' dir='ltr'>hujus</span> <span class='ocrx_word' id='word_1_278' title='bbox 1334 2683 1491 2746; x_wconf 83' lang='lat' dir='ltr'>divisionis</span> 
     </span>
     <span class='ocr_line' id='line_1_27' title="bbox 126 2770 341 2836; baseline 0.019 -4"><span class='ocrx_word' id='word_1_279' title='bbox 126 2771 156 2832; x_wconf 92' lang='lat' dir='ltr'>in</span> <span class='ocrx_word' id='word_1_280' title='bbox 232 2780 265 2834; x_wconf 91' lang='lat' dir='ltr'>et</span> <span class='ocrx_word' id='word_1_281' title='bbox 288 2770 341 2836; x_wconf 80' lang='lat'>23.</span> 
     </span>
    </p>

    <p class='ocr_par' dir='ltr' id='par_1_8' title="bbox 126 2859 1491 4170">
     <span class='ocr_line' id='line_1_28' title="bbox 223 2859 1489 2942; baseline 0.001 -20"><span class='ocrx_word' id='word_1_282' title='bbox 223 2861 289 2936; x_wconf 83' lang='lat' dir='ltr'>„Et</span> <span class='ocrx_word' id='word_1_283' title='bbox 319 2863 425 2924; x_wconf 86' lang='lat' dir='ltr'>harum</span> <span class='ocrx_word' id='word_1_284' title='bbox 452 2882 511 2924; x_wconf 94' lang='lat' dir='ltr'>non</span> <span class='ocrx_word' id='word_1_285' title='bbox 540 2880 664 2924; x_wconf 87' lang='lat' dir='ltr'>necesse</span> <span class='ocrx_word' id='word_1_286' title='bbox 695 2871 744 2923; x_wconf 89' lang='lat' dir='ltr'>est</span> <span class='ocrx_word' id='word_1_287' title='bbox 773 2862 885 2923; x_wconf 87' lang='lat' dir='ltr'>habere</span> <span class='ocrx_word' id='word_1_288' title='bbox 914 2861 1124 2923; x_wconf 84' lang='lat' dir='ltr'>restituentem</span> <span class='ocrx_word' id='word_1_289' title='bbox 1158 2860 1254 2921; x_wconf 85' lang='lat' dir='ltr'>solam</span> <span class='ocrx_word' id='word_1_290' title='bbox 1281 2859 1379 2935; x_wconf 90' lang='lat' dir='ltr'>illam,</span> <span class='ocrx_word' id='word_1_291' title='bbox 1413 2881 1489 2942; x_wconf 87' lang='lat' dir='ltr'>quae</span> 
     </span>
     <span class='ocr_line' id='line_1_29' title="bbox 126 2947 1491 3030; baseline 0 -19"><span class='ocrx_word' id='word_1_292' title='bbox 126 2957 245 3013; x_wconf 59' lang='lat' dir='ltr'>aarum</span> <span class='ocrx_word' id='word_1_293' title='bbox 268 2951 403 3012; x_wconf 88' lang='lat' dir='ltr'>ultimum</span> <span class='ocrx_word' id='word_1_294' title='bbox 428 2951 520 3012; x_wconf 87' lang='lat' dir='ltr'>lert.“</span> <span class='ocrx_word' id='word_1_295' title='bbox 563 2951 677 3013; x_wconf 85' lang='lat' dir='ltr'>Omnes</span> <span class='ocrx_word' id='word_1_296' title='bbox 702 2947 722 3012; x_wconf 90' lang='grc'><strong>6</strong></span> <span class='ocrx_word' id='word_1_297' title='bbox 746 2950 931 3030; x_wconf 84' lang='lat' dir='ltr'>superiores,</span> <span class='ocrx_word' id='word_1_298' title='bbox 966 2951 1011 3011; x_wconf 90' lang='lat' dir='ltr'>sui</span> <span class='ocrx_word' id='word_1_299' title='bbox 1040 2948 1152 3010; x_wconf 90' lang='lat' dir='ltr'>ordinis</span> <span class='ocrx_word' id='word_1_300' title='bbox 1180 2949 1272 3023; x_wconf 88' lang='lat' dir='ltr'>imae,</span> <span class='ocrx_word' id='word_1_301' title='bbox 1305 2969 1381 3030; x_wconf 88' lang='lat' dir='ltr'>quae</span> <span class='ocrx_word' id='word_1_302' title='bbox 1406 2959 1491 3011; x_wconf 89' lang='lat' dir='ltr'>astra</span> 
     </span>
     <span class='ocr_line' id='line_1_30' title="bbox 126 3038 1489 3118; baseline 0.002 -21"><span class='ocrx_word' id='word_1_303' title='bbox 126 3040 318 3115; x_wconf 77' lang='lat' dir='ltr'>suaserunt,</span> <span class='ocrx_word' id='word_1_304' title='bbox 343 3041 457 3102; x_wconf 90' lang='lat' dir='ltr'>habent</span> <span class='ocrx_word' id='word_1_305' title='bbox 479 3040 535 3101; x_wconf 90' lang='lat' dir='ltr'>sub</span> <span class='ocrx_word' id='word_1_306' title='bbox 559 3059 592 3101; x_wconf 88' lang='lat' dir='ltr'>se</span> <span class='ocrx_word' id='word_1_307' title='bbox 615 3039 822 3113; x_wconf 86' lang='lat' dir='ltr'>restituentes,</span> <span class='ocrx_word' id='word_1_308' title='bbox 849 3038 920 3118; x_wconf 90' lang='lat' dir='ltr'>quia</span> <span class='ocrx_word' id='word_1_309' title='bbox 934 3038 1046 3100; x_wconf 89' lang='lat' dir='ltr'>habent</span> <span class='ocrx_word' id='word_1_310' title='bbox 1070 3048 1101 3099; x_wconf 90' lang='lat' dir='ltr'>et</span> <span class='ocrx_word' id='word_1_311' title='bbox 1124 3039 1232 3099; x_wconf 89' lang='lat' dir='ltr'>subse</span> <span class='ocrx_word' id='word_1_312' title='bbox 1257 3038 1338 3100; x_wconf 92' lang='lat' dir='ltr'>aliud</span> <span class='ocrx_word' id='word_1_313' title='bbox 1363 3047 1489 3101; x_wconf 89' lang='lat' dir='ltr'>astrum.</span> 
     </span>
     <span class='ocr_line' id='line_1_31' title="bbox 127 3125 1490 3208; baseline 0 -19"><span class='ocrx_word' id='word_1_314' title='bbox 127 3125 205 3189; x_wconf 86' lang='lat' dir='ltr'>Sola</span> <span class='ocrx_word' id='word_1_315' title='bbox 219 3129 333 3204; x_wconf 87' lang='lat' dir='ltr'>Lunae,</span> <span class='ocrx_word' id='word_1_316' title='bbox 358 3129 455 3191; x_wconf 89' lang='lat' dir='ltr'>ultimi</span> <span class='ocrx_word' id='word_1_317' title='bbox 478 3129 563 3203; x_wconf 89' lang='lat' dir='ltr'>astri,</span> <span class='ocrx_word' id='word_1_318' title='bbox 589 3129 688 3190; x_wconf 85' lang='lat' dir='ltr'>serens</span> <span class='ocrx_word' id='word_1_319' title='bbox 713 3137 744 3189; x_wconf 88' lang='lat' dir='ltr'>et</span> <span class='ocrx_word' id='word_1_320' title='bbox 767 3129 828 3189; x_wconf 86' lang='lat' dir='ltr'>ima</span> <span class='ocrx_word' id='word_1_321' title='bbox 850 3146 909 3189; x_wconf 91' lang='lat' dir='ltr'>non</span> <span class='ocrx_word' id='word_1_322' title='bbox 933 3128 1026 3190; x_wconf 86' lang='lat' dir='ltr'>habet</span> <span class='ocrx_word' id='word_1_323' title='bbox 1051 3128 1154 3188; x_wconf 88' lang='lat' dir='ltr'>subse</span> <span class='ocrx_word' id='word_1_324' title='bbox 1174 3127 1393 3202; x_wconf 88' lang='lat' dir='ltr'>restituentem,</span> <span class='ocrx_word' id='word_1_325' title='bbox 1420 3128 1490 3208; x_wconf 87' lang='lat' dir='ltr'>quia</span> 
     </span>
     <span class='ocr_line' id='line_1_32' title="bbox 128 3214 1490 3298; baseline 0.001 -21"><span class='ocrx_word' id='word_1_326' title='bbox 128 3217 243 3279; x_wconf 89' lang='lat' dir='ltr'>nullum</span> <span class='ocrx_word' id='word_1_327' title='bbox 266 3226 382 3280; x_wconf 86' lang='lat' dir='ltr'>nstrum</span> <span class='ocrx_word' id='word_1_328' title='bbox 406 3217 548 3298; x_wconf 90' lang='lat' dir='ltr'>seqnitur,</span> <span class='ocrx_word' id='word_1_329' title='bbox 574 3218 659 3296; x_wconf 89' lang='lat' dir='ltr'>cujus</span> <span class='ocrx_word' id='word_1_330' title='bbox 682 3217 780 3298; x_wconf 87' lang='lat' dir='ltr'>prima</span> <span class='ocrx_word' id='word_1_331' title='bbox 801 3216 989 3279; x_wconf 88' lang='lat' dir='ltr'>restituatur.</span> <span class='ocrx_word' id='word_1_332' title='bbox 1036 3215 1294 3291; x_wconf 85' lang='lat' dir='ltr'>„Restituentium</span> <span class='ocrx_word' id='word_1_333' title='bbox 1329 3214 1490 3296; x_wconf 78' lang='lat' dir='ltr'>quidemb</span> 
     </span>
     <span class='ocr_line' id='line_1_33' title="bbox 128 3301 1488 3387; baseline 0.001 -22"><span class='ocrx_word' id='word_1_334' title='bbox 128 3316 219 3368; x_wconf 89' lang='lat' dir='ltr'>erunt</span> <span class='ocrx_word' id='word_1_335' title='bbox 241 3306 365 3369; x_wconf 89' lang='lat' dir='ltr'>duorum</span> <span class='ocrx_word' id='word_1_336' title='bbox 387 3308 583 3387; x_wconf 90' lang='lat' dir='ltr'>primorum.“</span> <span class='ocrx_word' id='word_1_337' title='bbox 628 3305 707 3369; x_wconf 87' lang='lat' dir='ltr'>Nam</span> <span class='ocrx_word' id='word_1_338' title='bbox 733 3304 877 3387; x_wconf 87' lang='lat' dir='ltr'>Calippus</span> <span class='ocrx_word' id='word_1_339' title='bbox 901 3304 1034 3368; x_wconf 88' lang='lat' dir='ltr'>Saturno</span> <span class='ocrx_word' id='word_1_340' title='bbox 1057 3301 1078 3366; x_wconf 89' lang='grc'><strong>4</strong></span> <span class='ocrx_word' id='word_1_341' title='bbox 1102 3306 1238 3382; x_wconf 89' lang='lat' dir='ltr'>dederat,</span> <span class='ocrx_word' id='word_1_342' title='bbox 1262 3306 1389 3367; x_wconf 86' lang='lat' dir='ltr'>totidem</span> <span class='ocrx_word' id='word_1_343' title='bbox 1408 3306 1488 3379; x_wconf 87' lang='lat' dir='ltr'>Jovi,</span> 
     </span>
     <span class='ocr_line' id='line_1_34' title="bbox 129 3395 1489 3476; baseline 0 -20"><span class='ocrx_word' id='word_1_344' title='bbox 129 3396 235 3475; x_wconf 88' lang='lat' dir='ltr'>primis</span> <span class='ocrx_word' id='word_1_345' title='bbox 257 3396 402 3476; x_wconf 88' lang='lat' dir='ltr'>planetis.</span> <span class='ocrx_word' id='word_1_346' title='bbox 449 3395 636 3458; x_wconf 87' lang='lat' dir='ltr'>Aristoteles</span> <span class='ocrx_word' id='word_1_347' title='bbox 665 3396 750 3457; x_wconf 91' lang='lat' dir='ltr'>addit</span> <span class='ocrx_word' id='word_1_348' title='bbox 773 3398 911 3475; x_wconf 88' lang='lat' dir='ltr'>utrinque</span> <span class='ocrx_word' id='word_1_349' title='bbox 939 3395 1079 3469; x_wconf 89' lang='lat' dir='ltr'>totidem,</span> <span class='ocrx_word' id='word_1_350' title='bbox 1111 3395 1303 3464; x_wconf 77' lang='lat' dir='ltr'>meminus,</span> <span class='ocrx_word' id='word_1_351' title='bbox 1337 3403 1371 3456; x_wconf 90' lang='lat' dir='ltr'>ut</span> <span class='ocrx_word' id='word_1_352' title='bbox 1398 3414 1489 3476; x_wconf 90' lang='lat' dir='ltr'>supra</span> 
     </span>
     <span class='ocr_line' id='line_1_35' title="bbox 132 3480 1487 3566; baseline 0 -22"><span class='ocrx_word' id='word_1_353' title='bbox 132 3484 378 3549; x_wconf 78' lang='lat' dir='ltr'>denuntiaverat.</span> <span class='ocrx_word' id='word_1_354' title='bbox 425 3483 504 3547; x_wconf 88' lang='lat' dir='ltr'>Sunt</span> <span class='ocrx_word' id='word_1_355' title='bbox 531 3485 634 3566; x_wconf 87' lang='lat' dir='ltr'>itaque</span> <span class='ocrx_word' id='word_1_356' title='bbox 662 3484 708 3545; x_wconf 91' lang='lat' dir='ltr'>bis</span> <span class='ocrx_word' id='word_1_357' title='bbox 735 3493 814 3559; x_wconf 90' lang='lat' dir='ltr'>tres,</span> <span class='ocrx_word' id='word_1_358' title='bbox 849 3503 925 3564; x_wconf 90' lang='lat' dir='ltr'>quos</span> <span class='ocrx_word' id='word_1_359' title='bbox 954 3485 1052 3557; x_wconf 89' lang='lat' dir='ltr'>addit,</span> <span class='ocrx_word' id='word_1_360' title='bbox 1087 3502 1129 3545; x_wconf 89' lang='lat' dir='ltr'>sc.</span> <span class='ocrx_word' id='word_1_361' title='bbox 1154 3480 1184 3545; x_wconf 88' lang='lat'>6.</span> <span class='ocrx_word' id='word_1_362' title='bbox 1232 3482 1393 3557; x_wconf 87' lang='lat' dir='ltr'>„Sedecim</span> <span class='ocrx_word' id='word_1_363' title='bbox 1416 3503 1487 3544; x_wconf 87' lang='lat' dir='ltr'>vero</span> 
     </span>
     <span class='ocr_line' id='line_1_36' title="bbox 128 3566 1486 3650; baseline 0 -17"><span class='ocrx_word' id='word_1_364' title='bbox 128 3574 329 3650; x_wconf 87' lang='lat' dir='ltr'>posteriorum</span> <span class='ocrx_word' id='word_1_365' title='bbox 350 3571 404 3637; x_wconf 88' lang='grc'>4.“</span> <span class='ocrx_word' id='word_1_366' title='bbox 450 3574 529 3636; x_wconf 87' lang='lat' dir='ltr'>Nam</span> <span class='ocrx_word' id='word_1_367' title='bbox 551 3573 696 3635; x_wconf 82' lang='lat' dir='ltr'>Eudoxus</span> <span class='ocrx_word' id='word_1_368' title='bbox 720 3575 813 3635; x_wconf 88' lang='lat' dir='ltr'>dabat</span> <span class='ocrx_word' id='word_1_369' title='bbox 837 3581 879 3642; x_wconf 74' lang='lat' dir='ltr'>d,</span> <span class='ocrx_word' id='word_1_370' title='bbox 903 3575 938 3649; x_wconf 64' lang='grc'>5,</span> <span class='ocrx_word' id='word_1_371' title='bbox 964 3572 1007 3646; x_wconf 74' lang='lat' dir='ltr'>Q,</span> <span class='ocrx_word' id='word_1_372' title='bbox 1033 3569 1092 3648; x_wconf 74' lang='grc' dir='ltr'>Θε</span> <span class='ocrx_word' id='word_1_373' title='bbox 1118 3571 1153 3647; x_wconf 92' lang='grc'>5,</span> <span class='ocrx_word' id='word_1_374' title='bbox 1178 3569 1214 3646; x_wconf 88' lang='grc'>5,</span> <span class='ocrx_word' id='word_1_375' title='bbox 1242 3570 1276 3644; x_wconf 90' lang='grc'>5,</span> <span class='ocrx_word' id='word_1_376' title='bbox 1302 3566 1338 3645; x_wconf 87' lang='grc'>4;</span> <span class='ocrx_word' id='word_1_377' title='bbox 1362 3574 1486 3634; x_wconf 87' lang='lat' dir='ltr'>Aristo-</span> 
     </span>
     <span class='ocr_line' id='line_1_37' title="bbox 128 3657 1485 3742; baseline -0.001 -19"><span class='ocrx_word' id='word_1_378' title='bbox 128 3663 206 3724; x_wconf 86' lang='lat' dir='ltr'>teles</span> <span class='ocrx_word' id='word_1_379' title='bbox 235 3663 321 3725; x_wconf 90' lang='lat' dir='ltr'>addit</span> <span class='ocrx_word' id='word_1_380' title='bbox 349 3659 491 3737; x_wconf 85' lang='lat' dir='ltr'>totidem,</span> <span class='ocrx_word' id='word_1_381' title='bbox 526 3681 644 3742; x_wconf 89' lang='lat' dir='ltr'>semper</span> <span class='ocrx_word' id='word_1_382' title='bbox 672 3682 731 3724; x_wconf 89' lang='lat' dir='ltr'>uuo</span> <span class='ocrx_word' id='word_1_383' title='bbox 758 3662 872 3735; x_wconf 89' lang='lat' dir='ltr'>minus,</span> <span class='ocrx_word' id='word_1_384' title='bbox 908 3681 951 3722; x_wconf 86' lang='lat' dir='ltr'>se.</span> <span class='ocrx_word' id='word_1_385' title='bbox 976 3657 1014 3736; x_wconf 87' lang='grc'>4,</span> <span class='ocrx_word' id='word_1_386' title='bbox 1045 3657 1079 3734; x_wconf 91' lang='grc'>4,</span> <span class='ocrx_word' id='word_1_387' title='bbox 1104 3657 1140 3733; x_wconf 89' lang='grc'>4,</span> <span class='ocrx_word' id='word_1_388' title='bbox 1165 3658 1199 3734; x_wconf 89' lang='grc'>3,</span> <span class='ocrx_word' id='word_1_389' title='bbox 1234 3659 1312 3740; x_wconf 93' lang='lat' dir='ltr'>quod</span> <span class='ocrx_word' id='word_1_390' title='bbox 1340 3679 1485 3722; x_wconf 88' lang='lat' dir='ltr'>summam</span> 
     </span>
     <span class='ocr_line' id='line_1_38' title="bbox 129 3748 1486 3829; baseline 0 -18"><span class='ocrx_word' id='word_1_391' title='bbox 129 3750 204 3818; x_wconf 79' lang='lat' dir='ltr'>feeit</span> <span class='ocrx_word' id='word_1_392' title='bbox 229 3750 279 3815; x_wconf 90' lang='grc'>15.</span> <span class='ocrx_word' id='word_1_393' title='bbox 328 3751 382 3815; x_wconf 82' lang='lat' dir='ltr'>Sin</span> <span class='ocrx_word' id='word_1_394' title='bbox 406 3761 507 3814; x_wconf 90' lang='lat' dir='ltr'>autem</span> <span class='ocrx_word' id='word_1_395' title='bbox 531 3760 563 3813; x_wconf 89' lang='lat' dir='ltr'>et</span> <span class='ocrx_word' id='word_1_396' title='bbox 587 3750 627 3829; x_wconf 94' lang='grc' dir='ltr'>Θ</span> <span class='ocrx_word' id='word_1_397' title='bbox 651 3753 814 3813; x_wconf 90' lang='lat' dir='ltr'>seeundum</span> <span class='ocrx_word' id='word_1_398' title='bbox 838 3749 1029 3812; x_wconf 86' lang='lat' dir='ltr'>Fraeastorei</span> <span class='ocrx_word' id='word_1_399' title='bbox 1052 3758 1182 3811; x_wconf 89' lang='lat' dir='ltr'>mentem</span> <span class='ocrx_word' id='word_1_400' title='bbox 1205 3749 1318 3810; x_wconf 90' lang='lat' dir='ltr'>babeat</span> <span class='ocrx_word' id='word_1_401' title='bbox 1340 3748 1360 3811; x_wconf 88' lang='grc'><strong>5</strong></span> <span class='ocrx_word' id='word_1_402' title='bbox 1385 3752 1486 3811; x_wconf 86' lang='lat' dir='ltr'>leren-</span> 
     </span>
     <span class='ocr_line' id='line_1_39' title="bbox 128 3835 1485 3918; baseline 0.001 -18"><span class='ocrx_word' id='word_1_403' title='bbox 128 3846 191 3917; x_wconf 87' lang='lat' dir='ltr'>tes,</span> <span class='ocrx_word' id='word_1_404' title='bbox 218 3841 344 3905; x_wconf 89' lang='lat' dir='ltr'>habebit</span> <span class='ocrx_word' id='word_1_405' title='bbox 373 3850 405 3904; x_wconf 93' lang='lat' dir='ltr'>et</span> <span class='ocrx_word' id='word_1_406' title='bbox 427 3838 448 3905; x_wconf 92' lang='grc'><strong>4</strong></span> <span class='ocrx_word' id='word_1_407' title='bbox 471 3842 686 3915; x_wconf 88' lang='lat' dir='ltr'>restituentes,</span> <span class='ocrx_word' id='word_1_408' title='bbox 716 3841 831 3918; x_wconf 90' lang='lat' dir='ltr'>eritque</span> <span class='ocrx_word' id='word_1_409' title='bbox 861 3857 979 3899; x_wconf 87' lang='lat' dir='ltr'>summa</span> <span class='ocrx_word' id='word_1_410' title='bbox 1002 3856 1076 3899; x_wconf 90' lang='lat' dir='ltr'>sane</span> <span class='ocrx_word' id='word_1_411' title='bbox 1106 3835 1153 3900; x_wconf 81' lang='lat'>16.</span> <span class='ocrx_word' id='word_1_412' title='bbox 1203 3836 1326 3912; x_wconf 83' lang='lat' dir='ltr'>,Quare</span> <span class='ocrx_word' id='word_1_413' title='bbox 1355 3839 1485 3901; x_wconf 88' lang='lat' dir='ltr'>omniurn</span> 
     </span>
     <span class='ocr_line' id='line_1_40' title="bbox 128 3925 1485 4006; baseline 0 -17"><span class='ocrx_word' id='word_1_414' title='bbox 128 3948 267 3993; x_wconf 90' lang='lat' dir='ltr'>numeros</span> <span class='ocrx_word' id='word_1_415' title='bbox 301 3941 333 3992; x_wconf 91' lang='lat' dir='ltr'>et</span> <span class='ocrx_word' id='word_1_416' title='bbox 367 3930 527 3993; x_wconf 84' lang='lat' dir='ltr'>ferentium</span> <span class='ocrx_word' id='word_1_417' title='bbox 562 3938 593 3990; x_wconf 89' lang='lat' dir='ltr'>et</span> <span class='ocrx_word' id='word_1_418' title='bbox 628 3929 851 3992; x_wconf 87' lang='lat' dir='ltr'>restituentium</span> <span class='ocrx_word' id='word_1_419' title='bbox 883 3927 943 3989; x_wconf 91' lang='lat' dir='ltr'>erit</span> <span class='ocrx_word' id='word_1_420' title='bbox 970 3925 1012 3990; x_wconf 91' lang='grc'>55</span> <span class='ocrx_word' id='word_1_421' title='bbox 1020 3929 1050 4001; x_wconf 83' lang='lat'>;“</span> <span class='ocrx_word' id='word_1_422' title='bbox 1085 3927 1232 4006; x_wconf 86' lang='lat' dir='ltr'>siquidem</span> <span class='ocrx_word' id='word_1_423' title='bbox 1271 3926 1333 3988; x_wconf 89' lang='lat' dir='ltr'>illic</span> <span class='ocrx_word' id='word_1_424' title='bbox 1369 3930 1485 3990; x_wconf 84' lang='lat' dir='ltr'>Fraca-</span> 
     </span>
     <span class='ocr_line' id='line_1_41' title="bbox 129 4013 1482 4099; baseline -0.001 -20"><span class='ocrx_word' id='word_1_425' title='bbox 129 4027 229 4081; x_wconf 87' lang='lat' dir='ltr'>storeo</span> <span class='ocrx_word' id='word_1_426' title='bbox 258 4020 398 4099; x_wconf 82' lang='lat' dir='ltr'>largiaris</span> <span class='ocrx_word' id='word_1_427' title='bbox 428 4017 464 4095; x_wconf 84' lang='lat'>8,</span> <span class='ocrx_word' id='word_1_428' title='bbox 493 4016 536 4081; x_wconf 87' lang='grc'>25</span> <span class='ocrx_word' id='word_1_429' title='bbox 546 4038 556 4094; x_wconf 83' lang='lat'><em>3</em></span> <span class='ocrx_word' id='word_1_430' title='bbox 589 4018 637 4080; x_wconf 88' lang='lat' dir='ltr'>hic</span> <span class='ocrx_word' id='word_1_431' title='bbox 667 4016 702 4093; x_wconf 84' lang='lat'>6,</span> <span class='ocrx_word' id='word_1_432' title='bbox 735 4016 785 4081; x_wconf 87' lang='lat'>16.</span> <span class='ocrx_word' id='word_1_433' title='bbox 832 4018 878 4079; x_wconf 84' lang='lat' dir='ltr'>At</span> <span class='ocrx_word' id='word_1_434' title='bbox 906 4016 931 4078; x_wconf 90' lang='lat' dir='ltr'>si</span> <span class='ocrx_word' id='word_1_435' title='bbox 959 4013 993 4091; x_wconf 87' lang='grc'><strong>8,</strong></span> <span class='ocrx_word' id='word_1_436' title='bbox 1024 4013 1067 4078; x_wconf 89' lang='grc'>23</span> <span class='ocrx_word' id='word_1_437' title='bbox 1101 4027 1132 4077; x_wconf 89' lang='lat' dir='ltr'>et</span> <span class='ocrx_word' id='word_1_438' title='bbox 1159 4013 1194 4092; x_wconf 91' lang='grc'>6,</span> <span class='ocrx_word' id='word_1_439' title='bbox 1227 4015 1265 4078; x_wconf 80' lang='lat' dir='ltr'>te</span> <span class='ocrx_word' id='word_1_440' title='bbox 1295 4018 1482 4097; x_wconf 85' lang='lat' dir='ltr'>colligamus,</span> 
     </span>
     <span class='ocr_line' id='line_1_42' title="bbox 129 4106 562 4170; baseline 0 -2"><span class='ocrx_word' id='word_1_441' title='bbox 129 4127 273 4170; x_wconf 90' lang='lat' dir='ltr'>summam</span> <span class='ocrx_word' id='word_1_442' title='bbox 297 4109 486 4170; x_wconf 77' lang='lat' dir='ltr'>conficiemus</span> <span class='ocrx_word' id='word_1_443' title='bbox 510 4106 562 4170; x_wconf 86' lang='grc'>52.</span> 
     </span>
    </p>

    <p class='ocr_par' dir='ltr' id='par_1_9' title="bbox 76 4193 1484 4540">
     <span class='ocr_line' id='line_1_43' title="bbox 218 4193 1482 4275; baseline -0.006 -16"><span class='ocrx_word' id='word_1_444' title='bbox 218 4197 272 4273; x_wconf 83' lang='lat' dir='ltr'>„Si</span> <span class='ocrx_word' id='word_1_445' title='bbox 295 4215 366 4258; x_wconf 87' lang='lat' dir='ltr'>vero</span> <span class='ocrx_word' id='word_1_446' title='bbox 381 4197 447 4260; x_wconf 84' lang='lat' dir='ltr'>Soli</span> <span class='ocrx_word' id='word_1_447' title='bbox 470 4204 502 4258; x_wconf 91' lang='lat' dir='ltr'>et</span> <span class='ocrx_word' id='word_1_448' title='bbox 516 4196 621 4257; x_wconf 89' lang='lat' dir='ltr'>Lunae</span> <span class='ocrx_word' id='word_1_449' title='bbox 643 4213 701 4258; x_wconf 93' lang='lat' dir='ltr'>non</span> <span class='ocrx_word' id='word_1_450' title='bbox 722 4194 874 4257; x_wconf 88' lang='lat' dir='ltr'>addiderit</span> <span class='ocrx_word' id='word_1_451' title='bbox 892 4193 969 4274; x_wconf 90' lang='lat' dir='ltr'>qnis,</span> <span class='ocrx_word' id='word_1_452' title='bbox 994 4213 1068 4275; x_wconf 91' lang='lat' dir='ltr'>quos</span> <span class='ocrx_word' id='word_1_453' title='bbox 1085 4193 1223 4268; x_wconf 82' lang='lat' dir='ltr'>diximus,</span> <span class='ocrx_word' id='word_1_454' title='bbox 1248 4200 1347 4254; x_wconf 90' lang='lat' dir='ltr'>motus</span> <span class='ocrx_word' id='word_1_455' title='bbox 1371 4211 1482 4269; x_wconf 91' lang='lat' dir='ltr'>omnes,</span> 
     </span>
     <span class='ocr_line' id='line_1_44' title="bbox 128 4279 1484 4366; baseline -0.001 -21"><span class='ocrx_word' id='word_1_456' title='bbox 128 4286 274 4366; x_wconf 86' lang='lat' dir='ltr'>sphaerae</span> <span class='ocrx_word' id='word_1_457' title='bbox 298 4295 385 4349; x_wconf 88' lang='lat' dir='ltr'>erunt</span> <span class='ocrx_word' id='word_1_458' title='bbox 406 4285 481 4351; x_wconf 81' lang='grc'><strong>49.“</strong></span> <span class='ocrx_word' id='word_1_459' title='bbox 530 4284 604 4347; x_wconf 87' lang='lat' dir='ltr'>Sive</span> <span class='ocrx_word' id='word_1_460' title='bbox 632 4283 710 4345; x_wconf 91' lang='lat' dir='ltr'>enlm</span> <span class='ocrx_word' id='word_1_461' title='bbox 735 4283 881 4362; x_wconf 85' lang='lat' dir='ltr'>Oalippns</span> <span class='ocrx_word' id='word_1_462' title='bbox 906 4285 990 4345; x_wconf 88' lang='lat' dir='ltr'>binos</span> <span class='ocrx_word' id='word_1_463' title='bbox 1019 4282 1182 4356; x_wconf 92' lang='lat' dir='ltr'>addiderit,</span> <span class='ocrx_word' id='word_1_464' title='bbox 1211 4283 1322 4342; x_wconf 88' lang='lat' dir='ltr'>cadent</span> <span class='ocrx_word' id='word_1_465' title='bbox 1344 4282 1439 4361; x_wconf 86' lang='lat' dir='ltr'>primo</span> <span class='ocrx_word' id='word_1_466' title='bbox 1462 4279 1484 4343; x_wconf 91' lang='grc'><strong>4</strong></span> 
     </span>
     <span class='ocr_line' id='line_1_45' title="bbox 129 4369 1483 4452; baseline -0.004 -17"><span class='ocrx_word' id='word_1_467' title='bbox 129 4376 267 4451; x_wconf 88' lang='lat' dir='ltr'>ferentes,</span> <span class='ocrx_word' id='word_1_468' title='bbox 293 4376 362 4447; x_wconf 89' lang='lat' dir='ltr'>dein</span> <span class='ocrx_word' id='word_1_469' title='bbox 387 4373 408 4437; x_wconf 89' lang='grc'><strong>2</strong></span> <span class='ocrx_word' id='word_1_470' title='bbox 433 4374 628 4437; x_wconf 88' lang='lat' dir='ltr'>restituentes</span> <span class='ocrx_word' id='word_1_471' title='bbox 653 4371 743 4446; x_wconf 84' lang='lat' dir='ltr'>Solis,</span> <span class='ocrx_word' id='word_1_472' title='bbox 768 4369 877 4451; x_wconf 80' lang='lat' dir='ltr'>quia2</span> <span class='ocrx_word' id='word_1_473' title='bbox 902 4374 967 4452; x_wconf 90' lang='lat' dir='ltr'>ejus</span> <span class='ocrx_word' id='word_1_474' title='bbox 991 4372 1122 4432; x_wconf 84' lang='lat' dir='ltr'>ferentes</span> <span class='ocrx_word' id='word_1_475' title='bbox 1146 4370 1292 4432; x_wconf 84' lang='lat' dir='ltr'>cecidere.</span> <span class='ocrx_word' id='word_1_476' title='bbox 1339 4370 1401 4433; x_wconf 88' lang='lat' dir='ltr'>Sex</span> <span class='ocrx_word' id='word_1_477' title='bbox 1424 4370 1483 4448; x_wconf 81' lang='lat' dir='ltr'>igi-</span> 
     </span>
     <span class='ocr_line' id='line_1_46' title="bbox 76 4457 1483 4540; baseline -0.009 -8"><span class='ocrx_word' id='word_1_478' title='bbox 76 4527 79 4532; x_wconf 68' lang='lat'>,</span> <span class='ocrx_word' id='word_1_479' title='bbox 127 4467 224 4528; x_wconf 83' lang='lat' dir='ltr'>tursi</span> <span class='ocrx_word' id='word_1_480' title='bbox 248 4466 369 4527; x_wconf 84' lang='lat' dir='ltr'>auferas</span> <span class='ocrx_word' id='word_1_481' title='bbox 393 4463 488 4536; x_wconf 78' lang='lat' dir='ltr'>aon,</span> <span class='ocrx_word' id='word_1_482' title='bbox 517 4469 638 4525; x_wconf 87' lang='lat' dir='ltr'>restant</span> <span class='ocrx_word' id='word_1_483' title='bbox 659 4457 713 4524; x_wconf 88' lang='grc'>49.</span> <span class='ocrx_word' id='word_1_484' title='bbox 759 4461 873 4540; x_wconf 86' lang='lat' dir='ltr'>Aliqua</span> <span class='ocrx_word' id='word_1_485' title='bbox 905 4473 1004 4521; x_wconf 87' lang='lat' dir='ltr'>tamen</span> <span class='ocrx_word' id='word_1_486' title='bbox 1029 4459 1212 4537; x_wconf 80' lang='lat' dir='ltr'>exemplaria</span> <span class='ocrx_word' id='word_1_487' title='bbox 1239 4459 1353 4520; x_wconf 88' lang='lat' dir='ltr'>habent</span> <span class='ocrx_word' id='word_1_488' title='bbox 1374 4459 1483 4521; x_wconf 91' lang='lat' dir='ltr'>vitiose</span> 
     </span>
    </p>
   </div>
   <div class='ocr_carea' id='block_1_7' title="bbox 16 4545 1482 4634">
    <p class='ocr_par' dir='ltr' id='par_1_10' title="bbox 16 4545 1482 4634">
     <span class='ocr_line' id='line_1_47' title="bbox 16 4545 1482 4634; baseline -0.002 -22"><span class='ocrx_word' id='word_1_489' title='bbox 16 4605 21 4612; x_wconf 91' lang='lat'>.</span> <span class='ocrx_word' id='word_1_490' title='bbox 122 4545 189 4630; x_wconf 74' lang='lat'>&#39;473</span> <span class='ocrx_word' id='word_1_491' title='bbox 223 4555 288 4617; x_wconf 80' lang='lat' dir='ltr'>sive</span> <span class='ocrx_word' id='word_1_492' title='bbox 312 4554 423 4634; x_wconf 82' lang='lat' dir='ltr'>singuli</span> <span class='ocrx_word' id='word_1_493' title='bbox 448 4553 609 4632; x_wconf 82' lang='lat' dir='ltr'>aOalippo</span> <span class='ocrx_word' id='word_1_494' title='bbox 632 4551 695 4613; x_wconf 90' lang='lat' dir='ltr'>sint</span> <span class='ocrx_word' id='word_1_495' title='bbox 713 4549 817 4624; x_wconf 86' lang='lat' dir='ltr'>additi,</span> <span class='ocrx_word' id='word_1_496' title='bbox 842 4549 954 4610; x_wconf 84' lang='lat' dir='ltr'>cadent</span> <span class='ocrx_word' id='word_1_497' title='bbox 975 4548 1071 4627; x_wconf 92' lang='lat' dir='ltr'>primo</span> <span class='ocrx_word' id='word_1_498' title='bbox 1096 4548 1272 4619; x_wconf 79' lang='lat' dir='ltr'>2fereotes,</span> <span class='ocrx_word' id='word_1_499' title='bbox 1297 4567 1356 4609; x_wconf 88' lang='lat' dir='ltr'>una</span> <span class='ocrx_word' id='word_1_500' title='bbox 1369 4550 1482 4620; x_wconf 88' lang='lat' dir='ltr'>Lunae,</span> 
     </span>
    </p>
   </div>
   <div class='ocr_carea' id='block_1_8' title="bbox 128 4635 1484 4813">
    <p class='ocr_par' dir='ltr' id='par_1_11' title="bbox 128 4635 1484 4813">
     <span class='ocr_line' id='line_1_48' title="bbox 128 4635 1484 4724; baseline -0.004 -21"><span class='ocrx_word' id='word_1_501' title='bbox 128 4645 226 4706; x_wconf 88' lang='lat' dir='ltr'>altera</span> <span class='ocrx_word' id='word_1_502' title='bbox 248 4643 341 4718; x_wconf 87' lang='lat' dir='ltr'>Solis,</span> <span class='ocrx_word' id='word_1_503' title='bbox 366 4644 492 4724; x_wconf 90' lang='lat' dir='ltr'>indeque</span> <span class='ocrx_word' id='word_1_504' title='bbox 516 4644 582 4722; x_wconf 91' lang='lat' dir='ltr'>ejus</span> <span class='ocrx_word' id='word_1_505' title='bbox 605 4660 666 4701; x_wconf 90' lang='lat' dir='ltr'>uua</span> <span class='ocrx_word' id='word_1_506' title='bbox 688 4639 852 4700; x_wconf 85' lang='lat' dir='ltr'>restituens</span> <span class='ocrx_word' id='word_1_507' title='bbox 860 4656 869 4711; x_wconf 90' lang='lat'>;</span> <span class='ocrx_word' id='word_1_508' title='bbox 893 4635 1020 4716; x_wconf 88' lang='lat' dir='ltr'>quare3</span> <span class='ocrx_word' id='word_1_509' title='bbox 1041 4637 1077 4697; x_wconf 91' lang='lat' dir='ltr'>de</span> <span class='ocrx_word' id='word_1_510' title='bbox 1092 4635 1134 4698; x_wconf 76' lang='lat'>52</span> <span class='ocrx_word' id='word_1_511' title='bbox 1158 4637 1289 4711; x_wconf 88' lang='lat' dir='ltr'>ablatae,</span> <span class='ocrx_word' id='word_1_512' title='bbox 1314 4637 1484 4719; x_wconf 92' lang='lat' dir='ltr'>relinquunt</span> 
     </span>
     <span class='ocr_line' id='line_1_49' title="bbox 128 4725 1482 4813; baseline -0.004 -21"><span class='ocrx_word' id='word_1_513' title='bbox 128 4731 234 4796; x_wconf 84' lang='lat' dir='ltr'>iterum</span> <span class='ocrx_word' id='word_1_514' title='bbox 258 4728 312 4797; x_wconf 88' lang='grc'>49.</span> <span class='ocrx_word' id='word_1_515' title='bbox 358 4732 471 4795; x_wconf 89' lang='lat' dir='ltr'>Nescio</span> <span class='ocrx_word' id='word_1_516' title='bbox 501 4731 572 4813; x_wconf 91' lang='lat' dir='ltr'>quid</span> <span class='ocrx_word' id='word_1_517' title='bbox 602 4729 729 4792; x_wconf 89' lang='lat' dir='ltr'>monstri</span> <span class='ocrx_word' id='word_1_518' title='bbox 757 4727 831 4788; x_wconf 89' lang='lat' dir='ltr'>dant</span> <span class='ocrx_word' id='word_1_519' title='bbox 858 4727 992 4788; x_wconf 83' lang='lat' dir='ltr'>affectati</span> <span class='ocrx_word' id='word_1_520' title='bbox 1021 4726 1147 4800; x_wconf 89' lang='lat' dir='ltr'>numeri,</span> <span class='ocrx_word' id='word_1_521' title='bbox 1181 4725 1206 4787; x_wconf 87' lang='lat' dir='ltr'>si</span> <span class='ocrx_word' id='word_1_522' title='bbox 1234 4735 1336 4787; x_wconf 90' lang='lat' dir='ltr'>tamen</span> <span class='ocrx_word' id='word_1_523' title='bbox 1364 4728 1482 4806; x_wconf 88' lang='lat' dir='ltr'>genuini</span> 
     </span>
    </p>
   </div>
   <div class='ocr_carea' id='block_1_9' title="bbox 99 4811 1687 4894">
    <p class='ocr_par' dir='ltr' id='par_1_12' title="bbox 99 4811 1687 4894">
     <span class='ocr_line' id='line_1_50' title="bbox 99 4811 1687 4894; baseline -0.005 -11"><span class='ocrx_word' id='word_1_524' title='bbox 99 4830 220 4884; x_wconf 72' lang='lat' dir='ltr'>,sontt</span> <span class='ocrx_word' id='word_1_525' title='bbox 251 4828 301 4885; x_wconf 90' lang='lat' dir='ltr'>est</span> <span class='ocrx_word' id='word_1_526' title='bbox 323 4820 431 4883; x_wconf 86' lang='lat' dir='ltr'>binarii</span> <span class='ocrx_word' id='word_1_527' title='bbox 453 4822 546 4883; x_wconf 88' lang='lat' dir='ltr'>cubus</span> <span class='ocrx_word' id='word_1_528' title='bbox 571 4816 606 4894; x_wconf 81' lang='lat'>8,</span> <span class='ocrx_word' id='word_1_529' title='bbox 630 4836 770 4881; x_wconf 89' lang='lat' dir='ltr'>numerus</span> <span class='ocrx_word' id='word_1_530' title='bbox 793 4815 953 4878; x_wconf 84' lang='lat' dir='ltr'>serentium</span> <span class='ocrx_word' id='word_1_531' title='bbox 975 4811 996 4894; x_wconf 71' lang='lat' dir='ltr'>b</span> <span class='ocrx_word' id='word_1_532' title='bbox 1020 4823 1052 4876; x_wconf 86' lang='lat' dir='ltr'>et</span> <span class='ocrx_word' id='word_1_533' title='bbox 1073 4814 1123 4889; x_wconf 66' lang='lat' dir='ltr'>tt3</span> <span class='ocrx_word' id='word_1_534' title='bbox 1147 4822 1196 4876; x_wconf 90' lang='lat' dir='ltr'>est</span> <span class='ocrx_word' id='word_1_535' title='bbox 1219 4815 1325 4875; x_wconf 90' lang='lat' dir='ltr'>binarii</span> <span class='ocrx_word' id='word_1_536' title='bbox 1350 4816 1482 4894; x_wconf 88' lang='lat' dir='ltr'>quadra·</span> <span class='ocrx_word' id='word_1_537' title='bbox 1583 4817 1586 4820; x_wconf 79' lang='grc'><strong>’</strong></span> <span class='ocrx_word' id='word_1_538' title='bbox 1678 4853 1687 4863; x_wconf 85' lang='lat'>-</span> 
     </span>
    </p>
   </div>
   <div class='ocr_carea' id='block_1_10' title="bbox 127 4902 1481 5059">
    <p class='ocr_par' dir='ltr' id='par_1_13' title="bbox 127 4902 1481 5059">
     <span class='ocr_line' id='line_1_51' title="bbox 127 4902 1481 4989; baseline -0.004 -17"><span class='ocrx_word' id='word_1_539' title='bbox 127 4918 189 4974; x_wconf 86' lang='lat' dir='ltr'>tum</span> <span class='ocrx_word' id='word_1_540' title='bbox 212 4907 249 4988; x_wconf 94' lang='grc'><strong>4,</strong></span> <span class='ocrx_word' id='word_1_541' title='bbox 273 4925 415 4974; x_wconf 73' lang='lat' dir='ltr'>numme</span> <span class='ocrx_word' id='word_1_542' title='bbox 438 4911 596 4974; x_wconf 83' lang='lat' dir='ltr'>stellarum</span> <span class='ocrx_word' id='word_1_543' title='bbox 618 4915 689 4989; x_wconf 77' lang='lat' dir='ltr'>post</span> <span class='ocrx_word' id='word_1_544' title='bbox 711 4907 787 4969; x_wconf 86' lang='lat' dir='ltr'>duae</span> <span class='ocrx_word' id='word_1_545' title='bbox 810 4906 889 4981; x_wconf 82' lang='lat' dir='ltr'>illes,</span> <span class='ocrx_word' id='word_1_546' title='bbox 915 4922 992 4985; x_wconf 86' lang='lat' dir='ltr'>qnae</span> <span class='ocrx_word' id='word_1_547' title='bbox 1007 4904 1203 4967; x_wconf 80' lang='lat' dir='ltr'>restituentes</span> <span class='ocrx_word' id='word_1_548' title='bbox 1226 4902 1282 4964; x_wconf 79' lang='lat' dir='ltr'>sub</span> <span class='ocrx_word' id='word_1_549' title='bbox 1301 4923 1335 4965; x_wconf 90' lang='lat' dir='ltr'>se</span> <span class='ocrx_word' id='word_1_550' title='bbox 1352 4904 1481 4981; x_wconf 88' lang='lat' dir='ltr'>habeut;</span> 
     </span>
     <span class='ocr_line' id='line_1_52' title="bbox 258 5008 1269 5059; baseline -0.009 -9"><span class='ocrx_word' id='word_1_551' title='bbox 258 5043 260 5050; x_wconf 78' lang='grc'>,</span> <span class='ocrx_word' id='word_1_552' title='bbox 1208 5008 1269 5059; x_wconf 74' lang='lat'>17*</span> 
     </span>
    </p>
   </div>
   <div class='ocr_carea' id='block_1_11' title="bbox 0 0 1812 5634">
    <p class='ocr_par' dir='ltr' id='par_1_14' title="bbox 0 0 1812 5634">
     <span class='ocr_line' id='line_1_53' title="bbox 0 0 1812 5634; baseline 0 0"><span class='ocrx_word' id='word_1_553' title='bbox 0 0 1812 5634; x_wconf 95' lang='lat' dir='ltr'> </span> 
     </span>
    </p>
   </div>
  </div>
 </body>
</html>
