3609 5634
297 367 340 448 tl
886 377 1048 433 mm

293 563 412 607 movere
436 540 769 624 fortasse'pcstulsndo
797 543 915 623 possit:
948 543 973 606 si
1002 544 1080 604 forte
1104 542 1227 605 fortuito
1250 541 1312 604 illic
1336 543 1467 605 locorum
1489 550 1650 603 transeant

232 698 234 707 ,
295 632 591 714 Gruppenbachlani.

382 723 428 785 En
452 723 546 784 habes
569 721 727 803 epistolam
751 720 826 781 bene
849 721 981 801 longam,
1005 729 1038 781 et
1061 720 1224 801 longiorem
1248 721 1388 796 fortasse,
1412 738 1501 801 quam
1516 737 1648 799 occupa-

293 814 393 875 tiones
415 830 501 873 meas
525 811 675 891 nuptiales
695 811 772 872 ferre
793 804 930 890 possunt.
978 807 1116 888 Optarim
1140 820 1250 881 antem,
1274 819 1308 871 ut
1331 820 1362 871 et
1384 808 1438 891 p‘er
1461 809 1567 869 literas
1590 826 1648 888 pe·

294 902 338 977 tii,
364 900 480 982 sliquos
504 920 541 961 ex
563 910 665 962 vestro
689 896 835 979 collegio,
861 908 892 960 ts
914 899 1092 979 praesertim
1111 914 1202 979 atque
1221 899 1264 961 M.
1280 899 1431 962 Millerum
1454 898 1503 960 bic
1527 897 1647 959 adesse.

294 989 356 1053 Sed
380 990 450 1071 quia
473 991 509 1052 de
532 998 563 1051 te
586 989 643 1051 lroc
667 1007 788 1069 sperare
812 1006 870 1049 nou
891 1005 1036 1068 possum,
1059 988 1132 1050 illud
1156 988 1251 1049 solnm
1274 997 1305 1050 te
1329 1007 1419 1068 rogo,
1449 994 1480 1049 ut
1505 986 1544 1047 ad
1567 986 1648 1048 diem

294 1079 456 1160 nuptialem
481 1079 541 1141 tuis
564 1077 702 1160 precibus
725 1077 795 1138 mihi
819 1085 942 1158 praesto
966 1077 1020 1140 sis.
1067 1077 1179 1139 Rerum
1203 1096 1335 1140 mearum
1359 1086 1458 1139 status
1472 1093 1562 1158 porro
1576 1076 1649 1138 talia

293 1178 350 1245 est,
375 1178 409 1232 ιιι
432 1169 457 1229 si
482 1168 590 1230 moriar
611 1169 693 1230 intra
716 1185 833 1242 annom,
859 1166 911 1228 vix
934 1185 1111 1247 quemquam
1134 1166 1231 1246 major
1249 1167 1411 1229 infelicitas
1429 1174 1576 1228 mortuum
1595 1185 1647 1226 se-

288 1258 343 1340 'qui
365 1258 474 1338 possit.
521 1257 624 1337 Magni
649 1264 763 1318 sumtus
787 1256 824 1318 dc
847 1275 914 1318 meo
938 1255 1067 1319 faciendi
1091 1264 1179 1318 suut:
1213 1256 1312 1318 solent
1334 1276 1363 1317 n.
1387 1256 1436 1317 hic
1459 1253 1642 1335 splendidis·

293 1349 367 1410 sime
391 1347 531 1428 apparari
553 1346 686 1426 nuptiae.
733 1344 787 1408 Sin
811 1353 913 1408 antem
936 1345 1019 1407 Deus
1042 1345 1114 1408 milri
1138 1345 1231 1407 vitam
1255 1354 1409 1424 proroget,
1443 1352 1556 1406 certum
1589 1354 1646 1413 est,

292 1437 419 1517 ligatum
443 1444 474 1497 et
497 1435 694 1497 constrictum
716 1453 763 1496 me
787 1453 855 1496 esee
878 1435 908 1496 iu
933 1436 1010 1515 lrunc
1034 1436 1148 1506 locum,
1174 1434 1457 1516 quiequintandem
1480 1436 1517 1494 de
1541 1440 1647 1494 nostra

293 1527 398 1588 schola
427 1525 489 1587 liat.
537 1524 615 1587 Sunt
646 1524 725 1586 enim
755 1542 883 1603 sponsae
912 1542 997 1585 meae
1020 1523 1076 1586 hoc
1100 1525 1165 1586 loco
1188 1524 1331 1603 praedia,
1364 1532 1435 1585 sunt
1458 1520 1564 1597 amici,
1599 1531 1648 1583 est

186 1637 202 1662 ν
291 1623 381 1696 pater
413 1614 565 1694 locuples3
598 1622 631 1676 ut
661 1614 723 1675 fere
752 1612 865 1675 salario
888 1632 948 1675 nou
971 1631 1152 1694 magnopere
1175 1612 1309 1693 indigere
1332 1614 1436 1675 videar
1457 1622 1529 1692 post
1552 1629 1646 1672 annos

293 1704 416 1784 aliquot,
442 1703 467 1764 ei
491 1700 564 1765 milri
586 1703 642 1764 hoc
665 1704 806 1765 decorum
828 1711 922 1764 esset.
964 1702 1028 1765 Nec
1048 1702 1118 1764 mihi
1137 1711 1224 1783 patet
1239 1704 1336 1764 exitus
1351 1721 1389 1764 er
1406 1702 1463 1763 hac
1480 1699 1645 1782 provincia,

292 1792 349 1854 nisi
372 1801 425 1854 ant
446 1792 567 1873 publica
589 1791 749 1853 calamitas
772 1800 825 1854 ant
846 1792 967 1871 privata
989 1791 1181 1853 interveniat.
1226 1791 1366 1866 Publica,
1398 1792 1422 1853 si
1451 1809 1556 1871 nempe
1580 1791 1645 1851 Lu·

275 1882 417 1969 ¹therano
441 1899 499 1943 non
523 1880 651 1961 amplius
673 1888 741 1942 tnta
763 1880 805 1942 sit
826 1880 998 1960 provincia,
1033 1889 1086 1942 aut
1113 1881 1139 1943 si
1163 1900 1181 1942 a
1203 1880 1301 1943 'furca
1322 1880 1444 1961 propius
1466 1881 1645 1943 infestetur:

292 1971 342 2053 qni
365 1970 482 2052 quidem
502 1972 569 2051 jam
593 1970 749 2032 nunciatur
772 1988 838 2032 cum
861 1969 1013 2032 sexcentis
1036 1969 1167 2033 millibus
1189 1968 1338 2032 hominurn
1353 1969 1381 2031 in
1396 1971 1550 2049 procinctu
1566 1986 1644 2030 esse.

292 2060 416 2123 Privata
436 2078 510 2122 nero
533 2059 692 2122 calamitas
722 2058 750 2120 sl
779 2077 847 2125 mea
868 2078 944 2122 uxor
966 2059 1120 2123 moriatur.
1166 2057 1218 2121 Sic
1241 2061 1333 2122 etiam
1356 2060 1492 2121 umbram
1515 2057 1645 2139 aliquam

291 2157 391 2212 status
414 2149 472 2210 mei
495 2149 591 2211 rides.
638 2148 669 2210 A
690 2148 756 2209 Deo
779 2149 866 2228 plura
887 2157 992 2229 petere
1016 2168 1073 2210 non
1099 2148 1202 2221 audeo,
1229 2168 1318 2229 qnam
1340 2150 1395 2211 hoc
1419 2156 1551 2229 tempore
1572 2146 1645 2208 mihi

290 2238 440 2301 eveniunt.
486 2240 522 2302 Iu
551 2237 738 2300 naturalibus
771 2245 871 2300 antem
902 2238 1002 2300 causis
1035 2256 1166 2319 agnosco
1189 2228 1329 2300 'effectum
1354 2238 1528 2300 directionis
1550 2236 1645 2298 Medii

290 2327 366 2389 coeli
389 2328 428 2390 sd
446 2327 554 2390 Jovem
580 2335 611 2389 et
634 2328 735 2389 sextil.
752 2325 788 2400 Ω.
821 2328 896 2389 Asc.
913 2327 952 2388 ad
968 2331 994 2400 8
1011 2325 1063 2405 Θ,
1088 2326 1168 2401 009,
1191 2327 1281 2402 Διι,
1305 2324 1345 2404 Θ
1371 2327 1409 2388 ad
1432 2332 1468 2398 Δ
1489 2328 1530 2399 ι.
1563 2323 1645 2397 Quid

276 2416 414 2479 directio
437 2418 464 2490 3)
490 2417 529 2478 ad
554 2420 580 2489 00
605 2419 626 2494 d
649 2409 738 2481 etl]
760 2414 787 2486 δ
809 2426 899 2497 atque
923 2416 1069 2478 transitus
1092 2416 1143 2478 ille
1166 2418 1205 2478 ad
1229 2417 1358 2479 futurum
1382 2412 1412 2478 8.
1435 2413 1484 2479 18.
1500 2414 1643 2495 Septem·

281 2498 352 2569 'bris
384 2506 530 2569 allaturus
562 2505 621 2579 sit,
656 2513 783 2585 expecto
812 2524 870 2567 non
901 2506 1076 2568 meticuloso
1100 2506 1216 2580 anirno,
1250 2525 1317 2567 cum
1340 2505 1438 2566 Deum
1462 2504 1643 2585 superiorem

290 2610 462 2675 agnoscam.
509 2597 544 2658 In
567 2613 676 2675 magno
699 2613 767 2656 meo
789 2594 953 2657 infortunio
977 2595 1049 2657 illud
1073 2595 1284 2658 oblectationis
1307 2594 1413 2670 habui,
1442 2595 1520 2674 quod
1544 2593 1644 2655 omnia

289 2684 333 2746 ita
366 2703 433 2746 cnm
462 2685 546 2747 coelo
579 2691 806 2746 consenserunt.
866 2683 1001 2745 Directlo
1034 2692 1100 2746 erat
1131 2704 1204 2764 prae
1237 2685 1369 2747 foribus:
1408 2684 1461 2745 sed
1494 2683 1644 2745 Saturnus

289 2773 440 2836 tran'sibat
462 2792 517 2854 per
541 2773 712 2855 oppositum
733 2770 820 2835 Joris
844 2781 875 2834 et
899 2772 1160 2855 appropinquabat
1180 2774 1326 2855 quadrato
1341 2773 1541 2847 ascendentis,
1566 2772 1643 2833 unde

290 2862 390 2925 omnia
412 2863 558 2943 impedita
581 2872 665 2935 sunt,
696 2880 789 2942 nsque
812 2880 857 2935 eo,
882 2862 951 2924 dum
975 2860 1123 2925 Saturnus
1148 2882 1266 2926 cursum
1288 2871 1369 2925 retro
1392 2864 1528 2924 flecteret
1550 2879 1642 2941 supe-

288 2951 359 3014 riori
380 2950 536 3014 Jauuario.
577 2951 637 3013 Est
659 2960 761 3013 autern
784 2950 856 3012 mihi
878 2950 910 3025 ll
932 2951 961 3012 in
989 2947 1029 3014 19
1051 2958 1090 3026 ιι,
1114 2955 1187 3014 Asc.
1213 2952 1242 3013 in
1266 2950 1309 3016 25
1333 2951 1442 3032 gemin.
1491 2950 1552 3013 Sed
1574 2950 1643 3012 linis

288 3040 414 3104 chartam
446 3043 543 3103 adest.
588 3039 655 3120 Ego
679 3040 720 3101 H.
745 3040 840 3102 'liram
862 3039 929 3100 Deo
954 3037 1026 3120 Opt.
1051 3041 1132 3102 Mar.
1164 3043 1357 3115 commendo,
1392 3040 1441 3121 qui
1464 3040 1520 3102 tibi
1543 3039 1643 3101 omnia

286 3129 411 3210 largiter
432 3129 590 3192 retribuat.
638 3127 672 3191 Si
694 3136 812 3191 tantuin
835 3129 889 3190 otii
913 3129 967 3190 tibi
992 3140 1148 3209 superest:
1165 3150 1293 3211 quaeso
1317 3131 1501 3193 solummodo
1526 3131 1563 3190 de
1586 3148 1640 3190 ca-

186 3270 194 3277 .
286 3219 419 3281 lendario
443 3219 635 3299 respondeas.
681 3218 761 3279 Vale
783 3218 968 3297 Praeceptor
991 3219 1208 3282 amantissime.

376 3304 408 3371 9.
432 3307 549 3388 Aprilis
572 3308 652 3391 stylo
675 3324 753 3368 novo
777 3325 855 3368 anno
881 3302 976 3369 1597.

220 3410 226 3415 '
308 3402 311 3417 ¹
808 3396 848 3458 Η.
872 3395 908 3458 Τ.
933 3393 1022 3459 Grat.
1045 3396 1120 3459 disc.

1296 3485 1343 3548 Μ.
1368 3486 1401 3550 J.
1424 3484 1552 3576 Kepler:

358 3627 460 3680 Addidit
476 3624 599 3691 Keplerur
617 3627 644 3675 in
660 3625 699 3675 liis
716 3626 793 3676 literls
811 3626 932 3678 nonnulla
949 3627 980 3677 de
999 3625 1146 3679 Celenderis
1164 3627 1328 3695 Gmgoriano,
1352 3643 1416 3696 qnae
1434 3630 1563 3681 referenda
1581 3644 1645 3687 cena

287 3700 379 3750 mimus
397 3699 430 3749 ad
448 3712 524 3764 opera
540 3696 641 3762 Kepleri
660 3696 833 3764 chonologica
851 3694 920 3761 (Vol
937 3695 1006 3761 tu).

356 3770 526 3820 Maestllnl
543 3783 662 3834 reapom
679 3784 778 3827 eorum,
805 3771 891 3836 qulbus
909 3786 970 3835 opus
989 3770 1107 3821 donatum
1124 3772 1173 3826 sit,
1192 3772 1307 3827 nomina,
1326 3773 1478 3837 pretiumque
1495 3769 1641 3835 typothetae

286 3842 410 3897 solutum,
435 3842 548 3905 ιιιιιιιιο.
575 3854 640 3905 quae
662 3840 746 3891 aliena
769 3840 979 3901 herlewinus,
1004 3844 1114 3894 refermt
1132 3840 1192 3905 (rid
1213 3841 1324 3893 Hamch.
1342 3859 1368 3907 p.
1390 3841 1421 3893 18
1438 3839 1481 3905 ι).
1517 3842 1640 3907 Keplerna

286 3911 419 3963 llaestlino
437 3912 561 3976 rescripsit
579 3911 716 3976 Septembri
733 3914 793 3963 annl
813 3911 898 3962 1⁵97:

375 4017 511 4080 Salutem
533 4018 701 4097 plurimam.
749 4018 861 4081 Siros
884 4019 990 4091 isthic,
1014 4027 1049 4081 nt
1071 4027 1149 4099 opto,
1175 4020 1299 4097 valetis,
1324 4030 1442 4100 gratum
1466 4021 1538 4084 milri
1561 4040 1638 4082 nnn·

285 4107 369 4169 tium.
416 4106 482 4186 Ego
506 4117 538 4169 et
559 4126 627 4169 mea
649 4109 765 4187 conjux,
789 4109 878 4171 sicuti
903 4117 1049 4189 optamus,
1074 4109 1283 4189 conjugialiter
1302 4102 1450 4174 valemus:
1474 4110 1551 4192 quod
1568 4128 1637 4172 ver-

286 4197 355 4259 bum
379 4197 449 4278 qnid
472 4196 633 4276 significet,
658 4195 713 4260 Sol
734 4199 917 4277 patefaciet,
940 4197 990 4261 nbi
1013 4199 1052 4259 ad
1075 4199 1252 4279 quadratum
1276 4200 1314 4261 ab
1338 4200 1424 4262 initio
1448 4202 1543 4263 locum
1565 4218 1637 4280 per-

240 4340 243 4344 .
285 4287 419 4358 venerit,
454 4285 478 4346 si
509 4286 572 4347 Deo
605 4286 763 4366 placuerit.
808 4286 876 4350 Nou
900 4306 1022 4367 possum
1045 4296 1075 4347 te
1100 4285 1276 4351 Clarissimo
1303 4290 1433 4352 Domine
1458 4298 1639 4371 praeceptor

284 4394 343 4437 non
363 4374 519 4437 certiorem
542 4375 676 4448 reddere,
701 4376 774 4437 milri
796 4394 849 4454 pro
874 4377 956 4439 edito
979 4377 1080 4439 libello
1103 4375 1180 4439 hune
1204 4378 1346 4440 honorem
1369 4378 1499 4441 aGallis
1522 4377 1635 4451 haberi,

285 4474 319 4525 ut
341 4462 456 4544 Regius
478 4464 631 4543 professor
654 4464 795 4527 Lutetiae
817 4464 1001 4528 Parisiorum
1024 4484 1061 4526 ex
1082 4475 1172 4544 pacto
1196 4468 1378 4530 constitutus
1401 4487 1457 4549 ego
1482 4468 1551 4541 sim,
1585 4475 1638 4528 aut

285 4559 367 4612 certe
391 4552 482 4627 illum,
508 4553 556 4633 qui
580 4554 654 4615 haec
677 4554 716 4615 ad
739 4574 786 4616 me
810 4555 941 4635 scripsit,
967 4554 1092 4616 stultum
1115 4554 1209 4617 fuisse
1231 4575 1355 4618 necesse
1379 4556 1429 4619 sit.
1463 4555 1542 4628 Quia
1565 4573 1651 4631 vero¹

285 4641 321 4713 is,
347 4640 395 4720 qni
418 4642 490 4704 mihi
515 4645 579 4704 loco
604 4643 710 4706 cedere
734 4643 874 4717 volebat,
908 4644 1024 4706 interes
1048 4652 1180 4707 mortuus
1203 4655 1271 4719 est,
1295 4655 1327 4706 et
1348 4648 1450 4730 procul
1474 4646 1563 4708 dubio
1586 4645 1635 4707 dl-

284 4748 391 4791 versae
415 4731 581 4794 sententiae
605 4748 809 4795 successorem
828 4734 892 4813 jam
916 4732 1045 4813 reliquit,
1070 4733 1138 4795 ideo
1162 4734 1291 4808 decrevi,
1317 4737 1416 4816 quoad
1431 4736 1497 4798 Deo
1511 4735 1634 4816 placue-

285 4818 344 4892 rit,
376 4827 479 4901 spreta
506 4821 590 4900 regia
610 4823 798 4901 professione
818 4822 850 4884 in
874 4823 979 4906 Styria
996 4841 1126 4884 manere.
1173 4823 1336 4905 Exemplar
1359 4825 1506 4905 epistolae
1530 4825 1570 4886 ad
1587 4843 1635 4885 me

284 4908 394 4973 missas
417 4908 472 4972 tibi
495 4913 740 4987 transmitterem,
765 4912 822 4975 nisi
845 4912 917 4975 mihi
932 4919 1097 4982 constaret,
1121 4919 1151 4974 te
1173 4912 1334 4997 idpridem
1350 4914 1471 4979 habere.
1513 4912 1636 4999 Scripta
