3609 5634
712 384 833 436 derebus
852 387 1014 454 astrologicis·
1165 419 1167 426 ν
1475 395 1541 464 339

181 535 348 612 genuinos?
393 538 460 612 Ao,
495 558 552 600 non
577 542 678 602 estin
709 541 840 621 ipsomm
867 552 1036 625 potestate,
1071 548 1275 630 qualecunque
1299 574 1462 632 monnone
1483 557 1539 618 ob-

177 624 301 701 Jicere?
348 624 410 688 Sed
444 638 591 707 coguntur
613 630 790 693 occasiones
813 642 952 711 captare,
986 654 1078 713 seque
1108 642 1355 718 temperamentis
1382 650 1416 704 et
1446 644 1541 710 statui

181 712 292 774 meotis
322 734 441 776 suarum
473 718 635 782 tutelarum
667 721 915 783 accommodare?
961 719 1119 793 Quomodo
1151 727 1242 804 igitur
1271 739 1394 791 movent
1424 732 1541 795 animos

182 809 313 877 nostros,
339 823 531 884 percorpus,
555 827 592 867 an
613 827 644 868 se
668 808 766 886 ipsis?

175 915 177 919 '
252 907 440 959 Fabricius:
465 909 513 971 Qui
532 911 573 970 tit,
599 913 663 977 qnod
682 928 748 977 aqna
765 915 876 977 impense
899 915 976 964 salita
997 914 1079 966 hieme
1103 933 1151 967 non
1172 928 1330 981 concrescat,
1358 923 1423 974 slent
1441 932 1540 975 caterae

179 977 283 1099 aquileg
301 979 382 1099 &Eine
405 990 465 1045 pnto
490 983 581 1047 aliquid
608 998 700 1034 causae
724 985 837 1045 subesse,
867 986 933 1050 qnod
956 988 981 1035 in
1004 987 1064 1036 locis
1083 991 1143 1039 mari
1162 992 1248 1041 vicinis
1266 998 1364 1044 tantum
1382 995 1441 1059 gelu
1458 996 1540 1046 bieme

178 1063 262 1099 none
324 1065 345 1101 c.

271 1108 474 1203 Keplerus:
512 1123 603 1187 Salsa
625 1135 698 1207 puto
721 1127 829 1188 iisdem
853 1127 890 1188 de
914 1128 1015 1191 causis
1034 1148 1093 1192 non
1107 1149 1312 1210 concrescere,
1337 1136 1445 1217 quibos
1459 1136 1537 1198 olea.

177 1209 260 1272 Nam
285 1211 311 1274 si
334 1213 428 1274 salita
451 1214 598 1292 quaedam
622 1215 719 1289 fuere,
749 1215 898 1295 pinguedo
923 1216 966 1278 eie
989 1217 1085 1292 inest,
1115 1228 1146 1281 et
1170 1221 1269 1285 lentus
1293 1232 1383 1304 atque
1406 1224 1539 1288 visoidus

179 1299 304 1374 humor,
343 1308 377 1362 ut
408 1302 548 1363 carnibus
580 1303 764 1366 animalium.
812 1305 879 1365 Non
912 1315 1055 1384 penetrat
1086 1307 1178 1388 igitur
1205 1310 1300 1390 frigus
1328 1320 1393 1375 tam
1423 1332 1538 1376 crassa.

179 1387 287 1449 Hiems
310 1408 381 1451 vero
405 1409 463 1451 non
488 1391 554 1452 ideo
578 1392 679 1453 oritior
701 1393 788 1453 vobis
812 1393 941 1465 videtur,
969 1396 1033 1468 sed,
1058 1398 1136 1477 qnod
1159 1399 1305 1461 Francius
1328 1409 1398 1463 tuns
1422 1402 1539 1482 ajebat,

180 1475 220 1537 ob
246 1485 382 1538 aestuum
407 1479 559 1558 appulsus,
586 1501 688 1543 auram
711 1483 851 1563 rapidam
876 1484 1037 1560 spirantes,

254 1583 437 1633 Fabricius:
467 1583 493 1634 Si
511 1585 616 1635 fulmina
634 1594 692 1635 sunt
709 1587 862 1642 materialia,
886 1594 915 1636 nt
932 1588 1026 1653 physici
1044 1590 1142 1648 volunt,
1166 1604 1209 1640 cur
1226 1591 1298 1642 homo
1318 1592 1347 1642 lis
1365 1609 1415 1643 non
1432 1592 1540 1646 laediinr

180 1652 214 1702 ad
233 1653 352 1720 sensnm?
388 1655 476 1705 Audiri
494 1655 534 1707 hic
553 1657 677 1721 quendam
695 1658 797 1708 fulmine
817 1659 986 1709 exanimatum
1004 1662 1088 1718 inisse,
1107 1663 1132 1711 ln
1152 1665 1222 1724 anina
1240 1664 1305 1728 pileo
1322 1665 1454 1714 rotundum
1472 1665 1538 1715 iera·

180 1739 240 1774 men
257 1727 366 1775 mustum
385 1727 474 1788 luerat
494 1735 521 1777 et
538 1735 623 1779 tamen
642 1737 717 1793 capnt
734 1729 855 1780 illaesum.

272 1813 473 1895 Keplerus:
506 1817 554 1879 De
578 1818 743 1880 fulminatis
766 1838 955 1899 nunquamne
983 1820 1114 1882 audisti?
1159 1822 1207 1881 An
1236 1840 1339 1883 omnes
1369 1821 1413 1884 ita
1437 1823 1537 1886 fulmi-

182 1903 312 1964 nantur?
356 1903 460 1965 Nobili
475 1902 567 1986 Styro
594 1904 633 1969 12
659 1925 801 1969 anonmm
825 1927 927 1988 puero,
947 1910 1011 1988 jam
1036 1909 1167 1970 exanimi
1189 1928 1277 1990 pene,
1302 1929 1405 1971 arsere
1423 1921 1537 1988 vestes,

181 1992 326 2053 foramen
342 2001 408 2053 erat
431 1994 460 2054 in
485 1993 579 2055 calcei
603 1994 687 2055 solea
711 1993 799 2074 inque
823 2015 962 2064 scamno,
987 1998 1015 2057 in
1041 2018 1098 2076 quo
1123 1998 1242 2072 stabat;
1275 2000 1339 2078 ipse
1364 2007 1464 2062 tamen
1488 2000 1537 2061 in·

181 2090 275 2157 teger.
323 2080 399 2142 Puto
424 2082 601 2162 oleaginosa
623 2083 687 2162 peti
710 2093 739 2144 et
765 2084 922 2163 insigniter
945 2084 1059 2164 ignita,
1085 2084 1152 2147 hino
1176 2103 1233 2145 non
1259 2106 1365 2148 carnes
1388 2088 1537 2164 humidae,

179 2169 235 2230 sed
260 2189 312 2230 cor
335 2178 366 2230 et
389 2170 418 2230 in
442 2189 478 2231 eo
503 2172 654 2233 flammula
677 2171 773 2245 ritae;
798 2172 991 2246 innocense,
1017 2173 1136 2251 igneum
1160 2171 1278 2234 animal.

252 2274 434 2325 Fabricius:
467 2275 612 2337 Quaeritur.
641 2291 705 2341 qnae
729 2279 762 2326 sit
785 2292 863 2328 cansa
887 2279 1070 2348 anniversariae
1092 2279 1237 2329 mutationis
1260 2280 1323 2328 aeris
1349 2281 1375 2330 in
1394 2279 1456 2329 locis
1472 2281 1538 2330 nitra

180 2353 342 2409 aequatorem
362 2355 388 2396 et
406 2347 480 2403 circa.
500 2356 526 2396 et
544 2348 615 2397 simul
633 2349 697 2397 ratio
717 2349 847 2399 mutumne
864 2351 1007 2399 serenitatis
1024 2364 1163 2413 perunum
1182 2357 1315 2407 semestre.
1334 2357 1360 2400 et
1378 2357 1466 2400 contra
1482 2352 1538 2416 pln-

179 2418 237 2466 riae
256 2431 300 2481 per
317 2417 439 2467 altammi
476 2417 592 2483 Perpetui
611 2420 662 2469 lere
680 2421 747 2470 venti
765 2420 935 2477 danismam,
955 2422 1047 2485 absque
1065 2421 1171 2469 materia
1189 2421 1298 2470 nubium.
1334 2419 1433 2483 Physioi
1450 2429 1538 2471 vento·

181 2503 236 2536 rum
255 2491 385 2538 materiam
404 2489 438 2538 ad
455 2490 626 2540 exhalationes
644 2497 773 2539 terrestres
792 2490 914 2548 reiemnt3
933 2499 961 2540 at
978 2491 1028 2540 illic
1046 2505 1142 2554 semper
1155 2505 1276 2540 serenum.
1307 2489 1379 2541 Unde
1392 2493 1468 2555 frigus
1479 2490 1537 2541 hor·

182 2558 287 2607 rendum
305 2561 330 2608 in
350 2557 400 2607 41⁰
419 2559 467 2623 poli
488 2569 564 2611 anstr.
583 2563 608 2610 in
627 2563 715 2610 itinere
733 2555 829 2610 Draci?
866 2563 916 2611 Cur
933 2562 959 2611 in
977 2562 1037 2611 locis
1056 2561 1240 2611 anstraiioribus
1257 2562 1337 2611 hieme
1355 2564 1435 2624 melus
1453 2563 1538 2627 frigus,

179 2643 254 2693 qnam
273 2631 299 2678 in
317 2629 355 2679 his
373 2631 521 2681 maritimis?
552 2632 645 2681 Contra
664 2641 761 2681 aestate
780 2632 830 2682 illio
848 2636 929 2695 major
946 2640 1031 2681 aestus
1050 2640 1096 2687 est.
1115 2647 1189 2697 qnam
1207 2632 1256 2694 hic,
1276 2633 1334 2682 lieet
1346 2633 1399 2682 dies
1417 2634 1468 2682 sint
1484 2634 1537 2684 lon·

183 2701 279 2764 giores,
306 2709 332 2750 et
348 2709 447 2765 propter
465 2717 558 2752 moram
577 2704 713 2768 longiorem
732 2702 796 2753 Solis
819 2717 894 2768 snpra
911 2702 1064 2753 horizontem
1080 2706 1153 2766 iuxta
1169 2711 1240 2753 tuam
1257 2704 1408 2754 senuntiam
1427 2711 1453 2756 et
1471 2704 1538 2754 calor

181 2774 260 2834 maior
278 2786 333 2822 esse
351 2772 460 2822 deberet.
500 2773 596 2823 Suntne
614 2775 733 2838 planetae
756 2782 877 2824 certorum
901 2782 1029 2825 ventorum
1048 2769 1174 2824 motor-esi
1210 2774 1344 2825 Habentne
1363 2775 1453 2842 nageb
1470 2777 1537 2830 venti·

183 2851 278 2892 certam
297 2857 313 2892 a
331 2850 423 2893 natura
439 2844 545 2894 inditam
564 2845 760 2910 proprietatem?
796 2846 844 2895 Vel
862 2848 944 2910 potius
960 2860 979 2894 a
996 2853 1087 2896 natsra
1104 2846 1152 2894 loci
1170 2852 1197 2895 et
1214 2844 1337 2910 regionis?

270 2932 475 3012 Keplerns:
512 2935 579 2995 Hoc
603 2953 670 2996 esse
685 2943 758 3015 puto
774 2934 1044 3014 transaeqnatoriis
1062 2945 1224 3013 perpetuas
1243 2933 1433 3008 serenitates,
1458 2935 1537 3015 qnod

181 3020 268 3085 nobis
292 3030 451 3090 aestatem.
493 3024 534 3085 Et
558 3031 592 3084 nt
614 3022 700 3084 nobie
724 3023 775 3083 nix
798 3032 918 3084 aestate
942 3042 1000 3084 non
1024 3022 1115 3096 cadit,
1140 3023 1300 3084 turbantur
1325 3031 1425 3083 tamen
1445 3023 1534 3084 calidi

183 3110 248 3171 dies
272 3111 406 3190 frigidis,
441 3112 485 3173 ita
509 3113 568 3173 illis
593 3112 648 3173 snb
676 3121 833 3191 aspectus,
857 3113 883 3173 si
907 3131 965 3173 non
988 3111 1122 3190 pluviae,
1147 3119 1229 3173 certe
1252 3110 1417 3174 nubeculae
1440 3119 1536 3173 emnt.

184 3197 275 3259 Venti
299 3200 416 3280 quidem
432 3219 469 3261 ex
484 3201 646 3276 montibus,
671 3201 725 3262 sed
740 3220 777 3262 ex
793 3201 854 3263 alia
868 3201 945 3263 forte
960 3201 1141 3275 continente,
1167 3208 1199 3261 et
1213 3199 1355 3276 continui,
1379 3200 1449 3280 quia
1463 3219 1536 3262 con-

181 3286 265 3348 tinna
280 3289 425 3350 montium
440 3288 603 3365 exhalatio,
629 3289 678 3369 qui
694 3289 731 3351 iis
746 3290 820 3352 loeis
835 3287 938 3351 Solem
953 3289 1145 3351 accedentem
1162 3289 1267 3351 lortius
1282 3289 1426 3365 sentiunt,
1450 3307 1536 3372 quam

181 3396 244 3438 nos.
290 3377 373 3438 Pluit
397 3379 528 3440 fortasse
552 3378 630 3458 apud
655 3379 723 3440 illos
747 3387 877 3454 montes,
902 3388 938 3441 at
959 3379 1061 3460 pluvia
1084 3379 1145 3441 cito
1169 3378 1315 3441 considet.
1361 3377 1456 3439 Venti
1480 3398 1535 3439 va·

179 3476 261 3527 stum
284 3485 427 3528 oceanum
451 3476 583 3542 tranant,
604 3468 774 3548 pluviarum
797 3468 929 3530 soboles.
977 3466 1011 3529 si
1035 3468 1101 3549 quis
1125 3467 1198 3529 mihi
1222 3467 1415 3546 consignaret
1438 3468 1537 3529 omnia

181 3554 392 3629 observabilia,
419 3565 573 3617 ventorum
598 3557 722 3636 plagas,
748 3558 838 3619 facile
863 3556 1061 3636 confingerem
1085 3555 1285 3637 hypotheses,
1305 3555 1412 3635 juncta
1436 3567 1538 3617 astro·
1588 3633 1594 3639 .

181 3643 297 3706 nomiae
321 3646 560 3725 cosmographia.
606 3644 689 3706 Nihil
714 3646 789 3706 adeo
814 3646 958 3707 insolens.
1000 3646 1104 3707 Habet
1127 3653 1159 3706 et
1178 3642 1311 3706 Graecia
1334 3650 1432 3705 statas
1456 3653 1535 3705 tem-

179 3741 334 3811 pestates;
359 3731 523 3796 Germania
547 3734 584 3795 ob
608 3733 784 3796 vastitatem
800 3735 841 3796 'et
864 3733 986 3796 crebros
1002 3743 1118 3794 montes
1143 3733 1240 3794 minus
1264 3731 1311 3794 his
1335 3741 1460 3795 assueta
1479 3741 1535 3806 est,

181 3823 358 3901 praesertim
384 3823 496 3884 boreali
522 3823 618 3885 litore.
1100 3877 1105 3891 ,
1289 3831 1294 3838 ’

269 3912 304 3973 ln
329 3911 559 3990 septentrionali
583 3911 726 3973 Amerina
750 3918 886 3990 apparet,
913 3910 1137 3972 exhalationem
1162 3929 1237 3989 opos
1261 3929 1328 3970 esse
1349 3915 1464 3970 tantum
1485 3908 1539 3971 iri-

182 4019 255 4079 gue,
286 4008 320 4060 ut
343 4001 422 4081 apud
446 4020 500 4061 nos
525 4001 621 4062 simile
646 4000 714 4079 quid
740 3999 889 4060 interdum
914 4008 1043 4061 aestate.
1090 3999 1174 4060 Haec
1198 3999 1251 4060 illa
1274 3999 1370 4079 regio,
1401 3999 1478 4059 unde
1502 3999 1540 4059 ad

181 4106 235 4149 nos
268 4088 405 4151 h'ordost
442 4090 492 4151 ille
530 4088 667 4168 frigidus.
716 4086 797 4159 Quid
825 4088 852 4149 si
877 4089 917 4149 ibi
940 4088 1025 4150 culus
1054 4088 1179 4150 mtrndi?
1224 4088 1344 4151 Natura
1372 4086 1470 4149 ventis
1502 4085 1540 4146 ab

182 4177 305 4256 originis
329 4189 363 4238 et
380 4177 560 4239 atrausitus
577 4177 659 4239 locis.
698 4178 863 4256 impetuosi
883 4176 1022 4238 videntur
1045 4196 1061 4238 e
1079 4178 1245 4256 propinquo
1260 4177 1370 4237 venire.
1407 4175 1539 4237 Austra-

184 4263 259 4326 libus
284 4275 317 4327 ut
349 4266 485 4328 omuibus
518 4267 591 4327 loeis
621 4267 715 4345 frigus
741 4274 773 4326 et
797 4274 900 4328 aestus
931 4286 949 4326 a
976 4266 1122 4328 tenuitate
1152 4264 1231 4325 airis
1259 4263 1418 4343 adjuvatur
1448 4273 1541 4324 nuta

183 4356 292 4416 ventis.
348 4355 427 4416 ilinc
460 4356 592 4434 Angliae
626 4357 698 4416 mite
729 4355 823 4434 frigus
854 4374 961 4416 crasso
989 4360 1071 4416 abre.
1124 4352 1281 4436 Limpidus
1310 4350 1402 4430 igitm·
1430 4358 1483 4413 air
1511 4352 1539 4414 in

182 4443 341 4519 peinana,
371 4453 475 4506 aestus
498 4463 571 4505 vero
595 4444 709 4522 major,
742 4443 812 4523 qnia
836 4443 889 4505 Sol
914 4443 1006 4504 altior
1014 4492 1025 4534 7
1064 4450 1095 4504 et
1116 4443 1185 4521 plus
1209 4442 1303 4503 vineit
1325 4440 1454 4502 altitudo
1477 4441 1539 4515 illa,

182 4550 271 4612 qnam
295 4542 402 4595 nostra
424 4533 484 4594 diei
509 4533 676 4612 longitudo.
722 4533 794 4594 Mea
817 4531 964 4612 principia
993 4550 1049 4591 non
1074 4539 1250 4609 comparant
1278 4530 1415 4590 diversas
1439 4531 1540 4609 regio-

181 4640 246 4699 nes,
271 4622 325 4684 sed
350 4623 505 4685 cumulant
528 4622 693 4703 qualitates
717 4621 747 4683 in
772 4639 830 4683 nno
855 4621 956 4701 aliquo
972 4626 1052 4682 aire.
1099 4618 1217 4691 Pluvia,
1242 4627 1359 4692 ventus,
1385 4640 1422 4681 an
1443 4621 1540 4681 fumos

183 4710 224 4772 sit
249 4712 376 4784 futurus,
404 4712 483 4792 quod
507 4712 648 4786 exhalat,
673 4710 703 4771 in
728 4712 841 4772 Terrae
865 4708 1026 4771 habilitate
1051 4710 1142 4770 sitnm
1166 4709 1311 4784 arbitror,
1335 4726 1393 4770 non
1418 4708 1446 4771 in
1470 4710 1539 4789 pla-

180 4809 317 4864 netarum
341 4800 474 4862 arbitrio.
520 4801 563 4862 Et
591 4808 692 4862 tamen
726 4800 827 4879 aptior
855 4799 933 4860 alins
966 4799 1004 4859 ad
1036 4798 1127 4859 aliam
1157 4797 1360 4861 conditionem
1383 4799 1539 4873 materiae,

179 4909 244 4952 cum
269 4893 331 4953 siut
356 4890 488 4952 distincti
513 4891 673 4953 coloribus.

1262 4990 1323 5041 22*
