3609 5634
827 296 990 352 m
1501 305 1546 378 to

157 453 256 524 test,
298 471 392 534 quam
422 454 557 520 foramen
589 476 627 520 ex
654 458 719 522 alta
746 459 839 536 tnrri,
864 459 1006 542 locusque
1034 463 1091 524 snb
1115 477 1152 527 ea
1173 464 1341 530 umbrosus.
1387 451 1549 532 Rotundus

157 537 272 600 euim-
281 540 370 605 Solis
398 545 500 607 radius
523 546 624 625 optica
647 549 764 610 ratione
786 567 841 628 per
865 552 996 613 foramen
1028 551 1218 632 ingrediens,
1243 555 1269 615 si
1299 574 1336 616 ex
1371 556 1491 639 obliquo
1518 560 1548 621 in

156 625 309 707 planum
332 631 455 708 incidat,
481 635 599 713 ellipsin
622 637 729 718 pingit,
754 638 840 718 cujus
864 657 902 700 ex
926 638 1016 719 longa
1038 647 1070 702 et
1094 642 1176 704 brevi
1201 642 1359 719 diametro,
1384 645 1409 706 si
1434 646 1549 726 ellipsis

158 717 254 779 satis
284 739 400 801 magua
422 722 479 798 sit,
503 731 577 804 puta
601 745 639 787 ex
663 726 728 788 loco
753 727 828 800 alto,
858 728 946 807 plura
969 747 1025 808 ego
1049 730 1209 811 colligam,
1240 751 1329 812 qnam
1352 753 1391 796 ex
1414 736 1549 797 omnibns

159 807 416 886 quadrantibus,
441 812 625 889 astrolabiis,
651 815 787 886 armillis,
806 814 938 892 baculis,
964 825 996 879 et
1018 818 1174 882 similibus.

268 898 321 961 De
347 901 605 964 observationibus
629 905 708 985 qnod
721 902 778 965 ‘me
803 904 960 981 sollicitas,
979 907 1042 987 jam
1058 908 1174 987 pridem
1192 907 1286 971 babes
1306 910 1382 971 duas
1400 910 1549 991 insignio-

158 1002 219 1046 res
250 987 298 1049 de
322 990 469 1052 Mercurio
494 1001 525 1052 et
546 992 667 1055 Polari:
693 993 836 1055 Nonnihil
860 994 951 1056 etiam
980 995 1096 1058 videbis
1125 998 1154 1059 in
1189 1015 1256 1059 meo
1286 999 1480 1080 prognostico
1509 1001 1549 1062 ad

161 1094 298 1140 annum
339 1075 436 1155 1599,
475 1080 553 1160 quod
594 1081 622 1142 in
666 1082 741 1143 hunc
770 1083 858 1144 tinem
894 1083 991 1161 adjeci
1026 1084 1122 1147 literis
1155 1085 1249 1147 hisce.
1297 1087 1460 1150 Praeterea
1487 1089 1549 1152 fero

161 1164 254 1228 nihil
285 1166 398 1242 habeo,
428 1168 487 1230 nisi
517 1168 590 1231 illud
618 1178 648 1232 te
673 1172 803 1233 fortasse
828 1172 978 1247 delectet,
1004 1172 1052 1234 die
1076 1171 1130 1237 25.
1154 1174 1242 1254 Sept.
1268 1193 1354 1237 mane
1378 1194 1430 1237 cor
1453 1178 1548 1239 leonis

163 1274 187 1314 a
215 1256 350 1318 Venere
378 1256 503 1336 eclipsin
527 1277 594 1320 esse
613 1278 746 1339 passum,
771 1261 859 1340 plane
883 1269 918 1322 nt
941 1269 1012 1323 ante
1036 1281 1131 1324 annos
1154 1271 1234 1327 octo.
1286 1262 1424 1343 Eclipsin
1447 1273 1547 1340 tamen

164 1342 243 1421 ipse
280 1363 338 1406 non
371 1346 453 1420 vidi,
489 1366 543 1408 nec
581 1348 737 1429 qnisquam
773 1350 802 1411 in
840 1350 895 1411 hoc
932 1356 997 1411 toto
1030 1350 1195 1415 occidente.
1256 1349 1408 1432 Colligere
1447 1361 1548 1416 antem

164 1434 268 1512 potui
306 1434 410 1513 paucis
443 1443 512 1496 ante
543 1435 670 1498 Veneris
699 1445 795 1500 ortum
826 1438 909 1500 horis
946 1438 1103 1501 accidisse.
1159 1441 1239 1503 Nam
1276 1441 1390 1504 oriente
1425 1442 1546 1506 Venere

165 1521 268 1583 nullo
296 1519 384 1584 modo
418 1523 519 1585 videre
557 1543 607 1586 cor
638 1527 739 1604 potui,
781 1527 836 1588 sed
873 1535 943 1606 post
976 1535 1073 1590 ortum
1106 1528 1170 1607 ejus
1199 1548 1258 1590 una
1290 1529 1364 1591 hora
1393 1531 1574 1611 separatio‘

166 1617 275 1673 tanta
308 1611 378 1684 fuit,
417 1631 455 1674 ex
482 1631 541 1693 qna
573 1614 744 1694 conjectata
771 1616 940 1700 conjunctio
972 1623 1043 1677 ante
1076 1624 1174 1678 ortum
1204 1618 1344 1680 cadebat.
1404 1619 1547 1682 Vidisses

168 1697 386 1762 differentiam
412 1701 487 1763 ineis
515 1702 544 1763 in
573 1709 699 1783 utraque
727 1705 827 1766 stella.
875 1704 1017 1767 Rubebat
1040 1706 1119 1767 enim
1141 1726 1193 1768 cor
1215 1706 1364 1781 nonnihil,
1401 1715 1433 1770 et
1461 1709 1547 1789 quasi

168 1788 372 1868 pellucebat,
398 1790 521 1869 perinde
545 1793 631 1871 qnasi
655 1793 765 1855 Venus.
784 1792 872 1856 lactis
896 1795 1075 1870 crassitiem,
1101 1815 1152 1857 cor
1175 1814 1271 1877 aquae
1288 1796 1429 1876 limpidae
1445 1797 1546 1860 tenni-

170 1883 283 1942 tatem
306 1878 483 1941 imitaretur.

275 1965 403 2038 Quaeris
432 1976 465 2029 et
496 1969 533 2031 de
560 1970 683 2051 reliquis
705 1970 814 2033 studiis
847 1972 938 2044 meis,
980 1980 1012 2033 et
1039 1991 1161 2052 operam
1187 1972 1340 2052 polliceris
1371 1972 1546 2050 adjutandis

173 2056 261 2118 meis
281 2056 550 2119 observationibus.
584 2059 625 2120 Et
648 2059 864 2130 humanitatem
887 2061 965 2122 hanc
988 2061 1103 2140 pridem
1116 2061 1236 2141 quidem
1252 2062 1420 2139 degustavi,
1441 2068 1548 2142 gratus

174 2164 329 2224 agnosco,
353 2165 408 2207 nec
431 2147 598 2209 mehercule
622 2159 782 2210 contemno
806 2157 859 2211 aut
882 2149 1002 2229 rejicio:
1028 2158 1161 2214 ceterum
1184 2150 1213 2211 in
1238 2149 1313 2211 haec
1338 2159 1474 2230 tempora
1497 2150 1546 2212 iu-

176 2235 322 2309 cidimus,
348 2234 377 2296 in
401 2236 506 2314 quibus
531 2236 691 2299 hebescere
715 2227 907 2299 solertissimi
931 2239 1074 2318 cujusque
1095 2239 1202 2309 aciem,
1221 2239 1376 2314 deferbere
1398 2239 1544 2314 ardorem,

178 2331 313 2385 conatus
337 2323 462 2403 opprimi
486 2345 609 2387 necesse
634 2326 682 2388 sit.
718 2323 798 2396 Quid
822 2326 922 2388 enim?
946 2328 974 2388 iu
1000 2324 1104 2408 Styria
1128 2328 1292 2388 maneam?
1315 2348 1352 2389 an
1369 2327 1546 2390 discedam?

177 2411 291 2491 Neque
315 2431 361 2474 me
384 2412 525 2492 reprimo,
551 2415 598 2494 qui
623 2415 789 2477 studiorum
813 2416 866 2477 tibi
890 2434 1023 2477 meomm
1047 2434 1136 2495 quam
1161 2415 1381 2496 penitissimam
1406 2416 1545 2478 notitiam

181 2500 289 2579 apemi
313 2502 415 2581 (qnam
441 2502 617 2565 facilitatem
642 2503 808 2583 agnovisti,
835 2512 868 2565 ut
891 2505 1009 2577 video),
1039 2504 1107 2582 quin
1133 2512 1164 2565 et
1188 2504 1314 2564 affectus
1339 2503 1431 2565 animi
1453 2514 1544 2584 pate-

182 2587 309 2650 faciam:
338 2587 427 2660 Qnod
450 2599 483 2651 tn
508 2592 637 2654 fortasse
661 2593 777 2670 gaudes
807 2595 857 2664 (ut
879 2601 950 2654 sunt
972 2591 1133 2666 humana),
1158 2592 1259 2652 idme
1284 2591 1384 2652 dolere
1408 2592 1546 2654 acerbis·

112 2695 115 2698 ·
182 2677 261 2738 sime
285 2697 407 2739 necesse
432 2687 489 2741 est.
537 2679 726 2743 Christianus
750 2700 831 2753 snm,
865 2682 1074 2761 Augustanam
1102 2680 1321 2742 confessionem
1349 2698 1387 2740 ex
1419 2680 1546 2744 institu-

182 2766 266 2827 tione
290 2777 456 2846 parcntum,
482 2787 518 2828 ex
543 2769 709 2831 rationibus
733 2769 857 2849 saepius
881 2770 919 2830 ad
944 2769 1089 2831 tmtlnam
1104 2768 1264 2842 revocatis,
1285 2787 1322 2828 ex
1343 2770 1545 2831 tentationum

183 2854 368 2935 quotidianis
392 2856 543 2918 exercitiis
566 2858 667 2933 hausi,
701 2857 779 2920 hanc
808 2859 987 2937 amplector,
1017 2858 1158 2920 simulare
1186 2875 1244 2917 non
1274 2855 1379 2930 didici,
1411 2857 1491 2920 serila
1515 2858 1543 2918 in

182 2943 378 3022 religionibus
402 2952 510 3018 tracto,
535 2965 592 3007 non
617 2947 741 3021 ludicra,
767 2966 857 3027 qnare
878 2955 910 3008 et
932 2946 1010 3007 serio
1034 2946 1071 3007 de
1095 2943 1247 3024 religionis
1264 2944 1417 3018 exercitio,
1436 2963 1543 3006 sacra·
1646 2974 1653 2980 ·

184 3041 351 3096 mentorum
371 3055 425 3095 usu
449 3044 567 3114 satago.
616 3034 695 3107 Quid
724 3035 844 3096 antem?
889 3033 988 3113 Ejecti
1022 3042 1092 3095 snnt
1120 3032 1203 3094 hisce
1231 3032 1407 3113 provinciis,
1437 3033 1544 3112 quibas

184 3121 373 3184 internuntiis
397 3123 542 3186 hactenus
566 3143 631 3186 cum
655 3125 719 3186 Deo
740 3123 802 3203 egi:
841 3122 948 3201 quibus
985 3121 1053 3184 aliis
1091 3139 1181 3201 agere
1212 3139 1332 3201 possem
1364 3140 1432 3188 cum
1466 3121 1542 3196 Deo,

186 3207 204 3269 ii
228 3229 286 3271 non
311 3210 516 3275 admittuntur.
568 3213 619 3275 Ad
651 3214 725 3274 haec
753 3210 864 3272 salario
893 3210 978 3285 vivo,
1011 3229 1065 3290 pro
1093 3210 1264 3272 conditione
1294 3210 1364 3283 loci,
1398 3227 1543 3290 perquam

184 3299 281 3372 tenni3
310 3318 380 3379 spes
409 3310 476 3362 erat
510 3301 657 3364 auctionis
682 3301 710 3361 in
734 3307 902 3379 posterum;
933 3298 997 3379 quis
1027 3294 1172 3378 augebit?
1216 3298 1394 3361 Proceribns
1430 3299 1542 3360 ademti

183 3397 254 3448 snnt
278 3407 389 3462 omnes,
415 3390 464 3470 qui
488 3390 676 3470 religionem,
702 3389 751 3467 qui
779 3395 862 3450 artes
893 3386 989 3467 ma‘gis
1021 3388 1210 3449 necessarias
1240 3387 1428 3460 tractabant3
1459 3387 1542 3448 solus

183 3486 322 3557 superest
344 3478 582 3553 mathematicus,
608 3497 665 3558 qno
689 3495 792 3539 carere
807 3477 938 3538 omnium
953 3477 1095 3537 facillime
1109 3494 1199 3555 posse
1218 3493 1395 3554 persuasum
1418 3475 1540 3536 habent.

183 3564 218 3626 In
241 3573 330 3628 tanta
352 3567 592 3639 exacerbatione,
620 3575 667 3628 tot
689 3566 833 3629 bonorum
858 3566 986 3627 virorum
1011 3564 1119 3639 exiliis,
1146 3583 1204 3644 qna
1228 3563 1325 3625 fronte
1340 3562 1446 3624 otiosis
1466 3564 1541 3625 meis

184 3654 439 3732 speculationibus
462 3655 591 3736 amplius
616 3654 767 3734 quidpiam
790 3654 927 3733 petiero?
973 3654 1078 3733 Itaque
1107 3653 1132 3716 si
1160 3653 1305 3731 languent
1336 3670 1404 3713 mea
1428 3652 1539 3727 studia,

184 3742 210 3801 si
238 3751 366 3804 conatus
395 3743 594 3818 intercidunt,
625 3745 651 3806 si
682 3742 915 3822 exoptatissima
946 3742 1190 3820 Magnificentiae
1223 3749 1294 3802 tuae
1326 3740 1541 3820 promtitudine

184 3831 221 3891 ad
245 3832 462 3909 promovendas
486 3853 569 3894 meas
592 3831 821 3894 observationes
845 3838 876 3892 et
899 3830 1082 3892 conficienda
1103 3831 1301 3892 instrumenta
1320 3829 1347 3888 in
1367 3829 1542 3907 praesentia

183 3919 227 3982 nti
250 3925 373 4001 nequeo,
399 3921 596 3983 habitationis
621 3940 663 3983 sc.
688 3921 837 3983 incertus:
862 3921 981 3998 culpam
999 3937 1115 3980 omnem
1130 3919 1160 3979 in
1179 3916 1343 3996 religionis,
1359 3917 1388 3977 in
1407 3917 1540 3981 familias

183 4026 285 4070 curam
307 4009 453 4071 conferes.
501 4011 606 4072 Petam
631 4019 731 4078 tamen
758 4012 808 4081 (ne
833 4017 1022 4070 contemnere
1046 4006 1285 4069 benevolentiam
1310 4014 1392 4066 tuam
1410 4007 1539 4078 videar),

184 4098 261 4178 qnod
285 4097 355 4160 mihi
379 4098 447 4159 vivo
471 4117 588 4178 semper
611 4101 685 4162 utile
711 4099 776 4161 erit.
824 4095 1095 4160 Observationibus
1117 4095 1258 4157 Werneri
1282 4112 1380 4155 careo.
1425 4093 1540 4154 Exem-

182 4185 280 4266 plaria
316 4195 386 4266 post
426 4195 474 4248 tot
509 4208 604 4250 annos
640 4189 786 4250 distracta
819 4187 919 4248 omnia
960 4184 1110 4247 existimo.
1162 4183 1196 4246 Si
1229 4183 1306 4262 quod
1337 4200 1431 4260 penes
1473 4181 1540 4242 Vos

183 4275 338 4354 exemplar
361 4276 464 4349 estid
487 4294 628 4355 proceres
652 4278 746 4339 nostri
770 4275 875 4338 libenti
903 4275 1002 4335 animo
1026 4282 1254 4354 quantacunque
1277 4270 1405 4350 pecunia
1426 4267 1538 4330 biblio-

183 4364 289 4424 thecae
312 4382 385 4425 suae
409 4373 556 4427 asserent.
609 4365 670 4426 Sed
698 4373 729 4426 et
756 4363 782 4425 si
815 4362 881 4444 quis
914 4363 992 4425 alins
1020 4361 1247 4423 observationes
1280 4376 1351 4419 snas
1381 4357 1410 4418 in
1443 4357 1538 4419 lucem

183 4451 343 4525 edidisset,
370 4453 435 4533 ejus
469 4472 525 4533 ego
549 4473 655 4516 nomen
679 4454 706 4515 si
729 4454 839 4526 sciero,
873 4451 1083 4513 adminiculum
1111 4448 1142 4510 id
1165 4448 1235 4509 mihi
1261 4447 1319 4508 erit
1341 4444 1538 4524 comparandi

183 4540 293 4619 operis.
340 4538 419 4611 Quin
445 4541 503 4605 imo
529 4544 575 4605 vel
599 4543 728 4622 scriptas
752 4561 837 4615 amn,
872 4540 960 4602 modo
992 4539 1029 4600 de
1057 4537 1180 4599 artificis
1211 4544 1243 4597 et
1266 4533 1457 4595 amanuensis
1480 4534 1538 4595 fide

183 4637 332 4690 constent.
380 4630 480 4709 Atque
514 4632 570 4692 hac
602 4632 631 4693 in
662 4649 694 4692 re
724 4638 794 4710 post
821 4637 941 4689 sumtus
962 4627 1001 4688 ad
1025 4627 1225 4689 instrumenta
1248 4622 1320 4685 nihil
1344 4621 1417 4684 mihi
1440 4622 1538 4701 majus

183 4717 231 4777 vel
254 4737 307 4779 rex
331 4718 478 4800 quispiam
506 4728 661 4800 praestare
684 4716 792 4798 possit,
813 4735 901 4796 qnam
926 4713 1131 4795 hujuscemodi
1151 4710 1395 4775 observationum
1420 4711 1537 4812 copiam

185 4806 331 4870 faciendo.
