<?xml version="1.0" encoding="UTF-8"?>
<!DOCTYPE html PUBLIC "-//W3C//DTD XHTML 1.0 Transitional//EN"
    "http://www.w3.org/TR/xhtml1/DTD/xhtml1-transitional.dtd">
<html xmlns="http://www.w3.org/1999/xhtml" xml:lang="en" lang="en">
 <head>
  <title>
</title>
<meta http-equiv="Content-Type" content="text/html;charset=utf-8" />
  <meta name='ocr-system' content='tesseract 3.04.00' />
  <meta name='ocr-capabilities' content='ocr_page ocr_carea ocr_par ocr_line ocrx_word'/>
</head>
<body>
  <div class='ocr_page' id='page_1' title='image "./joanniskepleria01unkngoog_0110.png"; bbox 0 0 3609 5634; ppageno 0'>
   <div class='ocr_carea' id='block_1_1' title="bbox 576 398 2097 463">
    <p class='ocr_par' dir='ltr' id='par_1_1' title="bbox 576 398 2097 463">
     <span class='ocr_line' id='line_1_1' title="bbox 576 398 2097 463; baseline 0.001 -18"><span class='ocrx_word' id='word_1_1' title='bbox 576 400 662 463; x_wconf 75' lang='lat'>73</span> <span class='ocrx_word' id='word_1_2' title='bbox 1769 398 2097 448; x_wconf 72' lang='lat' dir='ltr'><strong>Prooemium.</strong></span> 
     </span>
    </p>
   </div>
   <div class='ocr_carea' id='block_1_2' title="bbox 570 555 3332 2310">
    <p class='ocr_par' dir='ltr' id='par_1_2' title="bbox 570 555 3332 1603">
     <span class='ocr_line' id='line_1_2' title="bbox 575 555 3306 622; baseline -0.002 -12"><span class='ocrx_word' id='word_1_3' title='bbox 575 561 731 611; x_wconf 79' lang='lat' dir='ltr'>damlt</span> <span class='ocrx_word' id='word_1_4' title='bbox 766 558 918 609; x_wconf 83' lang='lat' dir='ltr'>durch</span> <span class='ocrx_word' id='word_1_5' title='bbox 955 557 1090 607; x_wconf 80' lang='lat' dir='ltr'>diese</span> <span class='ocrx_word' id='word_1_6' title='bbox 1127 557 1308 608; x_wconf 81' lang='lat' dir='ltr'>eissere</span> <span class='ocrx_word' id='word_1_7' title='bbox 1343 555 1596 613; x_wconf 71' lang='lat' dir='ltr'>nnsierde,</span> <span class='ocrx_word' id='word_1_8' title='bbox 1634 555 1746 605; x_wconf 82' lang='lat' dir='ltr'>anff</span> <span class='ocrx_word' id='word_1_9' title='bbox 1760 556 1948 607; x_wconf 69' lang='lat' dir='ltr'>welche</span> <span class='ocrx_word' id='word_1_10' title='bbox 1987 557 2251 622; x_wconf 68' lang='lat' dir='ltr'>diejenige,</span> <span class='ocrx_word' id='word_1_11' title='bbox 2289 571 2343 605; x_wconf 86' lang='lat' dir='ltr'>so</span> <span class='ocrx_word' id='word_1_12' title='bbox 2381 556 2461 607; x_wconf 87' lang='lat' dir='ltr'>die</span> <span class='ocrx_word' id='word_1_13' title='bbox 2483 556 2754 606; x_wconf 68' lang='lat' dir='ltr'>fument·</span> <span class='ocrx_word' id='word_1_14' title='bbox 2777 556 2949 606; x_wconf 77' lang='lat' dir='ltr'>Knnst</span> <span class='ocrx_word' id='word_1_15' title='bbox 2983 556 3072 606; x_wconf 78' lang='lat' dir='ltr'>des</span> <span class='ocrx_word' id='word_1_16' title='bbox 3105 555 3306 605; x_wconf 65' lang='lat' dir='ltr'>werck·</span> 
     </span>
     <span class='ocr_line' id='line_1_3' title="bbox 574 625 3332 692; baseline -0.001 -11"><span class='ocrx_word' id='word_1_17' title='bbox 574 633 651 681; x_wconf 89' lang='lat' dir='ltr'>nit</span> <span class='ocrx_word' id='word_1_18' title='bbox 684 629 961 689; x_wconf 80' lang='lat' dir='ltr'>verstehen‚</span> <span class='ocrx_word' id='word_1_19' title='bbox 1000 629 1064 677; x_wconf 84' lang='lat' dir='ltr'>vil</span> <span class='ocrx_word' id='word_1_20' title='bbox 1098 626 1238 678; x_wconf 86' lang='lat' dir='ltr'>mehr</span> <span class='ocrx_word' id='word_1_21' title='bbox 1274 628 1351 678; x_wconf 83' lang='lat' dir='ltr'>als</span> <span class='ocrx_word' id='word_1_22' title='bbox 1387 626 1498 677; x_wconf 79' lang='lat' dir='ltr'>auff</span> <span class='ocrx_word' id='word_1_23' title='bbox 1526 627 1617 677; x_wconf 76' lang='lat' dir='ltr'>das</span> <span class='ocrx_word' id='word_1_24' title='bbox 1656 628 1842 678; x_wconf 71' lang='lat' dir='ltr'>andere</span> <span class='ocrx_word' id='word_1_25' title='bbox 1878 627 2050 684; x_wconf 75' lang='lat' dir='ltr'>sehon,</span> <span class='ocrx_word' id='word_1_26' title='bbox 2087 629 2166 677; x_wconf 83' lang='lat' dir='ltr'>nit</span> <span class='ocrx_word' id='word_1_27' title='bbox 2199 625 2361 692; x_wconf 83' lang='lat' dir='ltr'>gleich</span> <span class='ocrx_word' id='word_1_28' title='bbox 2397 629 2467 677; x_wconf 88' lang='lat' dir='ltr'>im</span> <span class='ocrx_word' id='word_1_29' title='bbox 2501 633 2668 678; x_wconf 77' lang='lat' dir='ltr'>ersten</span> <span class='ocrx_word' id='word_1_30' title='bbox 2703 627 3001 679; x_wconf 71' lang='lat' dir='ltr'>anschaven</span> <span class='ocrx_word' id='word_1_31' title='bbox 3036 626 3307 677; x_wconf 68' lang='lat' dir='ltr'>offendit-et</span> <span class='ocrx_word' id='word_1_32' title='bbox 3321 670 3332 677; x_wconf 95' lang='lat'><strong>.</strong></span> 
     </span>
     <span class='ocr_line' id='line_1_4' title="bbox 577 698 3305 764; baseline -0.002 -12"><span class='ocrx_word' id='word_1_33' title='bbox 577 703 677 755; x_wconf 79' lang='lat' dir='ltr'>und</span> <span class='ocrx_word' id='word_1_34' title='bbox 712 717 767 751; x_wconf 88' lang='lat' dir='ltr'>es</span> <span class='ocrx_word' id='word_1_35' title='bbox 802 702 883 750; x_wconf 90' lang='lat' dir='ltr'>bei</span> <span class='ocrx_word' id='word_1_36' title='bbox 919 699 1025 749; x_wconf 87' lang='lat' dir='ltr'>sich</span> <span class='ocrx_word' id='word_1_37' title='bbox 1060 702 1136 748; x_wconf 86' lang='lat' dir='ltr'>nit</span> <span class='ocrx_word' id='word_1_38' title='bbox 1170 714 1225 747; x_wconf 90' lang='lat' dir='ltr'>so</span> <span class='ocrx_word' id='word_1_39' title='bbox 1260 698 1664 748; x_wconf 80' lang='lat' dir='ltr'>hochznschezen</span> <span class='ocrx_word' id='word_1_40' title='bbox 1702 699 1804 748; x_wconf 89' lang='lat' dir='ltr'>und</span> <span class='ocrx_word' id='word_1_41' title='bbox 1842 699 1973 749; x_wconf 86' lang='lat' dir='ltr'>auch</span> <span class='ocrx_word' id='word_1_42' title='bbox 2011 699 2495 763; x_wconf 70' lang='lat' dir='ltr'>ane‚aufgevandte</span> <span class='ocrx_word' id='word_1_43' title='bbox 2531 698 2729 748; x_wconf 85' lang='lat' dir='ltr'>Kosten</span> <span class='ocrx_word' id='word_1_44' title='bbox 2766 701 2844 749; x_wconf 77' lang='lat' dir='ltr'>fiir</span> <span class='ocrx_word' id='word_1_45' title='bbox 2878 698 3200 764; x_wconf 84' lang='lat' dir='ltr'>ungebrauch</span> <span class='ocrx_word' id='word_1_46' title='bbox 3235 712 3305 746; x_wconf 84' lang='grc' dir='ltr'>ιιι</span> 
     </span>
     <span class='ocr_line' id='line_1_5' title="bbox 570 767 3298 833; baseline -0.001 -12"><span class='ocrx_word' id='word_1_47' title='bbox 570 773 742 821; x_wconf 86' lang='lat' dir='ltr'>halten</span> <span class='ocrx_word' id='word_1_48' title='bbox 792 772 895 820; x_wconf 86' lang='lat' dir='ltr'>sich</span> <span class='ocrx_word' id='word_1_49' title='bbox 942 770 1272 820; x_wconf 87' lang='lat' dir='ltr'>understehen</span> <span class='ocrx_word' id='word_1_50' title='bbox 1308 768 1520 819; x_wconf 77' lang='lat' dir='ltr'>werden.</span> <span class='ocrx_word' id='word_1_51' title='bbox 1600 767 1771 818; x_wconf 84' lang='lat' dir='ltr'>Damit</span> <span class='ocrx_word' id='word_1_52' title='bbox 1810 770 1927 818; x_wconf 88' lang='lat' dir='ltr'>aber</span> <span class='ocrx_word' id='word_1_53' title='bbox 1972 773 2030 833; x_wconf 78' lang='lat' dir='ltr'>ja</span> <span class='ocrx_word' id='word_1_54' title='bbox 2067 770 2139 818; x_wconf 90' lang='lat' dir='ltr'>dis</span> <span class='ocrx_word' id='word_1_55' title='bbox 2176 769 2337 818; x_wconf 76' lang='lat' dir='ltr'>werck</span> <span class='ocrx_word' id='word_1_56' title='bbox 2374 769 2477 819; x_wconf 89' lang='lat' dir='ltr'>und</span> <span class='ocrx_word' id='word_1_57' title='bbox 2512 769 2827 819; x_wconf 80' lang='lat' dir='ltr'>Kunststiick</span> <span class='ocrx_word' id='word_1_58' title='bbox 2864 786 2926 818; x_wconf 88' lang='lat' dir='ltr'>zu</span> <span class='ocrx_word' id='word_1_59' title='bbox 2960 771 3149 819; x_wconf 89' lang='lat' dir='ltr'>seinem</span> <span class='ocrx_word' id='word_1_60' title='bbox 3187 783 3298 818; x_wconf 79' lang='lat' dir='ltr'>ver·</span> 
     </span>
     <span class='ocr_line' id='line_1_6' title="bbox 573 838 3303 905; baseline -0.002 -13"><span class='ocrx_word' id='word_1_61' title='bbox 573 843 761 893; x_wconf 80' lang='lat' dir='ltr'>hofften</span> <span class='ocrx_word' id='word_1_62' title='bbox 799 842 907 891; x_wconf 85' lang='lat' dir='ltr'>End</span> <span class='ocrx_word' id='word_1_63' title='bbox 944 841 1141 891; x_wconf 70' lang='lat' dir='ltr'>mdchte</span> <span class='ocrx_word' id='word_1_64' title='bbox 1179 840 1418 905; x_wconf 79' lang='lat' dir='ltr'><strong>gebracht</strong></span> <span class='ocrx_word' id='word_1_65' title='bbox 1454 839 1664 898; x_wconf 77' lang='lat' dir='ltr'>werden,</span> <span class='ocrx_word' id='word_1_66' title='bbox 1704 855 1757 888; x_wconf 90' lang='lat' dir='ltr'>so</span> <span class='ocrx_word' id='word_1_67' title='bbox 1796 842 1861 888; x_wconf 88' lang='lat' dir='ltr'>ist</span> <span class='ocrx_word' id='word_1_68' title='bbox 1899 838 2135 901; x_wconf 77' lang='lat' dir='ltr'>(welches</span> <span class='ocrx_word' id='word_1_69' title='bbox 2171 841 2267 902; x_wconf 85' lang='lat' dir='ltr'>bey</span> <span class='ocrx_word' id='word_1_70' title='bbox 2305 840 2360 889; x_wconf 86' lang='lat' dir='ltr'>E.</span> <span class='ocrx_word' id='word_1_71' title='bbox 2394 840 2447 889; x_wconf 77' lang='lat' dir='ltr'>F.</span> <span class='ocrx_word' id='word_1_72' title='bbox 2489 841 2549 890; x_wconf 82' lang='lat' dir='ltr'>G.</span> <span class='ocrx_word' id='word_1_73' title='bbox 2588 841 2922 905; x_wconf 73' lang='lat' dir='ltr'>underthonig</span> <span class='ocrx_word' id='word_1_74' title='bbox 2957 840 3303 904; x_wconf 82' lang='lat' dir='ltr'>anznbringen</span> 
     </span>
     <span class='ocr_line' id='line_1_7' title="bbox 574 908 3300 977; baseline -0.002 -13"><span class='ocrx_word' id='word_1_75' title='bbox 574 930 629 964; x_wconf 86' lang='lat' dir='ltr'>er</span> <span class='ocrx_word' id='word_1_76' title='bbox 664 913 795 964; x_wconf 87' lang='lat' dir='ltr'>mich</span> <span class='ocrx_word' id='word_1_77' title='bbox 831 908 1080 972; x_wconf 84' lang='lat' dir='ltr'>ersnchet)</span> <span class='ocrx_word' id='word_1_78' title='bbox 1119 911 1187 961; x_wconf 76' lang='lat' dir='ltr'>M.</span> <span class='ocrx_word' id='word_1_79' title='bbox 1226 911 1433 974; x_wconf 85' lang='lat' dir='ltr'>Kepleri</span> <span class='ocrx_word' id='word_1_80' title='bbox 1471 911 1801 976; x_wconf 76' lang='lat' dir='ltr'>undertbonig</span> <span class='ocrx_word' id='word_1_81' title='bbox 1847 912 2090 975; x_wconf 84' lang='lat' dir='ltr'>begeren,</span> <span class='ocrx_word' id='word_1_82' title='bbox 2144 912 2201 960; x_wconf 84' lang='grc' dir='ltr'>Ε.</span> <span class='ocrx_word' id='word_1_83' title='bbox 2241 912 2294 959; x_wconf 82' lang='lat' dir='ltr'>F.</span> <span class='ocrx_word' id='word_1_84' title='bbox 2335 912 2395 960; x_wconf 81' lang='lat' dir='ltr'>G.</span> <span class='ocrx_word' id='word_1_85' title='bbox 2443 911 2582 961; x_wconf 71' lang='lat' dir='ltr'>velle</span> <span class='ocrx_word' id='word_1_86' title='bbox 2630 913 2817 977; x_wconf 85' lang='lat' dir='ltr'>gnedig</span> <span class='ocrx_word' id='word_1_87' title='bbox 2853 912 3071 961; x_wconf 79' lang='lat' dir='ltr'>Bevelch</span> <span class='ocrx_word' id='word_1_88' title='bbox 3113 912 3300 977; x_wconf 75' lang='lat' dir='ltr'>geben,</span> 
     </span>
     <span class='ocr_line' id='line_1_8' title="bbox 574 979 3303 1049; baseline -0.001 -15"><span class='ocrx_word' id='word_1_89' title='bbox 574 987 667 1034; x_wconf 86' lang='lat' dir='ltr'>das</span> <span class='ocrx_word' id='word_1_90' title='bbox 705 985 784 1035; x_wconf 87' lang='lat' dir='ltr'>die</span> <span class='ocrx_word' id='word_1_91' title='bbox 821 997 983 1049; x_wconf 82' lang='lat' dir='ltr'>ganzo</span> <span class='ocrx_word' id='word_1_92' title='bbox 1019 984 1184 1032; x_wconf 75' lang='lat' dir='ltr'>werck</span> <span class='ocrx_word' id='word_1_93' title='bbox 1220 985 1317 1033; x_wconf 91' lang='lat' dir='ltr'>ime</span> <span class='ocrx_word' id='word_1_94' title='bbox 1352 980 1550 1031; x_wconf 75' lang='lat' dir='ltr'>mochte</span> <span class='ocrx_word' id='word_1_95' title='bbox 1589 997 1650 1031; x_wconf 84' lang='grc' dir='ltr'>ιιι</span> <span class='ocrx_word' id='word_1_96' title='bbox 1684 984 1857 1032; x_wconf 86' lang='lat' dir='ltr'>seinen</span> <span class='ocrx_word' id='word_1_97' title='bbox 1895 979 2110 1033; x_wconf 82' lang='lat' dir='ltr'>Handen</span> <span class='ocrx_word' id='word_1_98' title='bbox 2148 982 2281 1048; x_wconf 88' lang='lat' dir='ltr'>gehn</span> <span class='ocrx_word' id='word_1_99' title='bbox 2319 984 2470 1033; x_wconf 62' lang='lat' dir='ltr'>Gritz</span> <span class='ocrx_word' id='word_1_100' title='bbox 2507 984 2791 1048; x_wconf 80' lang='lat' dir='ltr'>iibergeben</span> <span class='ocrx_word' id='word_1_101' title='bbox 2828 983 3055 1042; x_wconf 74' lang='lat' dir='ltr'>werden,</span> <span class='ocrx_word' id='word_1_102' title='bbox 3105 982 3303 1032; x_wconf 81' lang='lat' dir='ltr'>solches</span> 
     </span>
     <span class='ocr_line' id='line_1_9' title="bbox 573 1053 3307 1120; baseline -0.001 -15"><span class='ocrx_word' id='word_1_103' title='bbox 573 1056 754 1105; x_wconf 74' lang='lat' dir='ltr'>wieder</span> <span class='ocrx_word' id='word_1_104' title='bbox 788 1070 884 1103; x_wconf 81' lang='lat' dir='ltr'>von</span> <span class='ocrx_word' id='word_1_105' title='bbox 930 1069 1039 1104; x_wconf 70' lang='lat' dir='ltr'>nev</span> <span class='ocrx_word' id='word_1_106' title='bbox 1077 1056 1151 1103; x_wconf 88' lang='lat' dir='ltr'>nit</span> <span class='ocrx_word' id='word_1_107' title='bbox 1192 1068 1323 1103; x_wconf 70' lang='lat' dir='ltr'>zvar</span> <span class='ocrx_word' id='word_1_108' title='bbox 1359 1054 1409 1102; x_wconf 87' lang='lat' dir='ltr'>in</span> <span class='ocrx_word' id='word_1_109' title='bbox 1445 1054 1624 1110; x_wconf 88' lang='lat' dir='ltr'>silber‚</span> <span class='ocrx_word' id='word_1_110' title='bbox 1683 1055 1896 1103; x_wconf 87' lang='lat' dir='ltr'>sondern</span> <span class='ocrx_word' id='word_1_111' title='bbox 1948 1058 1998 1104; x_wconf 90' lang='lat' dir='ltr'>in</span> <span class='ocrx_word' id='word_1_112' title='bbox 2041 1054 2236 1118; x_wconf 79' lang='lat' dir='ltr'>Kupfer</span> <span class='ocrx_word' id='word_1_113' title='bbox 2286 1055 2403 1103; x_wconf 87' lang='lat' dir='ltr'>oder</span> <span class='ocrx_word' id='word_1_114' title='bbox 2443 1053 2669 1120; x_wconf 80' lang='lat' dir='ltr'>Messing</span> <span class='ocrx_word' id='word_1_115' title='bbox 2713 1055 2803 1103; x_wconf 90' lang='lat' dir='ltr'>mit</span> <span class='ocrx_word' id='word_1_116' title='bbox 2838 1054 3148 1119; x_wconf 77' lang='lat' dir='ltr'>gebiirender</span> <span class='ocrx_word' id='word_1_117' title='bbox 3183 1054 3307 1102; x_wconf 78' lang='lat' dir='ltr'>Zier</span> 
     </span>
     <span class='ocr_line' id='line_1_10' title="bbox 575 1119 3301 1192; baseline -0.002 -15"><span class='ocrx_word' id='word_1_118' title='bbox 575 1127 893 1190; x_wconf 78' lang='lat' dir='ltr'>anzufangen</span> <span class='ocrx_word' id='word_1_119' title='bbox 962 1119 1064 1174; x_wconf 91' lang='lat' dir='ltr'>und</span> <span class='ocrx_word' id='word_1_120' title='bbox 1131 1140 1192 1173; x_wconf 89' lang='grc' dir='ltr'>ιιι</span> <span class='ocrx_word' id='word_1_121' title='bbox 1257 1124 1528 1192; x_wconf 75' lang='lat' dir='ltr'>volfuhren.</span> <span class='ocrx_word' id='word_1_122' title='bbox 1620 1124 1805 1175; x_wconf 82' lang='lat' dir='ltr'>Hierzu</span> <span class='ocrx_word' id='word_1_123' title='bbox 1860 1126 2147 1189; x_wconf 80' lang='lat' dir='ltr'>verspreche</span> <span class='ocrx_word' id='word_1_124' title='bbox 2204 1141 2291 1181; x_wconf 88' lang='lat' dir='ltr'>er,</span> <span class='ocrx_word' id='word_1_125' title='bbox 2361 1124 2454 1173; x_wconf 87' lang='lat' dir='ltr'>das</span> <span class='ocrx_word' id='word_1_126' title='bbox 2509 1139 2564 1173; x_wconf 84' lang='lat' dir='ltr'>er</span> <span class='ocrx_word' id='word_1_127' title='bbox 2614 1128 2690 1174; x_wconf 88' lang='lat' dir='ltr'>nit</span> <span class='ocrx_word' id='word_1_128' title='bbox 2740 1140 2834 1174; x_wconf 88' lang='lat' dir='ltr'>nur</span> <span class='ocrx_word' id='word_1_129' title='bbox 2887 1124 2964 1173; x_wconf 91' lang='lat' dir='ltr'>die</span> <span class='ocrx_word' id='word_1_130' title='bbox 3020 1125 3301 1187; x_wconf 82' lang='lat' dir='ltr'>dispositio·</span> 
     </span>
     <span class='ocr_line' id='line_1_11' title="bbox 574 1186 3301 1260; baseline -0.001 -13"><span class='ocrx_word' id='word_1_131' title='bbox 574 1213 687 1247; x_wconf 87' lang='lat' dir='ltr'>nem</span> <span class='ocrx_word' id='word_1_132' title='bbox 727 1198 914 1246; x_wconf 90' lang='lat' dir='ltr'>orbium</span> <span class='ocrx_word' id='word_1_133' title='bbox 951 1195 1263 1260; x_wconf 89' lang='lat' dir='ltr'>planetarum</span> <span class='ocrx_word' id='word_1_134' title='bbox 1299 1186 1389 1244; x_wconf 84' lang='lat' dir='ltr'>mit</span> <span class='ocrx_word' id='word_1_135' title='bbox 1424 1195 1566 1244; x_wconf 81' lang='lat' dir='ltr'>ihren</span> <span class='ocrx_word' id='word_1_136' title='bbox 1604 1197 1884 1260; x_wconf 82' lang='lat' dir='ltr'><strong>corporibus</strong></span> <span class='ocrx_word' id='word_1_137' title='bbox 1922 1197 2237 1260; x_wconf 76' lang='lat' dir='ltr'>geometricis</span> <span class='ocrx_word' id='word_1_138' title='bbox 2288 1196 2624 1259; x_wconf 83' lang='lat' dir='ltr'>regularibus.</span> <span class='ocrx_word' id='word_1_139' title='bbox 2674 1196 2768 1245; x_wconf 74' lang='lat' dir='ltr'>vie</span> <span class='ocrx_word' id='word_1_140' title='bbox 2817 1211 2871 1245; x_wconf 88' lang='lat' dir='ltr'>er</span> <span class='ocrx_word' id='word_1_141' title='bbox 2905 1196 3151 1244; x_wconf 76' lang='lat' dir='ltr'>vormalen</span> <span class='ocrx_word' id='word_1_142' title='bbox 3190 1210 3301 1243; x_wconf 80' lang='lat' dir='ltr'>vor·</span> 
     </span>
     <span class='ocr_line' id='line_1_12' title="bbox 572 1264 3303 1332; baseline -0.001 -14"><span class='ocrx_word' id='word_1_143' title='bbox 572 1269 763 1318; x_wconf 84' lang='lat' dir='ltr'>habens</span> <span class='ocrx_word' id='word_1_144' title='bbox 800 1273 1012 1332; x_wconf 73' lang='lat' dir='ltr'>gevesst</span> <span class='ocrx_word' id='word_1_145' title='bbox 1033 1303 1046 1327; x_wconf 85' lang='lat'><strong>,</strong></span> <span class='ocrx_word' id='word_1_146' title='bbox 1105 1267 1316 1316; x_wconf 89' lang='lat' dir='ltr'>sondern</span> <span class='ocrx_word' id='word_1_147' title='bbox 1366 1264 1494 1315; x_wconf 85' lang='lat' dir='ltr'>auch</span> <span class='ocrx_word' id='word_1_148' title='bbox 1531 1268 1728 1316; x_wconf 78' lang='lat' dir='ltr'>iiberdis</span> <span class='ocrx_word' id='word_1_149' title='bbox 1765 1268 1845 1315; x_wconf 90' lang='lat' dir='ltr'>die</span> <span class='ocrx_word' id='word_1_150' title='bbox 1889 1275 2054 1317; x_wconf 85' lang='lat' dir='ltr'>motus</span> <span class='ocrx_word' id='word_1_151' title='bbox 2104 1268 2287 1323; x_wconf 74' lang='lat' dir='ltr'>solbet,</span> <span class='ocrx_word' id='word_1_152' title='bbox 2338 1268 2430 1315; x_wconf 73' lang='lat' dir='ltr'>vie</span> <span class='ocrx_word' id='word_1_153' title='bbox 2469 1267 2548 1316; x_wconf 90' lang='lat' dir='ltr'>die</span> <span class='ocrx_word' id='word_1_154' title='bbox 2583 1267 2820 1330; x_wconf 82' lang='lat' dir='ltr'>planetae</span> <span class='ocrx_word' id='word_1_155' title='bbox 2853 1269 2906 1315; x_wconf 88' lang='lat' dir='ltr'>in</span> <span class='ocrx_word' id='word_1_156' title='bbox 2941 1265 3080 1315; x_wconf 86' lang='lat' dir='ltr'>coelo</span> <span class='ocrx_word' id='word_1_157' title='bbox 3116 1265 3303 1330; x_wconf 72' lang='lat' dir='ltr'>gehen,</span> 
     </span>
     <span class='ocr_line' id='line_1_13' title="bbox 576 1335 3305 1404; baseline -0.002 -14"><span class='ocrx_word' id='word_1_158' title='bbox 576 1341 748 1391; x_wconf 86' lang='lat' dir='ltr'>darein</span> <span class='ocrx_word' id='word_1_159' title='bbox 785 1340 995 1404; x_wconf 76' lang='lat' dir='ltr'>bringeri</span> <span class='ocrx_word' id='word_1_160' title='bbox 1029 1338 1187 1388; x_wconf 71' lang='lat' dir='ltr'>velle.</span> <span class='ocrx_word' id='word_1_161' title='bbox 1268 1338 1423 1388; x_wconf 86' lang='lat' dir='ltr'>Dann</span> <span class='ocrx_word' id='word_1_162' title='bbox 1458 1338 1687 1388; x_wconf 78' lang='lat' dir='ltr'>sinternal</span> <span class='ocrx_word' id='word_1_163' title='bbox 1727 1354 1780 1387; x_wconf 92' lang='lat' dir='ltr'>er</span> <span class='ocrx_word' id='word_1_164' title='bbox 1817 1338 2057 1388; x_wconf 82' lang='lat' dir='ltr'>numnehr</span> <span class='ocrx_word' id='word_1_165' title='bbox 2090 1338 2242 1403; x_wconf 85' lang='lat' dir='ltr'>lange</span> <span class='ocrx_word' id='word_1_166' title='bbox 2275 1338 2391 1387; x_wconf 86' lang='lat' dir='ltr'>Zeit</span> <span class='ocrx_word' id='word_1_167' title='bbox 2422 1339 2513 1387; x_wconf 83' lang='lat' dir='ltr'>mit</span> <span class='ocrx_word' id='word_1_168' title='bbox 2549 1338 2692 1388; x_wconf 89' lang='lat' dir='ltr'>disen</span> <span class='ocrx_word' id='word_1_169' title='bbox 2733 1337 3007 1388; x_wconf 78' lang='lat' dir='ltr'>Gedanken</span> <span class='ocrx_word' id='word_1_170' title='bbox 3043 1335 3305 1401; x_wconf 68' lang='lat' dir='ltr'>nmbgeht,</span> 
     </span>
     <span class='ocr_line' id='line_1_14' title="bbox 571 1408 3309 1473; baseline -0.001 -12"><span class='ocrx_word' id='word_1_171' title='bbox 571 1411 675 1461; x_wconf 87' lang='lat' dir='ltr'>und</span> <span class='ocrx_word' id='word_1_172' title='bbox 708 1410 1089 1471; x_wconf 85' lang='lat' dir='ltr'>nachtracbtet,</span> <span class='ocrx_word' id='word_1_173' title='bbox 1140 1416 1289 1473; x_wconf 87' lang='lat' dir='ltr'>atque</span> <span class='ocrx_word' id='word_1_174' title='bbox 1336 1410 1440 1460; x_wconf 75' lang='lat' dir='ltr'>dies</span> <span class='ocrx_word' id='word_1_175' title='bbox 1478 1408 1608 1459; x_wconf 83' lang='lat' dir='ltr'>diem</span> <span class='ocrx_word' id='word_1_176' title='bbox 1645 1408 1858 1466; x_wconf 82' lang='lat' dir='ltr'>doceat,</span> <span class='ocrx_word' id='word_1_177' title='bbox 1907 1424 1962 1459; x_wconf 83' lang='lat' dir='ltr'>so</span> <span class='ocrx_word' id='word_1_178' title='bbox 2010 1424 2127 1473; x_wconf 80' lang='lat' dir='ltr'>seye</span> <span class='ocrx_word' id='word_1_179' title='bbox 2178 1424 2233 1459; x_wconf 91' lang='lat' dir='ltr'>er</span> <span class='ocrx_word' id='word_1_180' title='bbox 2275 1409 2405 1459; x_wconf 85' lang='lat' dir='ltr'>anch</span> <span class='ocrx_word' id='word_1_181' title='bbox 2441 1409 2546 1458; x_wconf 78' lang='lat' dir='ltr'>anfi</span> <span class='ocrx_word' id='word_1_182' title='bbox 2590 1410 2764 1459; x_wconf 87' lang='lat' dir='ltr'>horum</span> <span class='ocrx_word' id='word_1_183' title='bbox 2799 1410 2986 1459; x_wconf 88' lang='lat' dir='ltr'>orbium</span> <span class='ocrx_word' id='word_1_184' title='bbox 3018 1416 3182 1457; x_wconf 75' lang='lat' dir='ltr'>motus</span> <span class='ocrx_word' id='word_1_185' title='bbox 3218 1423 3309 1457; x_wconf 77' lang='lat' dir='ltr'>vor</span> 
     </span>
     <span class='ocr_line' id='line_1_15' title="bbox 575 1479 3300 1547; baseline -0.002 -13"><span class='ocrx_word' id='word_1_186' title='bbox 575 1497 741 1547; x_wconf 84' lang='lat' dir='ltr'>angen</span> <span class='ocrx_word' id='word_1_187' title='bbox 779 1497 841 1530; x_wconf 90' lang='lat' dir='ltr'>zu</span> <span class='ocrx_word' id='word_1_188' title='bbox 876 1480 1053 1530; x_wconf 87' lang='lat' dir='ltr'>stellen</span> <span class='ocrx_word' id='word_1_189' title='bbox 1102 1480 1348 1530; x_wconf 83' lang='lat' dir='ltr'>bedacht·</span> <span class='ocrx_word' id='word_1_190' title='bbox 1405 1479 1508 1528; x_wconf 81' lang='lat' dir='ltr'>also</span> <span class='ocrx_word' id='word_1_191' title='bbox 1547 1480 1636 1529; x_wconf 85' lang='lat' dir='ltr'>das</span> <span class='ocrx_word' id='word_1_192' title='bbox 1674 1495 1728 1530; x_wconf 87' lang='lat' dir='ltr'>er</span> <span class='ocrx_word' id='word_1_193' title='bbox 1762 1480 1997 1541; x_wconf 79' lang='lat' dir='ltr'>verhoflt,</span> <span class='ocrx_word' id='word_1_194' title='bbox 2047 1480 2107 1529; x_wconf 87' lang='grc' dir='ltr'>Ε.</span> <span class='ocrx_word' id='word_1_195' title='bbox 2143 1480 2198 1530; x_wconf 77' lang='lat' dir='ltr'>F.</span> <span class='ocrx_word' id='word_1_196' title='bbox 2239 1481 2302 1530; x_wconf 89' lang='lat' dir='ltr'>G.</span> <span class='ocrx_word' id='word_1_197' title='bbox 2339 1479 2538 1531; x_wconf 74' lang='lat' dir='ltr'>werden</span> <span class='ocrx_word' id='word_1_198' title='bbox 2575 1481 2655 1530; x_wconf 87' lang='lat' dir='ltr'>ein</span> <span class='ocrx_word' id='word_1_199' title='bbox 2692 1480 2895 1530; x_wconf 89' lang='lat' dir='ltr'>sonders</span> <span class='ocrx_word' id='word_1_200' title='bbox 2931 1480 3173 1545; x_wconf 73' lang='lat' dir='ltr'>gnsdiges</span> <span class='ocrx_word' id='word_1_201' title='bbox 3210 1493 3300 1544; x_wconf 84' lang='lat' dir='ltr'>ge·</span> 
     </span>
     <span class='ocr_line' id='line_1_16' title="bbox 576 1551 1145 1603; baseline -0.005 -1"><span class='ocrx_word' id='word_1_202' title='bbox 576 1553 731 1603; x_wconf 78' lang='lat' dir='ltr'>fallen</span> <span class='ocrx_word' id='word_1_203' title='bbox 770 1552 927 1602; x_wconf 83' lang='lat' dir='ltr'>daran</span> <span class='ocrx_word' id='word_1_204' title='bbox 964 1551 1145 1601; x_wconf 85' lang='lat' dir='ltr'>baben.</span> 
     </span>
    </p>

    <p class='ocr_par' dir='ltr' id='par_1_3' title="bbox 572 1620 3308 2306">
     <span class='ocr_line' id='line_1_17' title="bbox 715 1620 3307 1686; baseline -0.001 -14"><span class='ocrx_word' id='word_1_205' title='bbox 715 1623 925 1672; x_wconf 81' lang='lat' dir='ltr'>Dieweil</span> <span class='ocrx_word' id='word_1_206' title='bbox 959 1622 1089 1672; x_wconf 86' lang='lat' dir='ltr'>deun</span> <span class='ocrx_word' id='word_1_207' title='bbox 1127 1622 1369 1686; x_wconf 73' lang='lat' dir='ltr'>gnsdiger</span> <span class='ocrx_word' id='word_1_208' title='bbox 1406 1621 1554 1671; x_wconf 83' lang='lat' dir='ltr'>Fiirst</span> <span class='ocrx_word' id='word_1_209' title='bbox 1588 1621 1692 1670; x_wconf 88' lang='lat' dir='ltr'>und</span> <span class='ocrx_word' id='word_1_210' title='bbox 1715 1621 1844 1670; x_wconf 84' lang='lat' dir='ltr'>Herr</span> <span class='ocrx_word' id='word_1_211' title='bbox 1878 1622 2009 1671; x_wconf 85' lang='lat' dir='ltr'>diess</span> <span class='ocrx_word' id='word_1_212' title='bbox 2046 1621 2169 1678; x_wconf 80' lang='lat' dir='ltr'>also,</span> <span class='ocrx_word' id='word_1_213' title='bbox 2205 1623 2307 1672; x_wconf 85' lang='lat' dir='ltr'>und</span> <span class='ocrx_word' id='word_1_214' title='bbox 2343 1621 2433 1671; x_wconf 86' lang='lat' dir='ltr'>Ich</span> <span class='ocrx_word' id='word_1_215' title='bbox 2467 1622 2599 1670; x_wconf 89' lang='lat' dir='ltr'>mein</span> <span class='ocrx_word' id='word_1_216' title='bbox 2635 1621 2967 1686; x_wconf 73' lang='lat' dir='ltr'>underthiinig</span> <span class='ocrx_word' id='word_1_217' title='bbox 2996 1620 3307 1671; x_wconf 76' lang='lat' dir='ltr'>Bedenclten</span> 
     </span>
     <span class='ocr_line' id='line_1_18' title="bbox 580 1691 3306 1757; baseline -0.002 -12"><span class='ocrx_word' id='word_1_218' title='bbox 580 1694 711 1746; x_wconf 84' lang='lat' dir='ltr'>auch</span> <span class='ocrx_word' id='word_1_219' title='bbox 747 1696 877 1744; x_wconf 85' lang='lat' dir='ltr'>dazu</span> <span class='ocrx_word' id='word_1_220' title='bbox 914 1709 977 1742; x_wconf 88' lang='grc' dir='ltr'>ιιι</span> <span class='ocrx_word' id='word_1_221' title='bbox 1012 1693 1173 1757; x_wconf 90' lang='lat' dir='ltr'>geben</span> <span class='ocrx_word' id='word_1_222' title='bbox 1210 1693 1449 1756; x_wconf 78' lang='lat' dir='ltr'>schuldig.</span> <span class='ocrx_word' id='word_1_223' title='bbox 1488 1691 1620 1741; x_wconf 85' lang='lat' dir='ltr'><strong>mich</strong></span> <span class='ocrx_word' id='word_1_224' title='bbox 1657 1693 1775 1742; x_wconf 90' lang='lat' dir='ltr'>aber</span> <span class='ocrx_word' id='word_1_225' title='bbox 1799 1692 1888 1742; x_wconf 86' lang='lat' dir='ltr'>des</span> <span class='ocrx_word' id='word_1_226' title='bbox 1914 1693 2102 1743; x_wconf 72' lang='lat' dir='ltr'>wercks</span> <span class='ocrx_word' id='word_1_227' title='bbox 2145 1693 2336 1757; x_wconf 76' lang='lat' dir='ltr'>anfang</span> <span class='ocrx_word' id='word_1_228' title='bbox 2371 1694 2484 1743; x_wconf 89' lang='lat' dir='ltr'>dem</span> <span class='ocrx_word' id='word_1_229' title='bbox 2520 1693 2781 1757; x_wconf 71' lang='lat' dir='ltr'>kiinftigen</span> <span class='ocrx_word' id='word_1_230' title='bbox 2807 1708 2862 1741; x_wconf 85' lang='lat' dir='ltr'>so</span> <span class='ocrx_word' id='word_1_231' title='bbox 2886 1693 3052 1757; x_wconf 76' lang='lat' dir='ltr'>folgen</span> <span class='ocrx_word' id='word_1_232' title='bbox 3077 1692 3184 1747; x_wconf 75' lang='lat' dir='ltr'>soll.</span> <span class='ocrx_word' id='word_1_233' title='bbox 3225 1693 3306 1741; x_wconf 70' lang='lat' dir='ltr'>nit</span> 
     </span>
     <span class='ocr_line' id='line_1_19' title="bbox 574 1763 3301 1847; baseline -0.001 -32"><span class='ocrx_word' id='word_1_234' title='bbox 574 1772 747 1833; x_wconf 67' lang='lat' dir='ltr'>gemas</span> <span class='ocrx_word' id='word_1_235' title='bbox 784 1765 1054 1821; x_wconf 80' lang='lat' dir='ltr'>bediinket,</span> <span class='ocrx_word' id='word_1_236' title='bbox 1096 1763 1199 1812; x_wconf 87' lang='lat' dir='ltr'>also</span> <span class='ocrx_word' id='word_1_237' title='bbox 1225 1764 1305 1812; x_wconf 81' lang='lat' dir='ltr'>wil</span> <span class='ocrx_word' id='word_1_238' title='bbox 1329 1764 1387 1812; x_wconf 83' lang='lat' dir='ltr'>E.</span> <span class='ocrx_word' id='word_1_239' title='bbox 1410 1764 1465 1811; x_wconf 91' lang='lat' dir='ltr'>F.</span> <span class='ocrx_word' id='word_1_240' title='bbox 1490 1764 1548 1811; x_wconf 90' lang='lat' dir='ltr'>G.</span> <span class='ocrx_word' id='word_1_241' title='bbox 1586 1764 1667 1813; x_wconf 91' lang='lat' dir='ltr'>ich</span> <span class='ocrx_word' id='word_1_242' title='bbox 1703 1764 2081 1829; x_wconf 72' lang='lat' dir='ltr'>underthonigst</span> <span class='ocrx_word' id='word_1_243' title='bbox 2117 1780 2180 1812; x_wconf 86' lang='lat' dir='ltr'>zu</span> <span class='ocrx_word' id='word_1_244' title='bbox 2217 1764 2474 1813; x_wconf 87' lang='lat' dir='ltr'>bedenken</span> <span class='ocrx_word' id='word_1_245' title='bbox 2508 1764 2687 1847; x_wconf 77' lang='lat' dir='ltr'>geben,</span> <span class='ocrx_word' id='word_1_246' title='bbox 2727 1778 2779 1811; x_wconf 87' lang='lat' dir='ltr'>so</span> <span class='ocrx_word' id='word_1_247' title='bbox 2807 1779 2860 1813; x_wconf 87' lang='lat' dir='ltr'>es</span> <span class='ocrx_word' id='word_1_248' title='bbox 2896 1764 3008 1813; x_wconf 88' lang='lat' dir='ltr'>dem</span> <span class='ocrx_word' id='word_1_249' title='bbox 3043 1763 3301 1845; x_wconf 66' lang='lat' dir='ltr'>gnadigen</span> 
     </span>
     <span class='ocr_line' id='line_1_20' title="bbox 576 1833 3299 1901; baseline -0.001 -16"><span class='ocrx_word' id='word_1_250' title='bbox 576 1836 737 1886; x_wconf 86' lang='lat' dir='ltr'>Herm</span> <span class='ocrx_word' id='word_1_251' title='bbox 773 1835 979 1901; x_wconf 69' lang='lat' dir='ltr'>gesallig</span> <span class='ocrx_word' id='word_1_252' title='bbox 1015 1841 1173 1896; x_wconf 69' lang='lat' dir='ltr'>ware,</span> <span class='ocrx_word' id='word_1_253' title='bbox 1224 1835 1285 1882; x_wconf 91' lang='lat' dir='ltr'>ob</span> <span class='ocrx_word' id='word_1_254' title='bbox 1331 1836 1402 1884; x_wconf 91' lang='lat' dir='ltr'>sie</span> <span class='ocrx_word' id='word_1_255' title='bbox 1438 1833 1612 1884; x_wconf 71' lang='lat' dir='ltr'>vollen</span> <span class='ocrx_word' id='word_1_256' title='bbox 1652 1834 1806 1883; x_wconf 87' lang='lat' dir='ltr'>durch</span> <span class='ocrx_word' id='word_1_257' title='bbox 1851 1836 2101 1900; x_wconf 63' lang='lat' dir='ltr'>gnsdigen</span> <span class='ocrx_word' id='word_1_258' title='bbox 2139 1834 2355 1884; x_wconf 77' lang='lat' dir='ltr'>Bevelch</span> <span class='ocrx_word' id='word_1_259' title='bbox 2391 1851 2484 1883; x_wconf 81' lang='lat' dir='ltr'>von</span> <span class='ocrx_word' id='word_1_260' title='bbox 2522 1836 2618 1883; x_wconf 91' lang='lat' dir='ltr'>ime</span> <span class='ocrx_word' id='word_1_261' title='bbox 2655 1833 2726 1883; x_wconf 84' lang='lat' dir='ltr'>M.</span> <span class='ocrx_word' id='word_1_262' title='bbox 2764 1834 2980 1898; x_wconf 87' lang='lat' dir='ltr'>Keplero</span> <span class='ocrx_word' id='word_1_263' title='bbox 3019 1839 3079 1882; x_wconf 80' lang='grc' dir='ltr'>ιιι</span> <span class='ocrx_word' id='word_1_264' title='bbox 3117 1836 3299 1883; x_wconf 74' lang='lat' dir='ltr'>wissen</span> 
     </span>
     <span class='ocr_line' id='line_1_21' title="bbox 575 1904 3305 1972; baseline -0.001 -17"><span class='ocrx_word' id='word_1_265' title='bbox 575 1908 820 1972; x_wconf 75' lang='lat' dir='ltr'>hegen-en,</span> <span class='ocrx_word' id='word_1_266' title='bbox 869 1920 972 1954; x_wconf 78' lang='lat' dir='ltr'>was</span> <span class='ocrx_word' id='word_1_267' title='bbox 1010 1906 1112 1954; x_wconf 89' lang='lat' dir='ltr'>und</span> <span class='ocrx_word' id='word_1_268' title='bbox 1147 1906 1238 1953; x_wconf 77' lang='lat' dir='ltr'>wie</span> <span class='ocrx_word' id='word_1_269' title='bbox 1277 1920 1330 1953; x_wconf 91' lang='lat' dir='ltr'>er</span> <span class='ocrx_word' id='word_1_270' title='bbox 1366 1906 1455 1955; x_wconf 89' lang='lat' dir='ltr'>das</span> <span class='ocrx_word' id='word_1_271' title='bbox 1492 1905 1674 1955; x_wconf 84' lang='lat' dir='ltr'>Werck</span> <span class='ocrx_word' id='word_1_272' title='bbox 1711 1906 1851 1954; x_wconf 82' lang='lat' dir='ltr'>recht</span> <span class='ocrx_word' id='word_1_273' title='bbox 1889 1905 2234 1955; x_wconf 85' lang='lat' dir='ltr'>auszurichten</span> <span class='ocrx_word' id='word_1_274' title='bbox 2272 1905 2567 1964; x_wconf 78' lang='lat' dir='ltr'>voi-habens,</span> <span class='ocrx_word' id='word_1_275' title='bbox 2622 1904 2750 1953; x_wconf 87' lang='lat' dir='ltr'>auch</span> <span class='ocrx_word' id='word_1_276' title='bbox 2787 1919 2889 1953; x_wconf 71' lang='lat' dir='ltr'>vas</span> <span class='ocrx_word' id='word_1_277' title='bbox 2934 1919 2987 1954; x_wconf 88' lang='lat' dir='ltr'>er</span> <span class='ocrx_word' id='word_1_278' title='bbox 3021 1905 3102 1953; x_wconf 78' lang='lat' dir='ltr'>fiir</span> <span class='ocrx_word' id='word_1_279' title='bbox 3137 1911 3305 1968; x_wconf 73' lang='grc' dir='ltr'><strong>ιιιοιιιι</strong></span> 
     </span>
     <span class='ocr_line' id='line_1_22' title="bbox 575 1974 3308 2041; baseline -0.001 -15"><span class='ocrx_word' id='word_1_280' title='bbox 575 1978 748 2027; x_wconf 84' lang='lat' dir='ltr'>darein</span> <span class='ocrx_word' id='word_1_281' title='bbox 786 1993 851 2026; x_wconf 86' lang='grc' dir='ltr'>ιιι</span> <span class='ocrx_word' id='word_1_282' title='bbox 887 1976 1092 2040; x_wconf 87' lang='lat' dir='ltr'>bringen</span> <span class='ocrx_word' id='word_1_283' title='bbox 1131 1977 1363 2041; x_wconf 86' lang='lat' dir='ltr'>gesinnet</span> <span class='ocrx_word' id='word_1_284' title='bbox 1397 1991 1541 2025; x_wconf 75' lang='lat' dir='ltr'>were.</span> <span class='ocrx_word' id='word_1_285' title='bbox 1619 1976 1715 2025; x_wconf 86' lang='lat' dir='ltr'>Mir</span> <span class='ocrx_word' id='word_1_286' title='bbox 1764 1978 1976 2027; x_wconf 75' lang='lat' dir='ltr'>zweiflet</span> <span class='ocrx_word' id='word_1_287' title='bbox 2021 1976 2189 2033; x_wconf 88' lang='lat' dir='ltr'>nicht,</span> <span class='ocrx_word' id='word_1_288' title='bbox 2237 1977 2362 2027; x_wconf 81' lang='lat' dir='ltr'>solte</span> <span class='ocrx_word' id='word_1_289' title='bbox 2409 1977 2482 2026; x_wconf 80' lang='lat' dir='ltr'>dis</span> <span class='ocrx_word' id='word_1_290' title='bbox 2525 1977 2661 2024; x_wconf 71' lang='lat' dir='ltr'>verk</span> <span class='ocrx_word' id='word_1_291' title='bbox 2704 1979 2772 2025; x_wconf 88' lang='lat' dir='ltr'>im</span> <span class='ocrx_word' id='word_1_292' title='bbox 2807 1976 2878 2026; x_wconf 73' lang='lat' dir='ltr'>M.</span> <span class='ocrx_word' id='word_1_293' title='bbox 2923 1975 3136 2038; x_wconf 82' lang='lat' dir='ltr'>Keplere</span> <span class='ocrx_word' id='word_1_294' title='bbox 3170 1974 3308 2023; x_wconf 83' lang='lat' dir='ltr'>noch</span> 
     </span>
     <span class='ocr_line' id='line_1_23' title="bbox 575 2046 3303 2111; baseline -0.001 -13"><span class='ocrx_word' id='word_1_295' title='bbox 575 2051 656 2099; x_wconf 88' lang='lat' dir='ltr'>ein</span> <span class='ocrx_word' id='word_1_296' title='bbox 690 2048 792 2097; x_wconf 80' lang='lat' dir='ltr'>mal</span> <span class='ocrx_word' id='word_1_297' title='bbox 827 2062 892 2096; x_wconf 89' lang='grc' dir='ltr'>ιιι</span> <span class='ocrx_word' id='word_1_298' title='bbox 928 2048 1139 2111; x_wconf 84' lang='lat' dir='ltr'>eigenen</span> <span class='ocrx_word' id='word_1_299' title='bbox 1174 2046 1392 2096; x_wconf 83' lang='lat' dir='ltr'>Handen</span> <span class='ocrx_word' id='word_1_300' title='bbox 1428 2048 1673 2104; x_wconf 80' lang='lat' dir='ltr'>kommen,</span> <span class='ocrx_word' id='word_1_301' title='bbox 1713 2062 1767 2097; x_wconf 87' lang='lat' dir='ltr'>er</span> <span class='ocrx_word' id='word_1_302' title='bbox 1800 2048 1970 2097; x_wconf 75' lang='lat' dir='ltr'>viirde</span> <span class='ocrx_word' id='word_1_303' title='bbox 2006 2048 2087 2097; x_wconf 88' lang='lat' dir='ltr'>ein</span> <span class='ocrx_word' id='word_1_304' title='bbox 2123 2048 2325 2097; x_wconf 87' lang='lat' dir='ltr'>sonders</span> <span class='ocrx_word' id='word_1_305' title='bbox 2361 2047 2572 2098; x_wconf 74' lang='lat' dir='ltr'>Meister</span> <span class='ocrx_word' id='word_1_306' title='bbox 2605 2048 2708 2098; x_wconf 86' lang='lat' dir='ltr'>und</span> <span class='ocrx_word' id='word_1_307' title='bbox 2743 2047 3059 2101; x_wconf 66' lang='lat' dir='ltr'>Ruunt-meh</span> <span class='ocrx_word' id='word_1_308' title='bbox 3093 2046 3303 2096; x_wconf 71' lang='lat' dir='ltr'>flii-neh.-</span> 
     </span>
     <span class='ocr_line' id='line_1_24' title="bbox 572 2116 3302 2182; baseline -0.001 -15"><span class='ocrx_word' id='word_1_309' title='bbox 572 2134 719 2177; x_wconf 84' lang='lat' dir='ltr'>men‚</span> <span class='ocrx_word' id='word_1_310' title='bbox 775 2117 985 2167; x_wconf 77' lang='lat' dir='ltr'>welches</span> <span class='ocrx_word' id='word_1_311' title='bbox 1040 2118 1135 2179; x_wconf 89' lang='lat' dir='ltr'>bey</span> <span class='ocrx_word' id='word_1_312' title='bbox 1181 2117 1284 2167; x_wconf 90' lang='lat' dir='ltr'>und</span> <span class='ocrx_word' id='word_1_313' title='bbox 1332 2119 1492 2169; x_wconf 90' lang='lat' dir='ltr'>neben</span> <span class='ocrx_word' id='word_1_314' title='bbox 1540 2118 1726 2167; x_wconf 80' lang='lat' dir='ltr'>andern</span> <span class='ocrx_word' id='word_1_315' title='bbox 1765 2117 2147 2169; x_wconf 79' lang='lat' dir='ltr'>Knnststiicken</span> <span class='ocrx_word' id='word_1_316' title='bbox 2195 2120 2286 2168; x_wconf 72' lang='lat' dir='ltr'>vol</span> <span class='ocrx_word' id='word_1_317' title='bbox 2330 2120 2438 2168; x_wconf 88' lang='lat' dir='ltr'>sein</span> <span class='ocrx_word' id='word_1_318' title='bbox 2491 2124 2568 2167; x_wconf 90' lang='lat' dir='ltr'>ort</span> <span class='ocrx_word' id='word_1_319' title='bbox 2603 2119 2703 2168; x_wconf 87' lang='lat' dir='ltr'>und</span> <span class='ocrx_word' id='word_1_320' title='bbox 2740 2119 2874 2182; x_wconf 83' lang='lat' dir='ltr'>platz</span> <span class='ocrx_word' id='word_1_321' title='bbox 2910 2118 3034 2167; x_wconf 85' lang='lat' dir='ltr'>solte</span> <span class='ocrx_word' id='word_1_322' title='bbox 3072 2116 3302 2166; x_wconf 84' lang='lat' dir='ltr'>erhalten</span> 
     </span>
     <span class='ocr_line' id='line_1_25' title="bbox 575 2186 3303 2307; baseline -0.001 -69"><span class='ocrx_word' id='word_1_323' title='bbox 575 2191 791 2240; x_wconf 72' lang='lat' dir='ltr'>konnen.</span> <span class='ocrx_word' id='word_1_324' title='bbox 851 2187 1322 2307; x_wconf 54' lang='lat' dir='ltr'>Solcheszgnadiger</span> <span class='ocrx_word' id='word_1_325' title='bbox 1345 2190 1490 2237; x_wconf 84' lang='lat' dir='ltr'>Fiirst</span> <span class='ocrx_word' id='word_1_326' title='bbox 1515 2189 1617 2238; x_wconf 86' lang='lat' dir='ltr'>und</span> <span class='ocrx_word' id='word_1_327' title='bbox 1641 2189 1770 2239; x_wconf 88' lang='lat' dir='ltr'>Herr</span> <span class='ocrx_word' id='word_1_328' title='bbox 1791 2189 1893 2238; x_wconf 90' lang='lat' dir='ltr'>hab</span> <span class='ocrx_word' id='word_1_329' title='bbox 1929 2189 2009 2240; x_wconf 90' lang='lat' dir='ltr'>ich</span> <span class='ocrx_word' id='word_1_330' title='bbox 2033 2189 2367 2256; x_wconf 71' lang='lat' dir='ltr'>underthonig</span> <span class='ocrx_word' id='word_1_331' title='bbox 2404 2206 2468 2238; x_wconf 87' lang='lat' dir='ltr'>zu</span> <span class='ocrx_word' id='word_1_332' title='bbox 2502 2188 2762 2239; x_wconf 85' lang='lat' dir='ltr'>bedenken</span> <span class='ocrx_word' id='word_1_333' title='bbox 2799 2190 2960 2253; x_wconf 86' lang='lat' dir='ltr'>geben</span> <span class='ocrx_word' id='word_1_334' title='bbox 2996 2188 3168 2246; x_wconf 84' lang='lat' dir='ltr'>sollen,</span> <span class='ocrx_word' id='word_1_335' title='bbox 3208 2186 3303 2237; x_wconf 71' lang='lat' dir='ltr'>dte.</span> 
     </span>
    </p>

    <p class='ocr_par' dir='ltr' id='par_1_4' title="bbox 715 2256 1501 2310">
     <span class='ocr_line' id='line_1_26' title="bbox 715 2256 1501 2310; baseline -0.004 0"><span class='ocrx_word' id='word_1_336' title='bbox 715 2261 829 2310; x_wconf 81' lang='lat' dir='ltr'>Act.</span> <span class='ocrx_word' id='word_1_337' title='bbox 869 2258 979 2308; x_wconf 75' lang='lat' dir='ltr'>‘rub</span> <span class='ocrx_word' id='word_1_338' title='bbox 1074 2257 1121 2309; x_wconf 88' lang='grc'>2.</span> <span class='ocrx_word' id='word_1_339' title='bbox 1163 2260 1305 2309; x_wconf 84' lang='lat' dir='ltr'>Febr.</span> <span class='ocrx_word' id='word_1_340' title='bbox 1347 2256 1501 2308; x_wconf 88' lang='grc'><strong>1598.</strong></span> 
     </span>
    </p>
   </div>
   <div class='ocr_carea' id='block_1_3' title="bbox 712 2377 2613 2447">
    <p class='ocr_par' dir='ltr' id='par_1_5' title="bbox 712 2377 2613 2447">
     <span class='ocr_line' id='line_1_27' title="bbox 712 2377 2613 2447; baseline -0.001 -15"><span class='ocrx_word' id='word_1_341' title='bbox 712 2382 852 2432; x_wconf 86' lang='lat' dir='ltr'>Idem</span> <span class='ocrx_word' id='word_1_342' title='bbox 888 2382 936 2431; x_wconf 92' lang='lat' dir='ltr'>d.</span> <span class='ocrx_word' id='word_1_343' title='bbox 977 2380 1061 2430; x_wconf 86' lang='grc'>27.</span> <span class='ocrx_word' id='word_1_344' title='bbox 1103 2383 1217 2445; x_wconf 81' lang='lat' dir='ltr'>Apr.</span> <span class='ocrx_word' id='word_1_345' title='bbox 1258 2377 1331 2442; x_wconf 85' lang='lat'>(7.</span> <span class='ocrx_word' id='word_1_346' title='bbox 1371 2380 1520 2444; x_wconf 81' lang='lat' dir='ltr'>Maj.)</span> <span class='ocrx_word' id='word_1_347' title='bbox 1564 2379 1700 2431; x_wconf 82' lang='lat'>1597</span> <span class='ocrx_word' id='word_1_348' title='bbox 1737 2382 1834 2433; x_wconf 88' lang='lat' dir='ltr'>hac</span> <span class='ocrx_word' id='word_1_349' title='bbox 1873 2382 1934 2434; x_wconf 90' lang='lat' dir='ltr'>de</span> <span class='ocrx_word' id='word_1_350' title='bbox 1970 2397 2023 2432; x_wconf 88' lang='lat' dir='ltr'>re</span> <span class='ocrx_word' id='word_1_351' title='bbox 2061 2382 2277 2447; x_wconf 84' lang='lat' dir='ltr'>Keplero</span> <span class='ocrx_word' id='word_1_352' title='bbox 2315 2385 2613 2447; x_wconf 78' lang='lat' dir='ltr'>scripserat:</span> 
     </span>
    </p>
   </div>
   <div class='ocr_carea' id='block_1_4' title="bbox 575 2468 3307 4096">
    <p class='ocr_par' dir='ltr' id='par_1_6' title="bbox 577 2468 3300 2945">
     <span class='ocr_line' id='line_1_28' title="bbox 717 2468 3300 2535; baseline 0 -16"><span class='ocrx_word' id='word_1_353' title='bbox 717 2468 889 2534; x_wconf 83' lang='lat' dir='ltr'>Nuper</span> <span class='ocrx_word' id='word_1_354' title='bbox 927 2470 1268 2534; x_wconf 84' lang='lat' dir='ltr'>Stutgardiam</span> <span class='ocrx_word' id='word_1_355' title='bbox 1307 2477 1510 2520; x_wconf 81' lang='lat' dir='ltr'>vocatus</span> <span class='ocrx_word' id='word_1_356' title='bbox 1558 2486 1667 2520; x_wconf 85' lang='lat' dir='ltr'>sum</span> <span class='ocrx_word' id='word_1_357' title='bbox 1712 2477 1911 2534; x_wconf 85' lang='lat' dir='ltr'>propter</span> <span class='ocrx_word' id='word_1_358' title='bbox 1960 2476 2098 2521; x_wconf 86' lang='lat' dir='ltr'>tuum</span> <span class='ocrx_word' id='word_1_359' title='bbox 2136 2486 2256 2535; x_wconf 87' lang='lat' dir='ltr'>opus</span> <span class='ocrx_word' id='word_1_360' title='bbox 2293 2474 2689 2521; x_wconf 86' lang='lat' dir='ltr'>astronomicum.</span> <span class='ocrx_word' id='word_1_361' title='bbox 2764 2472 3028 2521; x_wconf 80' lang='lat' dir='ltr'>Aurii&#39;aber</span> <span class='ocrx_word' id='word_1_362' title='bbox 3062 2471 3114 2519; x_wconf 91' lang='lat' dir='ltr'>in</span> <span class='ocrx_word' id='word_1_363' title='bbox 3152 2484 3300 2533; x_wconf 87' lang='lat' dir='ltr'>opere</span> 
     </span>
     <span class='ocr_line' id='line_1_29' title="bbox 578 2541 3297 2606; baseline -0 -16"><span class='ocrx_word' id='word_1_364' title='bbox 578 2556 667 2591; x_wconf 90' lang='lat' dir='ltr'>suo</span> <span class='ocrx_word' id='word_1_365' title='bbox 700 2555 905 2606; x_wconf 77' lang='lat' dir='ltr'>pergere</span> <span class='ocrx_word' id='word_1_366' title='bbox 942 2556 1040 2589; x_wconf 90' lang='lat' dir='ltr'>non</span> <span class='ocrx_word' id='word_1_367' title='bbox 1076 2541 1250 2605; x_wconf 85' lang='lat' dir='ltr'>potuit.</span> <span class='ocrx_word' id='word_1_368' title='bbox 1331 2541 1454 2591; x_wconf 89' lang='lat' dir='ltr'>Cum</span> <span class='ocrx_word' id='word_1_369' title='bbox 1492 2543 1737 2598; x_wconf 81' lang='lat' dir='ltr'>venirem,</span> <span class='ocrx_word' id='word_1_370' title='bbox 1775 2542 1970 2591; x_wconf 77' lang='lat' dir='ltr'>invenio</span> <span class='ocrx_word' id='word_1_371' title='bbox 2009 2541 2207 2606; x_wconf 81' lang='lat' dir='ltr'><strong>globum</strong></span> <span class='ocrx_word' id='word_1_372' title='bbox 2242 2543 2460 2592; x_wconf 85' lang='lat' dir='ltr'>nondum</span> <span class='ocrx_word' id='word_1_373' title='bbox 2497 2542 2641 2605; x_wconf 85' lang='lat' dir='ltr'>plene</span> <span class='ocrx_word' id='word_1_374' title='bbox 2680 2557 2788 2592; x_wconf 86' lang='lat' dir='ltr'>esse</span> <span class='ocrx_word' id='word_1_375' title='bbox 2827 2542 3109 2598; x_wconf 82' lang='lat' dir='ltr'>coelatum;</span> <span class='ocrx_word' id='word_1_376' title='bbox 3146 2541 3297 2590; x_wconf 80' lang='lat' dir='ltr'>infor-</span> 
     </span>
     <span class='ocr_line' id='line_1_30' title="bbox 577 2612 3300 2677; baseline -0.001 -16"><span class='ocrx_word' id='word_1_377' title='bbox 577 2614 847 2661; x_wconf 76' lang='lat' dir='ltr'>mationem</span> <span class='ocrx_word' id='word_1_378' title='bbox 883 2612 1034 2676; x_wconf 84' lang='lat' dir='ltr'>igitur</span> <span class='ocrx_word' id='word_1_379' title='bbox 1068 2612 1412 2662; x_wconf 86' lang='lat' dir='ltr'>nonnullarum</span> <span class='ocrx_word' id='word_1_380' title='bbox 1449 2612 1701 2661; x_wconf 80' lang='lat' dir='ltr'>stellarum</span> <span class='ocrx_word' id='word_1_381' title='bbox 1740 2612 1818 2662; x_wconf 77' lang='lat' dir='ltr'>vel</span> <span class='ocrx_word' id='word_1_382' title='bbox 1853 2613 2124 2677; x_wconf 72' lang='lat' dir='ltr'>imaginum</span> <span class='ocrx_word' id='word_1_383' title='bbox 2151 2613 2373 2675; x_wconf 87' lang='lat' dir='ltr'>petebat.</span> <span class='ocrx_word' id='word_1_384' title='bbox 2433 2613 2569 2677; x_wconf 87' lang='lat' dir='ltr'>Opus</span> <span class='ocrx_word' id='word_1_385' title='bbox 2595 2613 2723 2677; x_wconf 89' lang='lat' dir='ltr'>quod</span> <span class='ocrx_word' id='word_1_386' title='bbox 2747 2614 3025 2663; x_wconf 85' lang='lat' dir='ltr'>absolutum</span> <span class='ocrx_word' id='word_1_387' title='bbox 3051 2618 3144 2669; x_wconf 79' lang='lat' dir='ltr'>est,</span> <span class='ocrx_word' id='word_1_388' title='bbox 3181 2612 3300 2660; x_wconf 82' lang='lat' dir='ltr'>mihi</span> 
     </span>
     <span class='ocr_line' id='line_1_31' title="bbox 579 2682 3300 2748; baseline -0.001 -16"><span class='ocrx_word' id='word_1_389' title='bbox 579 2683 775 2747; x_wconf 88' lang='lat' dir='ltr'>placet,</span> <span class='ocrx_word' id='word_1_390' title='bbox 832 2684 960 2731; x_wconf 88' lang='lat' dir='ltr'>sicut</span> <span class='ocrx_word' id='word_1_391' title='bbox 1010 2690 1062 2732; x_wconf 87' lang='lat' dir='ltr'>et</span> <span class='ocrx_word' id='word_1_392' title='bbox 1108 2684 1225 2740; x_wconf 89' lang='lat' dir='ltr'>tibi;</span> <span class='ocrx_word' id='word_1_393' title='bbox 1282 2683 1458 2732; x_wconf 86' lang='lat' dir='ltr'>stellae</span> <span class='ocrx_word' id='word_1_394' title='bbox 1504 2698 1603 2732; x_wconf 90' lang='lat' dir='ltr'>non</span> <span class='ocrx_word' id='word_1_395' title='bbox 1653 2682 1912 2748; x_wconf 75' lang='lat' dir='ltr'>eleganter</span> <span class='ocrx_word' id='word_1_396' title='bbox 1960 2682 2244 2746; x_wconf 80' lang='lat' dir='ltr'>exsculptae</span> <span class='ocrx_word' id='word_1_397' title='bbox 2292 2692 2426 2734; x_wconf 80' lang='lat' dir='ltr'>sunt.</span> <span class='ocrx_word' id='word_1_398' title='bbox 2501 2684 2698 2733; x_wconf 82' lang='lat' dir='ltr'>Contuli</span> <span class='ocrx_word' id='word_1_399' title='bbox 2746 2698 2861 2733; x_wconf 84' lang='lat' dir='ltr'>cnm</span> <span class='ocrx_word' id='word_1_400' title='bbox 2894 2683 3111 2733; x_wconf 84' lang='lat' dir='ltr'>Domino</span> <span class='ocrx_word' id='word_1_401' title='bbox 3152 2682 3300 2731; x_wconf 79' lang='lat' dir='ltr'>Luca</span> 
     </span>
     <span class='ocr_line' id='line_1_32' title="bbox 582 2752 3299 2819; baseline -0 -17"><span class='ocrx_word' id='word_1_402' title='bbox 582 2753 843 2811; x_wconf 82' lang='lat' dir='ltr'>Osiandro,</span> <span class='ocrx_word' id='word_1_403' title='bbox 882 2755 962 2816; x_wconf 86' lang='lat' dir='ltr'>qui</span> <span class='ocrx_word' id='word_1_404' title='bbox 989 2767 1134 2816; x_wconf 89' lang='lat' dir='ltr'>opere</span> <span class='ocrx_word' id='word_1_405' title='bbox 1157 2754 1309 2804; x_wconf 80' lang='lat' dir='ltr'>veteri</span> <span class='ocrx_word' id='word_1_406' title='bbox 1336 2754 1585 2803; x_wconf 86' lang='lat' dir='ltr'>destructo</span> <span class='ocrx_word' id='word_1_407' title='bbox 1610 2752 1727 2802; x_wconf 89' lang='lat' dir='ltr'>illud</span> <span class='ocrx_word' id='word_1_408' title='bbox 1753 2754 1816 2803; x_wconf 89' lang='lat' dir='ltr'>de</span> <span class='ocrx_word' id='word_1_409' title='bbox 1841 2768 1964 2803; x_wconf 80' lang='lat' dir='ltr'>novo</span> <span class='ocrx_word' id='word_1_410' title='bbox 1989 2768 2097 2802; x_wconf 88' lang='lat' dir='ltr'>esse</span> <span class='ocrx_word' id='word_1_411' title='bbox 2133 2755 2464 2818; x_wconf 88' lang='lat' dir='ltr'>incipiendum</span> <span class='ocrx_word' id='word_1_412' title='bbox 2494 2756 2706 2818; x_wconf 80' lang='lat' dir='ltr'>judicat,</span> <span class='ocrx_word' id='word_1_413' title='bbox 2742 2757 3032 2819; x_wconf 82' lang='lat' dir='ltr'>praesertim</span> <span class='ocrx_word' id='word_1_414' title='bbox 3071 2767 3184 2803; x_wconf 85' lang='lat' dir='ltr'>cum</span> <span class='ocrx_word' id='word_1_415' title='bbox 3218 2753 3299 2802; x_wconf 88' lang='lat'>111.</span> 
     </span>
     <span class='ocr_line' id='line_1_33' title="bbox 581 2824 3294 2891; baseline 0 -19"><span class='ocrx_word' id='word_1_416' title='bbox 581 2824 818 2886; x_wconf 83' lang='lat' dir='ltr'>Princeps</span> <span class='ocrx_word' id='word_1_417' title='bbox 851 2824 972 2873; x_wconf 89' lang='lat' dir='ltr'>illud</span> <span class='ocrx_word' id='word_1_418' title='bbox 1007 2825 1135 2873; x_wconf 89' lang='lat' dir='ltr'>inter</span> <span class='ocrx_word' id='word_1_419' title='bbox 1179 2838 1273 2874; x_wconf 83' lang='lat' dir='ltr'>sua</span> <span class='ocrx_word' id='word_1_420' title='bbox 1315 2826 1502 2874; x_wconf 81' lang='lat' dir='ltr'>rariora.</span> <span class='ocrx_word' id='word_1_421' title='bbox 1546 2824 1830 2874; x_wconf 86' lang='lat' dir='ltr'>artificialia.</span> <span class='ocrx_word' id='word_1_422' title='bbox 1863 2839 2099 2888; x_wconf 85' lang='lat' dir='ltr'>reponere</span> <span class='ocrx_word' id='word_1_423' title='bbox 2151 2824 2397 2876; x_wconf 84' lang='lat' dir='ltr'>desideret</span> <span class='ocrx_word' id='word_1_424' title='bbox 2412 2862 2425 2883; x_wconf 92' lang='grc'>,</span> <span class='ocrx_word' id='word_1_425' title='bbox 2482 2826 2759 2891; x_wconf 81' lang='lat' dir='ltr'>multosque</span> <span class='ocrx_word' id='word_1_426' title='bbox 2813 2832 3002 2876; x_wconf 82' lang='lat' dir='ltr'>sumtus</span> <span class='ocrx_word' id='word_1_427' title='bbox 3057 2826 3294 2889; x_wconf 87' lang='lat' dir='ltr'>requirat.</span> 
     </span>
     <span class='ocr_line' id='line_1_34' title="bbox 582 2892 1680 2945; baseline -0.002 -1"><span class='ocrx_word' id='word_1_428' title='bbox 582 2894 843 2945; x_wconf 77' lang='lat' dir='ltr'>Aurifaber</span> <span class='ocrx_word' id='word_1_429' title='bbox 880 2897 1113 2944; x_wconf 85' lang='lat' dir='ltr'>aestimat</span> <span class='ocrx_word' id='word_1_430' title='bbox 1147 2894 1255 2943; x_wconf 89' lang='lat' dir='ltr'>illos</span> <span class='ocrx_word' id='word_1_431' title='bbox 1296 2892 1431 2943; x_wconf 91' lang='grc'>1000</span> <span class='ocrx_word' id='word_1_432' title='bbox 1468 2895 1680 2944; x_wconf 88' lang='lat' dir='ltr'>florenis.</span> 
     </span>
    </p>

    <p class='ocr_par' dir='ltr' id='par_1_7' title="bbox 575 2963 3302 3935">
     <span class='ocr_line' id='line_1_35' title="bbox 716 2963 3297 3031; baseline -0.001 -15"><span class='ocrx_word' id='word_1_433' title='bbox 716 2966 902 3017; x_wconf 78' lang='lat' dir='ltr'>Postea</span> <span class='ocrx_word' id='word_1_434' title='bbox 939 2965 984 3015; x_wconf 86' lang='lat' dir='ltr'>d.</span> <span class='ocrx_word' id='word_1_435' title='bbox 1029 2963 1111 3014; x_wconf 89' lang='grc'>11.</span> <span class='ocrx_word' id='word_1_436' title='bbox 1140 2963 1350 3031; x_wconf 41' lang='lat' dir='ltr'>21.,Ju1.</span> <span class='ocrx_word' id='word_1_437' title='bbox 1390 2968 1566 3015; x_wconf 86' lang='lat' dir='ltr'>iterum</span> <span class='ocrx_word' id='word_1_438' title='bbox 1602 2966 1770 3015; x_wconf 78' lang='lat' dir='ltr'>scribit</span> <span class='ocrx_word' id='word_1_439' title='bbox 1806 2964 2130 3015; x_wconf 82' lang='lat' dir='ltr'>Maestlinus:</span> <span class='ocrx_word' id='word_1_440' title='bbox 2191 2966 2267 3016; x_wconf 91' lang='lat' dir='ltr'>De</span> <span class='ocrx_word' id='word_1_441' title='bbox 2306 2981 2452 3030; x_wconf 86' lang='lat' dir='ltr'>opere</span> <span class='ocrx_word' id='word_1_442' title='bbox 2488 2972 2574 3015; x_wconf 89' lang='lat' dir='ltr'>tuo</span> <span class='ocrx_word' id='word_1_443' title='bbox 2610 2966 2770 3015; x_wconf 85' lang='lat' dir='ltr'>multa</span> <span class='ocrx_word' id='word_1_444' title='bbox 2803 2966 2975 3016; x_wconf 90' lang='lat' dir='ltr'>lubens</span> <span class='ocrx_word' id='word_1_445' title='bbox 3012 2967 3297 3017; x_wconf 76' lang='lat' dir='ltr'>scriberem.</span> 
     </span>
     <span class='ocr_line' id='line_1_36' title="bbox 580 3036 3297 3101; baseline -0.001 -13"><span class='ocrx_word' id='word_1_446' title='bbox 580 3037 766 3088; x_wconf 86' lang='lat' dir='ltr'>Laetor</span> <span class='ocrx_word' id='word_1_447' title='bbox 800 3036 1117 3086; x_wconf 82' lang='lat' dir='ltr'>vehementer</span> <span class='ocrx_word' id='word_1_448' title='bbox 1152 3043 1242 3085; x_wconf 85' lang='lat' dir='ltr'>tua</span> <span class='ocrx_word' id='word_1_449' title='bbox 1276 3037 1653 3095; x_wconf 80' lang='lat' dir='ltr'>informatione3</span> <span class='ocrx_word' id='word_1_450' title='bbox 1706 3037 1943 3086; x_wconf 86' lang='lat' dir='ltr'>confiteor</span> <span class='ocrx_word' id='word_1_451' title='bbox 1979 3039 2110 3087; x_wconf 91' lang='lat' dir='ltr'>enim</span> <span class='ocrx_word' id='word_1_452' title='bbox 2145 3053 2308 3087; x_wconf 89' lang='lat' dir='ltr'>meam</span> <span class='ocrx_word' id='word_1_453' title='bbox 2347 3037 2626 3087; x_wconf 78' lang='lat' dir='ltr'>infantiam.</span> <span class='ocrx_word' id='word_1_454' title='bbox 2700 3036 2882 3087; x_wconf 85' lang='lat' dir='ltr'>Nescio</span> <span class='ocrx_word' id='word_1_455' title='bbox 2917 3051 3142 3100; x_wconf 86' lang='lat' dir='ltr'>prorsus,</span> <span class='ocrx_word' id='word_1_456' title='bbox 3178 3052 3297 3101; x_wconf 88' lang='lat' dir='ltr'>quo·</span> 
     </span>
     <span class='ocr_line' id='line_1_37' title="bbox 576 3106 3298 3171; baseline 0.001 -16"><span class='ocrx_word' id='word_1_457' title='bbox 576 3107 719 3155; x_wconf 89' lang='lat' dir='ltr'>modo</span> <span class='ocrx_word' id='word_1_458' title='bbox 759 3106 1030 3169; x_wconf 87' lang='lat' dir='ltr'>adaptandi</span> <span class='ocrx_word' id='word_1_459' title='bbox 1068 3108 1167 3154; x_wconf 89' lang='lat' dir='ltr'>sint</span> <span class='ocrx_word' id='word_1_460' title='bbox 1202 3108 1466 3157; x_wconf 83' lang='lat' dir='ltr'>exteriores</span> <span class='ocrx_word' id='word_1_461' title='bbox 1500 3109 1714 3156; x_wconf 85' lang='lat' dir='ltr'>maxime</span> <span class='ocrx_word' id='word_1_462' title='bbox 1752 3108 1937 3157; x_wconf 88' lang='lat' dir='ltr'>circuli.</span> <span class='ocrx_word' id='word_1_463' title='bbox 2013 3108 2196 3159; x_wconf 88' lang='lat' dir='ltr'>Globus</span> <span class='ocrx_word' id='word_1_464' title='bbox 2228 3110 2336 3171; x_wconf 85' lang='lat' dir='ltr'>jam</span> <span class='ocrx_word' id='word_1_465' title='bbox 2372 3109 2438 3158; x_wconf 86' lang='lat' dir='ltr'>ad</span> <span class='ocrx_word' id='word_1_466' title='bbox 2474 3123 2650 3157; x_wconf 84' lang='lat' dir='ltr'>manus</span> <span class='ocrx_word' id='word_1_467' title='bbox 2688 3116 2798 3164; x_wconf 84' lang='lat' dir='ltr'>est,</span> <span class='ocrx_word' id='word_1_468' title='bbox 2839 3115 2890 3158; x_wconf 89' lang='lat' dir='ltr'>et</span> <span class='ocrx_word' id='word_1_469' title='bbox 2927 3108 3176 3157; x_wconf 78' lang='lat' dir='ltr'>aurifaber</span> <span class='ocrx_word' id='word_1_470' title='bbox 3212 3107 3298 3157; x_wconf 90' lang='lat' dir='ltr'>de-</span> 
     </span>
     <span class='ocr_line' id='line_1_38' title="bbox 575 3177 3297 3243; baseline 0.001 -17"><span class='ocrx_word' id='word_1_471' title='bbox 575 3177 764 3227; x_wconf 88' lang='lat' dir='ltr'>siderat</span> <span class='ocrx_word' id='word_1_472' title='bbox 799 3178 1223 3241; x_wconf 77' lang='lat' dir='ltr'>consignationem</span> <span class='ocrx_word' id='word_1_473' title='bbox 1258 3177 1511 3226; x_wconf 86' lang='lat' dir='ltr'>stellarum</span> <span class='ocrx_word' id='word_1_474' title='bbox 1546 3179 1707 3227; x_wconf 89' lang='lat' dir='ltr'>minus</span> <span class='ocrx_word' id='word_1_475' title='bbox 1744 3186 1880 3228; x_wconf 89' lang='lat' dir='ltr'>recte</span> <span class='ocrx_word' id='word_1_476' title='bbox 1919 3178 2295 3229; x_wconf 86' lang='lat' dir='ltr'>delineatamm.</span> <span class='ocrx_word' id='word_1_477' title='bbox 2372 3180 2503 3228; x_wconf 85' lang='lat' dir='ltr'>Ecce</span> <span class='ocrx_word' id='word_1_478' title='bbox 2543 3194 2600 3227; x_wconf 88' lang='lat' dir='ltr'>eo</span> <span class='ocrx_word' id='word_1_479' title='bbox 2637 3193 2716 3229; x_wconf 88' lang='lat' dir='ltr'>res</span> <span class='ocrx_word' id='word_1_480' title='bbox 2751 3179 2995 3243; x_wconf 87' lang='lat' dir='ltr'>perducta</span> <span class='ocrx_word' id='word_1_481' title='bbox 3026 3185 3134 3236; x_wconf 81' lang='lat' dir='ltr'>est,</span> <span class='ocrx_word' id='word_1_482' title='bbox 3173 3178 3220 3226; x_wconf 89' lang='lat' dir='ltr'>h.</span> <span class='ocrx_word' id='word_1_483' title='bbox 3251 3193 3297 3228; x_wconf 89' lang='lat' dir='ltr'>e.</span> 
     </span>
     <span class='ocr_line' id='line_1_39' title="bbox 577 3247 3300 3313; baseline 0.001 -16"><span class='ocrx_word' id='word_1_484' title='bbox 577 3249 770 3298; x_wconf 81' lang='lat' dir='ltr'>videtur</span> <span class='ocrx_word' id='word_1_485' title='bbox 799 3250 907 3309; x_wconf 82' lang='lat' dir='ltr'>jam</span> <span class='ocrx_word' id='word_1_486' title='bbox 944 3247 1142 3297; x_wconf 85' lang='lat' dir='ltr'>cuidam</span> <span class='ocrx_word' id='word_1_487' title='bbox 1176 3249 1412 3311; x_wconf 87' lang='lat' dir='ltr'>principio</span> <span class='ocrx_word' id='word_1_488' title='bbox 1457 3249 1681 3311; x_wconf 87' lang='lat' dir='ltr'>principii</span> <span class='ocrx_word' id='word_1_489' title='bbox 1728 3249 1914 3298; x_wconf 85' lang='lat' dir='ltr'>similis.</span> <span class='ocrx_word' id='word_1_490' title='bbox 1990 3250 2094 3313; x_wconf 86' lang='lat' dir='ltr'>Ego</span> <span class='ocrx_word' id='word_1_491' title='bbox 2144 3250 2461 3301; x_wconf 82' lang='lat' dir='ltr'>vehementer</span> <span class='ocrx_word' id='word_1_492' title='bbox 2506 3250 2680 3299; x_wconf 87' lang='lat' dir='ltr'>dubius</span> <span class='ocrx_word' id='word_1_493' title='bbox 2731 3266 2868 3307; x_wconf 87' lang='lat' dir='ltr'>sum,</span> <span class='ocrx_word' id='word_1_494' title='bbox 2921 3249 3300 3300; x_wconf 80' lang='lat' dir='ltr'>dissolvendane</span> 
     </span>
     <span class='ocr_line' id='line_1_40' title="bbox 576 3312 3299 3386; baseline 0 -18"><span class='ocrx_word' id='word_1_495' title='bbox 576 3312 853 3368; x_wconf 63' lang='lat' dir='ltr'>machina?</span> <span class='ocrx_word' id='word_1_496' title='bbox 890 3323 947 3367; x_wconf 84' lang='lat' dir='ltr'>at</span> <span class='ocrx_word' id='word_1_497' title='bbox 979 3324 1150 3367; x_wconf 84' lang='lat' dir='ltr'>metuo</span> <span class='ocrx_word' id='word_1_498' title='bbox 1179 3318 1770 3382; x_wconf 73' lang='lat' dir='ltr'>offensionemprincipis‚</span> <span class='ocrx_word' id='word_1_499' title='bbox 1806 3326 2007 3383; x_wconf 83' lang='lat' dir='ltr'>propter</span> <span class='ocrx_word' id='word_1_500' title='bbox 2029 3328 2220 3369; x_wconf 78' lang='lat' dir='ltr'>sumtus</span> <span class='ocrx_word' id='word_1_501' title='bbox 2252 3325 2361 3384; x_wconf 80' lang='lat' dir='ltr'>jam</span> <span class='ocrx_word' id='word_1_502' title='bbox 2385 3323 2575 3378; x_wconf 73' lang='lat' dir='ltr'>factos,</span> <span class='ocrx_word' id='word_1_503' title='bbox 2615 3335 2681 3371; x_wconf 78' lang='grc' dir='ltr'>ιιι</span> <span class='ocrx_word' id='word_1_504' title='bbox 2706 3323 2759 3371; x_wconf 88' lang='grc' dir='ltr'>ιιι</span> <span class='ocrx_word' id='word_1_505' title='bbox 2783 3335 2931 3384; x_wconf 81' lang='lat' dir='ltr'>opere</span> <span class='ocrx_word' id='word_1_506' title='bbox 2955 3318 3299 3386; x_wconf 70' lang='lat' dir='ltr'>pergendum?</span> 
     </span>
     <span class='ocr_line' id='line_1_41' title="bbox 578 3389 3298 3457; baseline 0 -16"><span class='ocrx_word' id='word_1_507' title='bbox 578 3392 651 3441; x_wconf 81' lang='lat' dir='ltr'>At</span> <span class='ocrx_word' id='word_1_508' title='bbox 684 3394 878 3447; x_wconf 84' lang='lat' dir='ltr'>metuo,</span> <span class='ocrx_word' id='word_1_509' title='bbox 931 3401 997 3439; x_wconf 86' lang='lat' dir='ltr'>ne</span> <span class='ocrx_word' id='word_1_510' title='bbox 1044 3389 1392 3439; x_wconf 78' lang='lat' dir='ltr'>consecutione</span> <span class='ocrx_word' id='word_1_511' title='bbox 1438 3390 1547 3438; x_wconf 87' lang='lat' dir='ltr'>finis</span> <span class='ocrx_word' id='word_1_512' title='bbox 1592 3390 1856 3440; x_wconf 81' lang='lat' dir='ltr'>frustreris.</span> <span class='ocrx_word' id='word_1_513' title='bbox 1931 3390 2076 3451; x_wconf 80' lang='lat' dir='ltr'>Quod</span> <span class='ocrx_word' id='word_1_514' title='bbox 2113 3393 2162 3441; x_wconf 80' lang='lat' dir='ltr'>si</span> <span class='ocrx_word' id='word_1_515' title='bbox 2211 3392 2285 3441; x_wconf 88' lang='lat'><strong>111.</strong></span> <span class='ocrx_word' id='word_1_516' title='bbox 2323 3393 2559 3455; x_wconf 80' lang='lat' dir='ltr'>Princeps</span> <span class='ocrx_word' id='word_1_517' title='bbox 2594 3404 2708 3441; x_wconf 83' lang='lat' dir='ltr'>eam</span> <span class='ocrx_word' id='word_1_518' title='bbox 2741 3393 2966 3457; x_wconf 86' lang='lat' dir='ltr'>pretiosis</span> <span class='ocrx_word' id='word_1_519' title='bbox 3001 3394 3104 3441; x_wconf 81' lang='lat' dir='ltr'>suis</span> <span class='ocrx_word' id='word_1_520' title='bbox 3139 3391 3298 3452; x_wconf 75' lang='lat' dir='ltr'>artifi-</span> 
     </span>
     <span class='ocr_line' id='line_1_42' title="bbox 581 3458 3300 3528; baseline 0 -17"><span class='ocrx_word' id='word_1_521' title='bbox 581 3460 786 3511; x_wconf 77' lang='lat' dir='ltr'>cialibus</span> <span class='ocrx_word' id='word_1_522' title='bbox 825 3473 1150 3512; x_wconf 84' lang='lat' dir='ltr'>annumerare</span> <span class='ocrx_word' id='word_1_523' title='bbox 1187 3458 1417 3515; x_wconf 83' lang='lat' dir='ltr'>voluerit.</span> <span class='ocrx_word' id='word_1_524' title='bbox 1470 3462 1727 3518; x_wconf 83' lang='lat' dir='ltr'>convenit,</span> <span class='ocrx_word' id='word_1_525' title='bbox 1777 3468 1836 3510; x_wconf 86' lang='lat' dir='ltr'>ut</span> <span class='ocrx_word' id='word_1_526' title='bbox 1879 3462 1944 3510; x_wconf 87' lang='lat' dir='ltr'>sit</span> <span class='ocrx_word' id='word_1_527' title='bbox 1994 3477 2114 3525; x_wconf 89' lang='lat' dir='ltr'>opus</span> <span class='ocrx_word' id='word_1_528' title='bbox 2152 3477 2303 3527; x_wconf 83' lang='lat' dir='ltr'>opera</span> <span class='ocrx_word' id='word_1_529' title='bbox 2339 3470 2390 3513; x_wconf 88' lang='lat' dir='ltr'>et</span> <span class='ocrx_word' id='word_1_530' title='bbox 2426 3469 2593 3512; x_wconf 87' lang='lat' dir='ltr'>sumtu</span> <span class='ocrx_word' id='word_1_531' title='bbox 2629 3462 2847 3528; x_wconf 88' lang='lat' dir='ltr'>dignum.</span> <span class='ocrx_word' id='word_1_532' title='bbox 2921 3466 2989 3512; x_wconf 83' lang='lat' dir='ltr'>At</span> <span class='ocrx_word' id='word_1_533' title='bbox 3026 3465 3108 3528; x_wconf 81' lang='lat' dir='ltr'>qui</span> <span class='ocrx_word' id='word_1_534' title='bbox 3143 3464 3300 3526; x_wconf 88' lang='lat' dir='ltr'>primo</span> 
     </span>
     <span class='ocr_line' id='line_1_43' title="bbox 578 3531 3301 3598; baseline 0 -17"><span class='ocrx_word' id='word_1_535' title='bbox 578 3533 926 3592; x_wconf 80' lang='lat' dir='ltr'>intuebuntur,</span> <span class='ocrx_word' id='word_1_536' title='bbox 984 3531 1147 3595; x_wconf 85' lang='lat' dir='ltr'>ignari</span> <span class='ocrx_word' id='word_1_537' title='bbox 1182 3531 1362 3580; x_wconf 86' lang='lat' dir='ltr'>interni</span> <span class='ocrx_word' id='word_1_538' title='bbox 1409 3531 1635 3588; x_wconf 87' lang='lat' dir='ltr'>artificii,</span> <span class='ocrx_word' id='word_1_539' title='bbox 1688 3531 1999 3582; x_wconf 83' lang='lat' dir='ltr'>offendentur</span> <span class='ocrx_word' id='word_1_540' title='bbox 2034 3533 2168 3582; x_wconf 74' lang='lat' dir='ltr'>haud</span> <span class='ocrx_word' id='word_1_541' title='bbox 2206 3534 2349 3584; x_wconf 89' lang='lat' dir='ltr'>dubio</span> <span class='ocrx_word' id='word_1_542' title='bbox 2388 3540 2594 3584; x_wconf 85' lang='lat' dir='ltr'>externa</span> <span class='ocrx_word' id='word_1_543' title='bbox 2629 3534 2735 3583; x_wconf 90' lang='lat' dir='ltr'>rudi</span> <span class='ocrx_word' id='word_1_544' title='bbox 2772 3533 3041 3598; x_wconf 86' lang='lat' dir='ltr'>sculptura.</span> <span class='ocrx_word' id='word_1_545' title='bbox 3112 3533 3301 3583; x_wconf 87' lang='lat' dir='ltr'>Verum</span> 
     </span>
     <span class='ocr_line' id='line_1_44' title="bbox 578 3600 3302 3670; baseline 0 -17"><span class='ocrx_word' id='word_1_546' title='bbox 578 3619 670 3670; x_wconf 90' lang='lat' dir='ltr'>ego</span> <span class='ocrx_word' id='word_1_547' title='bbox 710 3618 821 3656; x_wconf 83' lang='lat' dir='ltr'>cum</span> <span class='ocrx_word' id='word_1_548' title='bbox 857 3602 921 3652; x_wconf 92' lang='lat' dir='ltr'>D.</span> <span class='ocrx_word' id='word_1_549' title='bbox 962 3600 1219 3651; x_wconf 87' lang='lat' dir='ltr'>Directore</span> <span class='ocrx_word' id='word_1_550' title='bbox 1256 3600 1321 3650; x_wconf 91' lang='lat' dir='ltr'>D.</span> <span class='ocrx_word' id='word_1_551' title='bbox 1357 3602 1728 3668; x_wconf 85' lang='lat' dir='ltr'>Eisengreinio.</span> <span class='ocrx_word' id='word_1_552' title='bbox 1764 3604 1857 3653; x_wconf 84' lang='lat' dir='ltr'>tibi</span> <span class='ocrx_word' id='word_1_553' title='bbox 1895 3604 2076 3667; x_wconf 89' lang='lat' dir='ltr'>optime</span> <span class='ocrx_word' id='word_1_554' title='bbox 2115 3607 2362 3668; x_wconf 80' lang='lat' dir='ltr'>cupiente,</span> <span class='ocrx_word' id='word_1_555' title='bbox 2402 3610 2453 3654; x_wconf 90' lang='lat' dir='ltr'>et</span> <span class='ocrx_word' id='word_1_556' title='bbox 2488 3604 2606 3653; x_wconf 92' lang='lat' dir='ltr'>DD.</span> <span class='ocrx_word' id='word_1_557' title='bbox 2649 3604 2920 3662; x_wconf 82' lang='lat' dir='ltr'>Osiandris,</span> <span class='ocrx_word' id='word_1_558' title='bbox 2959 3605 3029 3654; x_wconf 84' lang='lat' dir='ltr'>M.</span> <span class='ocrx_word' id='word_1_559' title='bbox 3070 3605 3212 3655; x_wconf 80' lang='lat' dir='ltr'>Luca</span> <span class='ocrx_word' id='word_1_560' title='bbox 3247 3613 3302 3654; x_wconf 88' lang='lat' dir='ltr'>et</span> 
     </span>
     <span class='ocr_line' id='line_1_45' title="bbox 578 3672 3300 3741; baseline 0 -18"><span class='ocrx_word' id='word_1_561' title='bbox 578 3673 645 3723; x_wconf 94' lang='lat' dir='ltr'>D.</span> <span class='ocrx_word' id='word_1_562' title='bbox 686 3673 890 3722; x_wconf 84' lang='lat' dir='ltr'>Andrea</span> <span class='ocrx_word' id='word_1_563' title='bbox 925 3672 1193 3730; x_wconf 81' lang='lat' dir='ltr'>conferam,</span> <span class='ocrx_word' id='word_1_564' title='bbox 1231 3679 1371 3722; x_wconf 86' lang='lat' dir='ltr'>tuum</span> <span class='ocrx_word' id='word_1_565' title='bbox 1414 3676 1567 3723; x_wconf 84' lang='lat' dir='ltr'>etiam</span> <span class='ocrx_word' id='word_1_566' title='bbox 1612 3675 1885 3732; x_wconf 82' lang='lat' dir='ltr'>consilium,</span> <span class='ocrx_word' id='word_1_567' title='bbox 1922 3674 2042 3724; x_wconf 89' lang='lat' dir='ltr'>licet</span> <span class='ocrx_word' id='word_1_568' title='bbox 2077 3676 2314 3733; x_wconf 85' lang='lat' dir='ltr'>absentis,</span> <span class='ocrx_word' id='word_1_569' title='bbox 2353 3682 2578 3725; x_wconf 84' lang='lat' dir='ltr'>attamen</span> <span class='ocrx_word' id='word_1_570' title='bbox 2613 3691 2702 3741; x_wconf 87' lang='lat' dir='ltr'>per</span> <span class='ocrx_word' id='word_1_571' title='bbox 2728 3676 2906 3726; x_wconf 81' lang='lat' dir='ltr'>literas</span> <span class='ocrx_word' id='word_1_572' title='bbox 2945 3676 3211 3725; x_wconf 83' lang='lat' dir='ltr'>exhibitum</span> <span class='ocrx_word' id='word_1_573' title='bbox 3247 3677 3300 3724; x_wconf 88' lang='lat' dir='ltr'>in</span> 
     </span>
     <span class='ocr_line' id='line_1_46' title="bbox 580 3744 3299 3810; baseline 0 -15"><span class='ocrx_word' id='word_1_574' title='bbox 580 3744 796 3795; x_wconf 88' lang='lat' dir='ltr'>medium</span> <span class='ocrx_word' id='word_1_575' title='bbox 831 3757 1129 3808; x_wconf 89' lang='lat' dir='ltr'>proponam,</span> <span class='ocrx_word' id='word_1_576' title='bbox 1171 3751 1462 3809; x_wconf 87' lang='lat' dir='ltr'>nostrasque</span> <span class='ocrx_word' id='word_1_577' title='bbox 1501 3746 1829 3810; x_wconf 85' lang='lat' dir='ltr'>cogitationes</span> <span class='ocrx_word' id='word_1_578' title='bbox 1867 3746 2187 3796; x_wconf 82' lang='lat' dir='ltr'>conferemus.</span> <span class='ocrx_word' id='word_1_579' title='bbox 2262 3746 2392 3807; x_wconf 82' lang='lat' dir='ltr'>Quid</span> <span class='ocrx_word' id='word_1_580' title='bbox 2428 3748 2645 3797; x_wconf 80' lang='lat' dir='ltr'>futurum</span> <span class='ocrx_word' id='word_1_581' title='bbox 2681 3749 2767 3805; x_wconf 78' lang='lat' dir='ltr'>sit.</span> <span class='ocrx_word' id='word_1_582' title='bbox 2821 3748 3004 3797; x_wconf 78' lang='lat' dir='ltr'>faciam</span> <span class='ocrx_word' id='word_1_583' title='bbox 3038 3754 3097 3796; x_wconf 90' lang='lat' dir='ltr'>ut</span> <span class='ocrx_word' id='word_1_584' title='bbox 3130 3748 3299 3804; x_wconf 87' lang='lat' dir='ltr'>scias,</span> 
     </span>
     <span class='ocr_line' id='line_1_47' title="bbox 585 3813 3299 3890; baseline 0 -24"><span class='ocrx_word' id='word_1_585' title='bbox 585 3823 641 3866; x_wconf 83' lang='lat' dir='ltr'>at</span> <span class='ocrx_word' id='word_1_586' title='bbox 674 3816 757 3865; x_wconf 90' lang='lat' dir='ltr'>ubi</span> <span class='ocrx_word' id='word_1_587' title='bbox 791 3815 901 3878; x_wconf 81' lang='lat' dir='ltr'>Plus</span> <span class='ocrx_word' id='word_1_588' title='bbox 941 3815 1026 3863; x_wconf 88' lang='lat' dir='ltr'>otii</span> <span class='ocrx_word' id='word_1_589' title='bbox 1062 3813 1297 3872; x_wconf 88' lang='lat' dir='ltr'>habuero,</span> <span class='ocrx_word' id='word_1_590' title='bbox 1331 3818 1437 3877; x_wconf 83' lang='lat' dir='ltr'>jam</span> <span class='ocrx_word' id='word_1_591' title='bbox 1476 3818 1606 3890; x_wconf 81' lang='lat' dir='ltr'>enim</span> <span class='ocrx_word' id='word_1_592' title='bbox 1641 3825 1839 3881; x_wconf 87' lang='lat' dir='ltr'>propter</span> <span class='ocrx_word' id='word_1_593' title='bbox 1875 3820 2168 3880; x_wconf 80' lang='lat' dir='ltr'>responsum&#39;</span> <span class='ocrx_word' id='word_1_594' title='bbox 2183 3834 2348 3868; x_wconf 90' lang='lat' dir='ltr'>meum</span> <span class='ocrx_word' id='word_1_595' title='bbox 2371 3819 2539 3868; x_wconf 88' lang='lat' dir='ltr'>multis</span> <span class='ocrx_word' id='word_1_596' title='bbox 2575 3819 2732 3869; x_wconf 86' lang='lat' dir='ltr'>modis</span> <span class='ocrx_word' id='word_1_597' title='bbox 2768 3820 2833 3868; x_wconf 87' lang='lat' dir='ltr'>ab</span> <span class='ocrx_word' id='word_1_598' title='bbox 2871 3819 2979 3868; x_wconf 88' lang='lat' dir='ltr'>aliis</span> <span class='ocrx_word' id='word_1_599' title='bbox 3017 3819 3299 3882; x_wconf 85' lang='lat' dir='ltr'>occupatio-</span> 
     </span>
     <span class='ocr_line' id='line_1_48' title="bbox 582 3885 1036 3935; baseline -0.005 0"><span class='ocrx_word' id='word_1_600' title='bbox 582 3887 724 3935; x_wconf 87' lang='lat' dir='ltr'>nibus</span> <span class='ocrx_word' id='word_1_601' title='bbox 764 3885 1036 3935; x_wconf 86' lang='lat' dir='ltr'>abstrahor.</span> 
     </span>
    </p>

    <p class='ocr_par' dir='ltr' id='par_1_8' title="bbox 585 3955 3307 4096">
     <span class='ocr_line' id='line_1_49' title="bbox 729 3955 3300 4043; baseline 0.002 -40"><span class='ocrx_word' id='word_1_602' title='bbox 729 3955 845 4003; x_wconf 71' lang='lat' dir='ltr'>Lm-</span> <span class='ocrx_word' id='word_1_603' title='bbox 841 3971 926 4003; x_wconf 66' lang='grc' dir='ltr'><strong>-ειι</strong></span> <span class='ocrx_word' id='word_1_604' title='bbox 978 3955 1050 4003; x_wconf 55' lang='lat' dir='ltr'>[iza</span> <span class='ocrx_word' id='word_1_605' title='bbox 1034 3956 1320 4019; x_wconf 55' lang='lat' dir='ltr'>„iauden</span> <span class='ocrx_word' id='word_1_606' title='bbox 1373 3973 1517 4021; x_wconf 88' lang='lat' dir='ltr'>quem</span> <span class='ocrx_word' id='word_1_607' title='bbox 1572 3957 1651 4007; x_wconf 90' lang='lat' dir='ltr'>hic</span> <span class='ocrx_word' id='word_1_608' title='bbox 1704 3964 1755 4007; x_wconf 90' lang='lat' dir='ltr'>et</span> <span class='ocrx_word' id='word_1_609' title='bbox 1798 3973 1948 4043; x_wconf 74' lang='lat' dir='ltr'>supra</span> <span class='ocrx_word' id='word_1_610' title='bbox 1993 3960 2113 4010; x_wconf 91' lang='lat' dir='ltr'>dicit</span> <span class='ocrx_word' id='word_1_611' title='bbox 2146 3958 2472 4016; x_wconf 80' lang='lat' dir='ltr'>Maestlinus‚</span> <span class='ocrx_word' id='word_1_612' title='bbox 2525 3960 2698 4009; x_wconf 90' lang='lat' dir='ltr'>eodem</span> <span class='ocrx_word' id='word_1_613' title='bbox 2750 3974 2843 4024; x_wconf 86' lang='lat' dir='ltr'>quo</span> <span class='ocrx_word' id='word_1_614' title='bbox 2880 3959 3128 4023; x_wconf 88' lang='lat' dir='ltr'>Keplerus</span> <span class='ocrx_word' id='word_1_615' title='bbox 3168 3971 3300 4009; x_wconf 86' lang='lat' dir='ltr'>anno</span> 
     </span>
     <span class='ocr_line' id='line_1_50' title="bbox 585 4023 3307 4096; baseline 0.001 -21"><span class='ocrx_word' id='word_1_616' title='bbox 585 4027 709 4087; x_wconf 59' lang='lat'>[1522</span> <span class='ocrx_word' id='word_1_617' title='bbox 725 4031 777 4079; x_wconf 86' lang='grc'>1,</span> <span class='ocrx_word' id='word_1_618' title='bbox 817 4027 866 4075; x_wconf 76' lang='lat' dir='ltr'>ii.</span> <span class='ocrx_word' id='word_1_619' title='bbox 906 4027 982 4075; x_wconf 77' lang='lat' dir='ltr'>M:-</span> <span class='ocrx_word' id='word_1_620' title='bbox 978 4023 1054 4087; x_wconf 53' lang='lat' dir='ltr'>jss}</span> <span class='ocrx_word' id='word_1_621' title='bbox 1106 4033 1252 4076; x_wconf 67' lang='lat' dir='ltr'>uatus</span> <span class='ocrx_word' id='word_1_622' title='bbox 1272 4061 1288 4089; x_wconf 91' lang='lat'>‚</span> <span class='ocrx_word' id='word_1_623' title='bbox 1336 4029 1467 4079; x_wconf 88' lang='lat' dir='ltr'>inter</span> <span class='ocrx_word' id='word_1_624' title='bbox 1501 4029 1697 4078; x_wconf 89' lang='lat' dir='ltr'>sodales</span> <span class='ocrx_word' id='word_1_625' title='bbox 1731 4030 1885 4093; x_wconf 84' lang='lat' dir='ltr'>ipsius</span> <span class='ocrx_word' id='word_1_626' title='bbox 1923 4031 2253 4081; x_wconf 89' lang='lat' dir='ltr'>numerandus</span> <span class='ocrx_word' id='word_1_627' title='bbox 2289 4038 2394 4088; x_wconf 79' lang='lat' dir='ltr'>est,</span> <span class='ocrx_word' id='word_1_628' title='bbox 2451 4041 2748 4096; x_wconf 71' lang='lat' dir='ltr'>quamquam</span> <span class='ocrx_word' id='word_1_629' title='bbox 2794 4046 2895 4080; x_wconf 89' lang='lat' dir='ltr'>non</span> <span class='ocrx_word' id='word_1_630' title='bbox 2932 4045 3044 4079; x_wconf 87' lang='lat' dir='ltr'>cum</span> <span class='ocrx_word' id='word_1_631' title='bbox 3080 4030 3162 4078; x_wconf 87' lang='lat' dir='ltr'>illo</span> <span class='ocrx_word' id='word_1_632' title='bbox 3201 4031 3307 4095; x_wconf 88' lang='lat' dir='ltr'>egit</span> 
     </span>
    </p>
   </div>
   <div class='ocr_carea' id='block_1_5' title="bbox 585 4098 3300 4310">
    <p class='ocr_par' dir='ltr' id='par_1_9' title="bbox 585 4098 3300 4310">
     <span class='ocr_line' id='line_1_51' title="bbox 585 4098 3299 4167; baseline 0.001 -20"><span class='ocrx_word' id='word_1_633' title='bbox 585 4115 669 4159; x_wconf 62' lang='grc' dir='ltr'>μιν</span> <span class='ocrx_word' id='word_1_634' title='bbox 709 4103 890 4147; x_wconf 50' lang='lat' dir='ltr'>utoni-1.</span> <span class='ocrx_word' id='word_1_635' title='bbox 970 4099 1118 4143; x_wconf 64' lang='lat' dir='ltr'>Filius</span> <span class='ocrx_word' id='word_1_636' title='bbox 1164 4109 1241 4146; x_wconf 88' lang='lat' dir='ltr'>est</span> <span class='ocrx_word' id='word_1_637' title='bbox 1276 4098 1447 4149; x_wconf 86' lang='lat' dir='ltr'>Lucae</span> <span class='ocrx_word' id='word_1_638' title='bbox 1485 4105 1538 4149; x_wconf 91' lang='lat' dir='ltr'>et</span> <span class='ocrx_word' id='word_1_639' title='bbox 1572 4115 1723 4163; x_wconf 90' lang='lat' dir='ltr'>nepos</span> <span class='ocrx_word' id='word_1_640' title='bbox 1760 4100 1993 4151; x_wconf 84' lang='lat' dir='ltr'>Andreae</span> <span class='ocrx_word' id='word_1_641' title='bbox 2032 4102 2288 4160; x_wconf 85' lang='lat' dir='ltr'>Osiandri,</span> <span class='ocrx_word' id='word_1_642' title='bbox 2339 4102 2676 4167; x_wconf 78' lang='lat' dir='ltr'>theologorum</span> <span class='ocrx_word' id='word_1_643' title='bbox 2713 4102 2839 4151; x_wconf 85' lang='lat' dir='ltr'>illius</span> <span class='ocrx_word' id='word_1_644' title='bbox 2875 4104 3107 4166; x_wconf 89' lang='lat' dir='ltr'>temporis</span> <span class='ocrx_word' id='word_1_645' title='bbox 3143 4103 3299 4151; x_wconf 79' lang='lat' dir='ltr'>notis-</span> 
     </span>
     <span class='ocr_line' id='line_1_52' title="bbox 585 4170 3300 4239; baseline 0.003 -24.132"><span class='ocrx_word' id='word_1_646' title='bbox 585 4187 685 4215; x_wconf 62' lang='lat' dir='ltr'>mr</span> <span class='ocrx_word' id='word_1_647' title='bbox 697 4187 841 4223; x_wconf 52' lang='grc' dir='ltr'><strong>ιιιιιιμ</strong></span> <span class='ocrx_word' id='word_1_648' title='bbox 886 4171 970 4231; x_wconf 56' lang='lat' dir='ltr'>ipsa</span> <span class='ocrx_word' id='word_1_649' title='bbox 962 4187 986 4215; x_wconf 84' lang='grc'>,-</span> <span class='ocrx_word' id='word_1_650' title='bbox 1026 4187 1118 4231; x_wconf 76' lang='lat' dir='ltr'>qu·</span> <span class='ocrx_word' id='word_1_651' title='bbox 1126 4183 1243 4231; x_wconf 59' lang='lat' dir='ltr'>.,1ue</span> <span class='ocrx_word' id='word_1_652' title='bbox 1292 4171 1422 4219; x_wconf 88' lang='lat' dir='ltr'>sicut</span> <span class='ocrx_word' id='word_1_653' title='bbox 1457 4172 1610 4220; x_wconf 79' lang='lat' dir='ltr'>frater</span> <span class='ocrx_word' id='word_1_654' title='bbox 1646 4177 1771 4220; x_wconf 87' lang='lat' dir='ltr'>natu</span> <span class='ocrx_word' id='word_1_655' title='bbox 1804 4175 1964 4233; x_wconf 77' lang='lat' dir='ltr'>major</span> <span class='ocrx_word' id='word_1_656' title='bbox 1998 4174 2307 4224; x_wconf 78' lang='lat' dir='ltr'>Andreas</span> <span class='ocrx_word' id='word_1_657' title='bbox 2347 4171 2476 4234; x_wconf 86' lang='lat' dir='ltr'>(nat.</span> <span class='ocrx_word' id='word_1_658' title='bbox 2517 4170 2698 4234; x_wconf 82' lang='lat'><strong>1562),</strong></span> <span class='ocrx_word' id='word_1_659' title='bbox 2738 4172 3086 4223; x_wconf 84' lang='lat' dir='ltr'>ecclesiasticis</span> <span class='ocrx_word' id='word_1_660' title='bbox 3120 4174 3300 4239; x_wconf 83' lang='lat' dir='ltr'>funge—</span> 
     </span>
     <span class='ocr_line' id='line_1_53' title="bbox 585 4209 3296 4310; baseline 0.002 -23"><span class='ocrx_word' id='word_1_661' title='bbox 585 4209 613 4287; x_wconf 72' lang='lat' dir='ltr'>i:</span> <span class='ocrx_word' id='word_1_662' title='bbox 621 4251 725 4287; x_wconf 70' lang='lat' dir='ltr'>:itur</span> <span class='ocrx_word' id='word_1_663' title='bbox 765 4259 910 4287; x_wconf 62' lang='lat' dir='ltr'>mam:</span> <span class='ocrx_word' id='word_1_664' title='bbox 886 4243 986 4287; x_wconf 56' lang='lat' dir='ltr'>vrit</span> <span class='ocrx_word' id='word_1_665' title='bbox 974 4255 1062 4291; x_wconf 52' lang='grc' dir='ltr'><strong>ιεὴιι</strong></span> <span class='ocrx_word' id='word_1_666' title='bbox 1102 4243 1181 4288; x_wconf 73' lang='lat' dir='ltr'>isse</span> <span class='ocrx_word' id='word_1_667' title='bbox 1217 4245 1322 4289; x_wconf 80' lang='lat' dir='ltr'>tum</span> <span class='ocrx_word' id='word_1_668' title='bbox 1360 4242 1591 4305; x_wconf 87' lang='lat' dir='ltr'>temporis</span> <span class='ocrx_word' id='word_1_669' title='bbox 1627 4251 1795 4306; x_wconf 89' lang='lat' dir='ltr'>pastor</span> <span class='ocrx_word' id='word_1_670' title='bbox 1821 4242 2288 4310; x_wconf 77' lang='lat' dir='ltr'>Schwiebertingae,</span> <span class='ocrx_word' id='word_1_671' title='bbox 2322 4244 2404 4294; x_wconf 87' lang='lat' dir='ltr'>hic</span> <span class='ocrx_word' id='word_1_672' title='bbox 2430 4246 2747 4294; x_wconf 88' lang='lat' dir='ltr'>concionator</span> <span class='ocrx_word' id='word_1_673' title='bbox 2773 4243 2920 4294; x_wconf 88' lang='lat' dir='ltr'>aulae</span> <span class='ocrx_word' id='word_1_674' title='bbox 2950 4242 3296 4309; x_wconf 81' lang='lat' dir='ltr'>Stuttgartiae.</span> 
     </span>
    </p>
   </div>
   <div class='ocr_carea' id='block_1_6' title="bbox 587 4311 3300 4442">
    <p class='ocr_par' dir='ltr' id='par_1_10' title="bbox 587 4311 3300 4433">
     <span class='ocr_line' id='line_1_54' title="bbox 587 4311 3300 4380; baseline 0.002 -21"><span class='ocrx_word' id='word_1_675' title='bbox 587 4315 677 4359; x_wconf 54' lang='lat' dir='ltr'>litt</span> <span class='ocrx_word' id='word_1_676' title='bbox 657 4327 797 4375; x_wconf 72' lang='lat' dir='ltr'>rqm</span> <span class='ocrx_word' id='word_1_677' title='bbox 841 4327 962 4359; x_wconf 67' lang='lat' dir='ltr'>[an-</span> <span class='ocrx_word' id='word_1_678' title='bbox 970 4311 1122 4359; x_wconf 58' lang='lat' dir='ltr'>illarii</span> <span class='ocrx_word' id='word_1_679' title='bbox 1162 4325 1360 4361; x_wconf 88' lang='lat' dir='ltr'>munere</span> <span class='ocrx_word' id='word_1_680' title='bbox 1404 4314 1737 4361; x_wconf 77' lang='lat' dir='ltr'>universitatis</span> <span class='ocrx_word' id='word_1_681' title='bbox 1774 4313 2102 4380; x_wconf 85' lang='lat' dir='ltr'>Tubingensis</span> <span class='ocrx_word' id='word_1_682' title='bbox 2152 4322 2410 4379; x_wconf 85' lang='lat' dir='ltr'>suscepto,</span> <span class='ocrx_word' id='word_1_683' title='bbox 2463 4316 2691 4365; x_wconf 81' lang='lat' dir='ltr'>Andreas</span> <span class='ocrx_word' id='word_1_684' title='bbox 2737 4329 2868 4366; x_wconf 80' lang='lat' dir='ltr'>anno</span> <span class='ocrx_word' id='word_1_685' title='bbox 2910 4311 3080 4377; x_wconf 81' lang='grc'><strong>1605,</strong></span> <span class='ocrx_word' id='word_1_686' title='bbox 3131 4315 3300 4365; x_wconf 88' lang='lat' dir='ltr'>Lucas</span> 
     </span>
     <span class='ocr_line' id='line_1_55' title="bbox 593 4379 1717 4442; baseline 0.004 -15"><span class='ocrx_word' id='word_1_687' title='bbox 593 4383 753 4431; x_wconf 62' lang='lat' dir='ltr'>ffissn.</span> <span class='ocrx_word' id='word_1_688' title='bbox 797 4387 922 4431; x_wconf 52' lang='lat' dir='ltr'>diem</span> <span class='ocrx_word' id='word_1_689' title='bbox 962 4383 1082 4427; x_wconf 60' lang='lat' dir='ltr'>ciiii:</span> <span class='ocrx_word' id='word_1_690' title='bbox 1120 4383 1196 4433; x_wconf 70' lang='lat' dir='ltr'>ille</span> <span class='ocrx_word' id='word_1_691' title='bbox 1238 4379 1405 4442; x_wconf 80' lang='grc'><strong>1617,</strong></span> <span class='ocrx_word' id='word_1_692' title='bbox 1441 4383 1523 4433; x_wconf 81' lang='lat' dir='ltr'>hic</span> <span class='ocrx_word' id='word_1_693' title='bbox 1564 4380 1717 4433; x_wconf 80' lang='grc'><strong>1638.</strong></span> 
     </span>
    </p>
   </div>
   <div class='ocr_carea' id='block_1_7' title="bbox 725 4539 3190 4615">
    <p class='ocr_par' dir='ltr' id='par_1_11' title="bbox 725 4539 3190 4615">
     <span class='ocr_line' id='line_1_56' title="bbox 725 4539 3190 4615; baseline 0.001 -25"><span class='ocrx_word' id='word_1_694' title='bbox 725 4539 1063 4603; x_wconf 81' lang='lat' dir='ltr'>Keplerus</span> <span class='ocrx_word' id='word_1_695' title='bbox 1099 4539 1166 4591; x_wconf 75' lang='lat' dir='ltr'>ad</span> <span class='ocrx_word' id='word_1_696' title='bbox 1200 4540 1370 4615; x_wconf 69' lang='lat' dir='ltr'>literas</span> <span class='ocrx_word' id='word_1_697' title='bbox 1404 4541 1660 4592; x_wconf 73' lang='lat' dir='ltr'>Maestlini</span> <span class='ocrx_word' id='word_1_698' title='bbox 1694 4544 1988 4607; x_wconf 86' lang='lat' dir='ltr'>posteriores</span> <span class='ocrx_word' id='word_1_699' title='bbox 2023 4544 2149 4594; x_wconf 85' lang='lat' dir='ltr'>baec</span> <span class='ocrx_word' id='word_1_700' title='bbox 2184 4546 2436 4610; x_wconf 88' lang='lat' dir='ltr'>respondit</span> <span class='ocrx_word' id='word_1_701' title='bbox 2472 4542 2544 4607; x_wconf 78' lang='lat' dir='ltr'>(d.</span> <span class='ocrx_word' id='word_1_702' title='bbox 2585 4546 2773 4605; x_wconf 80' lang='lat' dir='ltr'>Gratio,</span> <span class='ocrx_word' id='word_1_703' title='bbox 2813 4544 2952 4610; x_wconf 74' lang='lat' dir='ltr'>Sept.</span> <span class='ocrx_word' id='word_1_704' title='bbox 2996 4541 3190 4605; x_wconf 76' lang='lat'><strong>1597):</strong></span> 
     </span>
    </p>
   </div>
   <div class='ocr_carea' id='block_1_8' title="bbox 583 4643 3295 5001">
    <p class='ocr_par' dir='ltr' id='par_1_12' title="bbox 583 4643 3295 5001">
     <span class='ocr_line' id='line_1_57' title="bbox 761 4643 3293 4732; baseline 0.002 -24"><span class='ocrx_word' id='word_1_705' title='bbox 761 4643 922 4717; x_wconf 84' lang='lat' dir='ltr'>Quid</span> <span class='ocrx_word' id='word_1_706' title='bbox 969 4647 1041 4709; x_wconf 91' lang='lat' dir='ltr'>de</span> <span class='ocrx_word' id='word_1_707' title='bbox 1088 4646 1312 4710; x_wconf 86' lang='lat' dir='ltr'>infelici</span> <span class='ocrx_word' id='word_1_708' title='bbox 1357 4649 1463 4711; x_wconf 90' lang='lat' dir='ltr'>illo</span> <span class='ocrx_word' id='word_1_709' title='bbox 1503 4667 1680 4729; x_wconf 88' lang='lat' dir='ltr'>opere</span> <span class='ocrx_word' id='word_1_710' title='bbox 1729 4659 2046 4730; x_wconf 85' lang='lat' dir='ltr'>argente0‚</span> <span class='ocrx_word' id='word_1_711' title='bbox 2095 4651 2208 4715; x_wconf 90' lang='lat' dir='ltr'>hoc</span> <span class='ocrx_word' id='word_1_712' title='bbox 2257 4660 2354 4713; x_wconf 86' lang='lat' dir='ltr'>est</span> <span class='ocrx_word' id='word_1_713' title='bbox 2398 4652 2473 4711; x_wconf 92' lang='lat' dir='ltr'>de</span> <span class='ocrx_word' id='word_1_714' title='bbox 2510 4670 2603 4712; x_wconf 91' lang='lat' dir='ltr'>me</span> <span class='ocrx_word' id='word_1_715' title='bbox 2642 4652 2810 4732; x_wconf 89' lang='lat' dir='ltr'>ips0‚</span> <span class='ocrx_word' id='word_1_716' title='bbox 2858 4660 3153 4715; x_wconf 84' lang='lat' dir='ltr'>statutum</span> <span class='ocrx_word' id='word_1_717' title='bbox 3193 4652 3293 4727; x_wconf 85' lang='lat' dir='ltr'>sit,</span> 
     </span>
     <span class='ocr_line' id='line_1_58' title="bbox 587 4734 3295 4822; baseline 0.001 -25"><span class='ocrx_word' id='word_1_718' title='bbox 587 4734 766 4797; x_wconf 80' lang='lat' dir='ltr'>anxie</span> <span class='ocrx_word' id='word_1_719' title='bbox 827 4744 1079 4815; x_wconf 87' lang='lat' dir='ltr'>expecto</span> <span class='ocrx_word' id='word_1_720' title='bbox 1145 4737 1373 4799; x_wconf 85' lang='lat' dir='ltr'>audire.</span> <span class='ocrx_word' id='word_1_721' title='bbox 1443 4740 1684 4809; x_wconf 10' lang='lat' dir='ltr'>..Adhuc</span> <span class='ocrx_word' id='word_1_722' title='bbox 1743 4738 1798 4800; x_wconf 89' lang='lat' dir='ltr'>in</span> <span class='ocrx_word' id='word_1_723' title='bbox 1839 4759 1975 4802; x_wconf 88' lang='lat' dir='ltr'>eam</span> <span class='ocrx_word' id='word_1_724' title='bbox 2031 4740 2250 4801; x_wconf 89' lang='lat' dir='ltr'>inclino</span> <span class='ocrx_word' id='word_1_725' title='bbox 2307 4740 2697 4815; x_wconf 86' lang='lat' dir='ltr'>sententiam,</span> <span class='ocrx_word' id='word_1_726' title='bbox 2759 4748 2827 4802; x_wconf 88' lang='lat' dir='ltr'>ut</span> <span class='ocrx_word' id='word_1_727' title='bbox 2863 4750 2969 4802; x_wconf 88' lang='lat' dir='ltr'>aut</span> <span class='ocrx_word' id='word_1_728' title='bbox 3034 4741 3295 4822; x_wconf 75' lang='lat' dir='ltr'>sphaera</span> 
     </span>
     <span class='ocr_line' id='line_1_59' title="bbox 583 4823 3293 4909; baseline 0.003 -26"><span class='ocrx_word' id='word_1_729' title='bbox 583 4823 694 4884; x_wconf 82' lang='lat' dir='ltr'>fiat</span> <span class='ocrx_word' id='word_1_730' title='bbox 742 4824 1091 4905; x_wconf 83' lang='lat' dir='ltr'>„antiquum</span> <span class='ocrx_word' id='word_1_731' title='bbox 1136 4827 1386 4888; x_wconf 88' lang='lat' dir='ltr'>confusa</span> <span class='ocrx_word' id='word_1_732' title='bbox 1432 4828 1688 4903; x_wconf 85' lang='lat' dir='ltr'>chaos,“</span> <span class='ocrx_word' id='word_1_733' title='bbox 1741 4838 1804 4891; x_wconf 87' lang='lat' dir='ltr'>et</span> <span class='ocrx_word' id='word_1_734' title='bbox 1849 4830 2012 4891; x_wconf 89' lang='lat' dir='ltr'>omni</span> <span class='ocrx_word' id='word_1_735' title='bbox 2058 4836 2278 4891; x_wconf 86' lang='lat' dir='ltr'>conatu</span> <span class='ocrx_word' id='word_1_736' title='bbox 2323 4829 2604 4897; x_wconf 81' lang='lat' dir='ltr'>ulteriore</span> <span class='ocrx_word' id='word_1_737' title='bbox 2644 4831 3139 4909; x_wconf 80' lang='lat' dir='ltr'>supersedeatur3</span> <span class='ocrx_word' id='word_1_738' title='bbox 3189 4838 3293 4891; x_wconf 84' lang='lat' dir='ltr'>aut</span> 
     </span>
     <span class='ocr_line' id='line_1_60' title="bbox 583 4912 3290 5001; baseline 0.003 -27"><span class='ocrx_word' id='word_1_739' title='bbox 583 4919 926 4994; x_wconf 83' lang='lat' dir='ltr'>argentum,</span> <span class='ocrx_word' id='word_1_740' title='bbox 976 4912 1133 4993; x_wconf 82' lang='lat' dir='ltr'>qnod</span> <span class='ocrx_word' id='word_1_741' title='bbox 1169 4913 1301 4991; x_wconf 81' lang='lat' dir='ltr'>jam</span> <span class='ocrx_word' id='word_1_742' title='bbox 1346 4925 1658 4994; x_wconf 85' lang='lat' dir='ltr'>erogatum</span> <span class='ocrx_word' id='word_1_743' title='bbox 1703 4925 1828 4992; x_wconf 83' lang='lat' dir='ltr'>est,</span> <span class='ocrx_word' id='word_1_744' title='bbox 1878 4925 2163 4999; x_wconf 85' lang='lat' dir='ltr'>quantum</span> <span class='ocrx_word' id='word_1_745' title='bbox 2199 4917 2442 4998; x_wconf 88' lang='lat' dir='ltr'>quidem</span> <span class='ocrx_word' id='word_1_746' title='bbox 2488 4918 2616 4999; x_wconf 81' lang='lat' dir='ltr'>ejus</span> <span class='ocrx_word' id='word_1_747' title='bbox 2663 4919 2724 4979; x_wconf 88' lang='lat' dir='ltr'>in</span> <span class='ocrx_word' id='word_1_748' title='bbox 2761 4938 2966 4981; x_wconf 86' lang='lat' dir='ltr'>massa</span> <span class='ocrx_word' id='word_1_749' title='bbox 2993 4928 3290 5001; x_wconf 79' lang='lat' dir='ltr'>superest,</span> 
     </span>
    </p>
   </div>
  </div>
 </body>
</html>
