3609 5634
272 331 316 405 so
358 274 362 279 ’
867 328 1030 395 nome..

188 524 196 533 ·
272 500 413 582 generale
436 505 521 561 esset
543 498 707 573 decretum,
729 497 869 579 princepe
893 498 1025 560 officium
1048 515 1146 560 meum
1169 496 1304 561 neutrale
1323 515 1391 559 esse
1405 503 1554 560 exeuntum
1569 496 1631 558 de·

273 591 413 665 clareret,
437 607 474 650 ne
489 588 544 650 illo
558 587 678 649 decreto
693 587 811 650 veniam
826 587 855 650 io
877 587 1054 669 periculum,
1079 587 1105 648 si
1115 605 1216 650 morer
1234 588 1264 649 in
1279 586 1441 666 provincia.
1485 587 1630 667 Respon-

270 696 336 741 sum
359 685 407 740 est
430 678 478 740 bis
501 676 617 739 verbis:
643 677 714 751 „lhr
728 676 852 740 Durchl.
868 678 978 739 vollen
998 697 1070 739 ausa
1093 677 1232 739 soudern·
1245 676 1363 757 gnadeu
1385 676 1544 755 vervilligt
1567 676 1629 737 ha-

205 840 209 849 ,
271 768 349 844 ben,
387 768 459 830 dass
483 764 663 847 Supplicant
685 766 847 845 Ungeacht
871 766 926 828 der
949 766 1071 847 general
1102 765 1314 846 ausschaduug
1341 775 1399 827 etc.
1425 766 1501 827 noch
1526 767 1632 846 leuger

273 857 363 920 allbie
386 856 557 919 verbleiben
582 864 679 935 mbge.
727 856 812 917 Doch
836 856 894 917 soll
919 875 951 918 er
974 855 1037 918 sich
1053 855 1257 917 allenthalben
1276 855 1627 934 gebdrlicherliesehai-

272 946 395 1009 denheit
425 944 612 1027 gebraucheu
646 945 707 1007 und
737 944 802 1006 sich
835 945 901 1007 also
934 945 1170 1007 Voverueislich
1201 943 1372 1021 vernalten,
1406 944 1502 1007 damit
1523 946 1563 1007 lr.
1585 944 1628 1006 D.

273 1036 395 1111 solliclre
418 1034 498 1116 guad
521 1034 612 1096 wider
635 1034 820 1097 anizuheben
844 1036 888 1097 uit
913 1034 1088 1097 verursacht
1107 1033 1236 1097 werde.“
1273 1033 1391 1096 Dicitur
1408 1034 1547 1114 princeps
1570 1035 1629 1095 de·
1716 1052 1722 1061 ’

273 1124 381 1188 lectari
402 1124 478 1187 meis
501 1123 731 1199 inventionibus,
757 1135 789 1185 et
809 1124 970 1186 Mauechio
994 1124 1114 1204 quidam
1137 1123 1325 1186 consiliarius
1344 1122 1423 1185 solet
1437 1124 1475 1185 ad
1489 1142 1535 1185 me
1550 1122 1631 1185 scri-

271 1216 353 1285 bere,
378 1214 456 1275 unde
481 1213 633 1275 faventem
656 1212 753 1273 habeo
778 1213 887 1277 aulam.
936 1211 1017 1285 Quid
1040 1213 1159 1274 autem?
1182 1211 1371 1275 Maneboue?
1403 1212 1447 1275 At
1470 1231 1507 1274 ex
1529 1211 1630 1274 omni·

272 1304 328 1367 bus
351 1303 447 1366 tribus
470 1301 633 1384 provinciis
661 1302 761 1363 exacti
790 1302 920 1365 ministri
948 1301 1070 1382 publici.
1116 1301 1232 1365 Latent
1262 1302 1330 1364 hinc
1364 1301 1430 1363 iude
1458 1302 1567 1383 privati
1597 1301 1629 1363 in

272 1392 401 1457 arcibus.
448 1391 493 1454 At
516 1391 542 1454 si
565 1391 632 1472 quis
655 1390 713 1453 civi
736 1391 879 1472 principis
902 1391 1034 1454 venienti
1056 1391 1172 1471 petenti
1195 1391 1322 1472 porrigit
1344 1399 1573 1459 sacramentum.
1597 1398 1629 1449 et

273 1483 338 1564 ipse
361 1481 493 1562 pellitur.
540 1479 665 1543 Civibus
690 1480 840 1561 imperata
863 1478 916 1545 26.
941 1482 1019 1545 Nov.
1044 1481 1187 1560 parochia
1210 1481 1301 1555 urbis,
1327 1482 1630 1561 aquapetantbap-

272 1573 404 1646 tismum,
429 1569 655 1631 benedictiones
678 1570 884 1649 conjugiomm
910 1570 988 1645 „ond
1013 1570 1123 1631 audere
1148 1569 1338 1649 dergleichen
1353 1570 1498 1633 beilsame
1513 1569 1629 1632 Sacra-

272 1668 372 1724 mente
394 1660 453 1721 und
470 1657 948 1739 Gottesdieustbesuechungen“.
983 1659 1035 1721 lbo
1059 1658 1172 1738 igitur?
1207 1660 1253 1721 At
1275 1678 1351 1723 uxor
1373 1659 1518 1721 adhaeret
1540 1658 1630 1721 bonis

275 1750 338 1813 suis
362 1759 394 1812 et
417 1748 482 1829 spei
505 1748 648 1810 bonorum
667 1746 839 1828 patriorum.
875 1749 1026 1811 Videntur
1049 1748 1148 1810 omnia
1170 1749 1345 1824 deserenda,
1371 1758 1460 1828 atque
1483 1749 1550 1829 ipsa
1572 1747 1631 1809 ad·

276 1858 312 1901 eo
334 1838 475 1919 privigna
492 1857 561 1900 mea
584 1834 605 1901 8
629 1856 781 1913 annorum,
805 1838 895 1918 paulo
908 1847 980 1918 post
993 1838 1119 1919 papatui
1133 1837 1288 1914 initianda,
1313 1838 1339 1900 si
1355 1848 1482 1901 matrem
1497 1839 1630 1900 amittet.

223 1965 229 1985 .
273 1929 349 1992 Tum
373 1926 440 2008 quis
464 1927 530 2000 scit,
556 1926 606 2008 qui
629 1935 730 1989 status
752 1945 808 1989 voe
832 1927 873 1989 sit
894 1929 1059 2007 posthaec
1082 1937 1271 2009 excepturus.
1309 1928 1458 1991 Matumit
1480 1928 1633 1990 vindemia

274 2018 336 2081 irae
361 2017 418 2080 Dei
441 2016 533 2079 etiam
557 2017 638 2096 apud
659 2035 725 2078 vos.
773 2017 1007 2080 Tumultuautur
1029 2016 1138 2080 omnia.
1187 2018 1305 2097 ltaque,
1329 2018 1408 2098 quod
1431 2017 1631 2098 jampridem

274 2125 351 2188 ago,
385 2108 474 2186 ager’e
497 2123 633 2187 pergam.
680 2105 785 2186 Neque
808 2105 1061 2187 wirtembergico
1086 2106 1279 2185 supplicabo,
1312 2106 1486 2187 priusquam
1508 2102 1629 2187 penitus

277 2196 427 2269 extrudar,
452 2212 547 2273 neque
571 2194 597 2257 si
620 2213 679 2276 qua
702 2192 882 2257 Stoccardia
905 2196 977 2258 mihi
1000 2195 1135 2258 imminet
1158 2195 1286 2271 vocatio,
1312 2196 1472 2277 impediam
1495 2203 1548 2258 aut
1570 2195 1628 2256 im-

275 2286 409 2366 peditem
433 2284 555 2364 optabo.
601 2284 681 2347 Nam
705 2283 730 2345 si
753 2283 825 2346 talis
849 2303 943 2348 causa
965 2284 1112 2366 horologii
1136 2284 1255 2347 vocatio
1274 2286 1401 2359 venerit,
1425 2303 1543 2365 semper
1558 2283 1630 2347 mibi

277 2375 335 2437 erit
357 2375 516 2454 integrum,
542 2372 708 2435 deliberare
732 2373 769 2435 de
793 2374 1004 2455 amplectenda
1026 2385 1079 2437 aut
1102 2373 1282 2437 declinanda
1304 2375 1366 2437 illa.
1413 2374 1483 2438 Nisi
1501 2374 1582 2436 aliud
1597 2382 1631 2436 tu

276 2470 309 2526 et
323 2461 466 2544 Collegae
490 2471 522 2524 et
536 2461 574 2524 D.
590 2462 795 2525 Halereffems
821 2464 997 2537 consulatis,
1023 2482 1145 2545 quorum
1168 2463 1296 2525 omnium
1319 2463 1445 2526 consilia
1467 2463 1528 2526 etsi
1543 2464 1632 2531 loeda

275 2552 332 2615 hac
354 2571 444 2615 manu
466 2559 498 2613 et
511 2550 629 2632 pictura
644 2551 763 2627 literae,
787 2571 824 2614 ex
843 2553 941 2615 animo
956 2562 1056 2615 tamen
1073 2562 1104 2615 et
1118 2571 1185 2615 cum
1199 2552 1303 2615 debita
1317 2553 1487 2616 reverentia
1501 2560 1630 2633 expeto:

274 2648 449 2723 praestetue
482 2659 528 2702 me
560 2640 608 2703 bic
642 2658 731 2719 agere
761 2641 1024 2720 mathematicum,
1059 2643 1175 2723 qualem
1199 2642 1300 2725 'lycbo
1330 2642 1461 2715 (ratione
1492 2642 1548 2704 loci
1572 2658 1631 2703 uou

276 2730 467 2804 eruditionis)
489 2729 517 2790 in
532 2730 641 2803 Dania,
667 2729 835 2793 solitarium
858 2751 903 2794 sc.
928 2751 984 2793 uec
1007 2732 1065 2794 nisi
1080 2730 1201 2810 scriptis
1216 2732 1288 2795 olim
1303 2732 1481 2813 loquentem,
1507 2750 1545 2792 au
1560 2748 1631 2792 vero

276 2820 384 2882 venari
402 2819 575 2881 occasiones
600 2818 738 2901 loquendi
768 2820 804 2881 de
838 2821 984 2883 cathedra
1011 2821 1041 2882 in
1071 2821 1171 2901 aliqua
1198 2821 1275 2883 forte
1309 2821 1488 2883 academia?
1533 2818 1650 2891 Quam'

277 2909 481 2992 quaestionem
519 2908 585 2973 loco
619 2908 828 2989 valedictionis
857 2918 889 2972 et
917 2910 1069 2973 oliiciosae
1102 2908 1293 2973 salutationis
1321 2909 1458 2972 omuibus
1486 2927 1632 2990 propono.

278 2999 407 3075 Valete,
429 3004 485 3079 prd
507 2998 594 3059 nobis
617 3005 711 3059 orate.
758 2993 789 3060 9.
813 2998 937 3062 Decem.
984 3008 1064 3063 stu.
1090 2996 1142 3065 98.

554 3086 612 3149 Ex.
636 3088 671 3149 T.
717 3086 817 3150 Notus
1246 3086 1292 3150 M.
1316 3085 1451 3170 Kepier.

1055 3177 1216 3239 Procerum
1241 3175 1363 3258 styriae
1386 3176 1631 3240 Mathematicus.

303 3350 307 3355 “
348 3351 518 3417 Keplerus,
538 3358 567 3401 ut
584 3349 799 3415 supraltssstliuo
817 3353 957 3417 scripserat,
977 3353 1124 3405 Galilaea
1142 3351 1303 3405 Prodromum
1321 3368 1392 3406 suum
1408 3351 1540 3404 Patavium
1556 3354 1633 3412 misit,

278 3425 319 3492 qul
338 3425 432 3491 gratiss
450 3425 503 3489 egit
521 3438 565 3487 pro
582 3423 740 3474 munerabis
758 3424 853 3475 verbis:

348 3529 449 3581 Librum
466 3535 551 3585 tuum,
570 3529 709 3581 doctissime
727 3531 777 3592 sir,
798 3546 815 3581 a
831 3529 860 3581 Ρ.
880 3532 1030 3597 Ambergero
1049 3531 1082 3582 ad
1099 3546 1139 3582 me
1157 3533 1258 3583 missum
1276 3532 1380 3596 aeeopl,
1398 3546 1448 3582 nou
1465 3529 1564 3594 quidem
1582 3529 1634 3580 dis·

168 3604 171 3609 ’
278 3604 333 3659 bus,
351 3602 396 3653 sed
413 3602 499 3666 paucis
517 3601 606 3655 abbine
623 3600 703 3659 horis:
724 3615 827 3668 cumque
845 3602 911 3653 idem
923 3602 1016 3653 Paulus
1034 3603 1065 3654 de
1083 3617 1128 3653 suo
1145 3605 1226 3655 reditu
1243 3605 1270 3656 iu
1280 3604 1438 3655 Germaniam
1450 3616 1547 3652 mecum
1559 3602 1634 3652 verba

279 3675 389 3731 isserat,
407 3674 499 3738 ingrati
516 3674 624 3737 prolecto
644 3674 718 3723 auimi
736 3674 846 3724 loturum
864 3689 918 3724 esse
936 3675 1085 3731 existimavi,
1110 3676 1159 3725 uisi
1175 3676 1244 3726 hisee
1262 3676 1338 3725 literis
1357 3675 1401 3724 tibi
1420 3674 1450 3725 de
1468 3687 1569 3723 mouere
1588 3687 1633 3723 aa·

283 3751 353 3809 cepto
372 3745 466 3809 gratias
485 3758 593 3809 agerem.
631 3746 684 3809 Ago
702 3746 778 3811 igitur
795 3753 821 3796 et
838 3760 921 3796 rursus
939 3761 1014 3811 quam
1031 3748 1152 3815 maximas
1171 3762 1228 3813 ago,
1247 3747 1312 3812 quod
1329 3761 1369 3796 me
1387 3746 1433 3795 teli
1451 3750 1594 3810 arpomsnto
1608 3745 1634 3793 iu

282 3824 352 3866 tuam
370 3816 505 3866 amicitiam
523 3829 657 3865 convocare
674 3817 707 3865 sia
726 3816 850 3881 diguatus.
887 3816 924 3866 lix
942 3817 1002 3867 libro
1020 3819 1056 3868 nil
1075 3818 1156 3869 adhue
1174 3819 1239 3877 vidi,
1257 3820 1305 3868 nial
1323 3818 1516 3882 praelationem,
1536 3829 1566 3864 ex
1584 3828 1634 3878 qus

282 3893 367 3937 tamen
385 3887 626 3951 quantulumcunque
643 3894 713 3937 tunm
730 3891 827 3952 percepi
845 3890 1024 3947 intentionem,
1044 3896 1071 3940 et
1088 3892 1196 3954 prolecto
1214 3905 1367 3954 summepere
1385 3887 1511 3955 gratulor.
1536 3893 1635 3937 tautum

283 3973 324 4009 me
345 3959 371 4008 iu
392 3959 536 4024 indaganda
558 3960 661 4011 veritate
685 3962 778 4009 socium
796 3959 887 4011 babere
906 3961 1017 4026 adeoque
1035 3963 1111 4027 ipsius
1128 3965 1239 4013 veritatis
1258 3963 1372 4013 amicam.
1409 3959 1549 4010 Miserabile
1568 3958 1634 4008 enim

284 4036 335 4088 est,
354 4031 417 4081 adeo
435 4044 502 4080 raros
521 4044 575 4080 esse
593 4032 703 4081 veritath
721 4031 858 4091 studiosos,
879 4039 905 4081 et
922 4034 964 4098 qui
981 4050 1032 4084 uon
1049 4049 1189 4099 perversam
1207 4032 1393 4099 philosophandi
1411 4032 1533 4082 rationem
1551 4044 1633 4095 prose·

284 4108 406 4166 quantur:
425 4107 453 4150 st
470 4103 528 4165 quia
545 4117 594 4151 non
612 4101 756 4166 deplorandi
773 4105 850 4154 nostri
869 4105 946 4155 seculi
962 4105 1073 4156 miserias
1091 4106 1131 4156 hio
1147 4106 1215 4156 locus
1228 4114 1275 4163 est,
1294 4106 1337 4155 sed
1350 4112 1433 4154 tecum
1446 4100 1634 4168 congratulandi

285 4174 316 4224 de
333 4172 499 4239 pulcherrimis
516 4174 541 4222 in
559 4174 669 4224 renitens
688 4173 896 4226 confirmationem
915 4179 1038 4228 inventis:
1065 4176 1120 4227 ideo
1143 4176 1190 4228 boe
1212 4184 1311 4228 tantum
1334 4176 1425 4226 eddam
1448 4180 1475 4225 et
1490 4172 1631 4239 pollicebor,

284 4259 324 4295 me
343 4258 421 4310 aequo
440 4244 521 4294 animo
539 4245 626 4295 librom
644 4251 714 4294 tuum
731 4246 894 4309 perlectorum
913 4263 976 4310 esse,
994 4263 1050 4299 cum
1068 4256 1150 4299 certus
1167 4251 1221 4307 sim.
1239 4264 1280 4299 me
1297 4247 1460 4312 pulcherrima
1476 4247 1501 4295 in
1514 4247 1567 4309 ipso
1580 4256 1634 4295 esse

285 4322 444 4380 reperturum.
480 4315 510 4365 ld
528 4323 612 4366 autem
630 4332 659 4367 eo
677 4315 791 4368 libentius
809 4319 911 4376 faciam,
929 4321 994 4384 quod
1011 4322 1037 4371 iu
1050 4319 1180 4384 Coporuici
1191 4322 1340 4375 sententiam
1352 4319 1435 4369 multia
1453 4317 1543 4368 abbino
1562 4316 1634 4366 annis

286 4390 407 4444 sensnm,
433 4401 463 4437 ac
481 4401 511 4437 ex
529 4387 574 4438 tali
591 4388 711 4453 positione
728 4391 859 4439 multorum
877 4393 954 4441 etiam
971 4392 1121 4443 naturalium
1140 4392 1274 4442 affectuum
1293 4405 1385 4442 causae
1404 4393 1454 4439 sint
1472 4404 1489 4439 a
1505 4403 1545 4438 me
1563 4387 1632 4455 adiu-

287 4465 389 4519 ventae,
418 4471 484 4523 quae
500 4458 572 4509 dubio
589 4459 673 4524 procul
690 4475 734 4524 per
752 4476 904 4511 communem
923 4463 1069 4527 hypothesin
1088 4463 1270 4528 inexplicabiles
1289 4469 1353 4513 suut.
1391 4460 1484 4511 Multas
1504 4458 1635 4522 conscripsi

288 4531 438 4581 strutiones
456 4534 482 4580 et
495 4537 691 4597 argumentorum
708 4532 735 4581 in
754 4533 901 4583 contrarium
920 4535 1065 4592 eversiones,
1084 4549 1146 4599 quas
1163 4541 1248 4585 tameu
1263 4537 1289 4585 iu
1301 4535 1381 4584 lucem
1393 4533 1517 4596 hueusque
1529 4529 1636 4595 proferre

287 4614 338 4648 uon
354 4615 408 4650 sum
426 4614 519 4660 ausus,
541 4603 640 4653 iornrua
657 4605 733 4668 ipsius
752 4603 878 4669 Copernici
896 4608 1062 4671 praeceptoris
1080 4608 1157 4656 nerui
1174 4608 1333 4671 perterritus:
1363 4607 1403 4669 qui
1426 4605 1484 4654 lieet
1506 4604 1551 4652 sibi
1570 4600 1636 4667 apud

289 4671 382 4735 aliquos
394 4673 554 4724 immortalem
566 4675 658 4725 laruam
670 4677 802 4740 paraverit,
821 4677 887 4740 apud
903 4677 1010 4728 infinitos
1028 4686 1112 4728 tamen
1131 4676 1227 4739 (tantus
1240 4679 1305 4728 euim
1318 4685 1356 4728 est
1367 4677 1494 4727 stultorum
1507 4668 1634 4735 uumerus)

288 4743 404 4809 ridendus
421 4751 448 4793 et
465 4745 628 4808 explodendos
646 4747 743 4812 prodiit.
781 4749 904 4799 Auderem
930 4750 1039 4813 prolecto
1064 4764 1133 4799 mess
1159 4750 1320 4813 cogitationes
1346 4754 1472 4813 promere,
1500 4747 1521 4796 si
1546 4746 1635 4810 plures.

291 4812 370 4878 qualis
387 4819 416 4865 tn
431 4828 466 4876 es,
486 4823 612 4874 extareut3
632 4825 659 4868 at
676 4833 731 4868 eum
748 4834 799 4868 uon
817 4820 879 4877 sint,
897 4820 1035 4882 hujusmodi
1053 4821 1152 4885 negotio
1171 4819 1340 4884 supersedebo.
1377 4819 1501 4882 Temporis
1520 4817 1637 4883 angustis

292 4890 318 4942 st
334 4884 415 4941 studio
432 4885 518 4945 librom
534 4893 604 4939 tuum
621 4888 719 4957 legendi
736 4904 817 4945 vexor.
837 4905 913 4959 quare
930 4892 988 4943 buis
1005 4891 1080 4940 lineus
1097 4893 1224 4960 imponens
1241 4892 1278 4941 tui
1295 4906 1335 4941 me
1354 4890 1547 4942 amantissimum
1560 4896 1634 4957 etque
1727 4920 1732 4931 ·
