3609 5634
275 363 342 433 256
589 415 591 422 -
824 366 948 433 ΛΡΜ*
965 365 1088 430 syenem

277 536 396 591 stantes
424 547 444 588 a
470 525 549 608 polis
578 525 684 605 hujus,
719 532 863 604 qnantum
896 502 1060 606 quantitati
1092 525 1364 606 retrogradationis
1392 523 1513 597 suflicit,
1548 481 1642 600 snper

278 617 383 699 quibus
407 615 487 678 orbis
510 614 558 678 hic
570 613 706 675 interior
728 614 758 674 in
782 613 965 676 contrarium
988 615 1147 676 exterioris
1162 615 1281 695 aequali
1295 621 1431 693 tempore
1445 611 1638 674 restituatur.

154 697 157 702 ‘
276 710 322 770 At
344 707 401 768 hoc
423 713 513 786 pacto
540 704 672 785 planeta
687 721 807 784 semper
835 703 865 764 in
896 704 1038 784 ecliptica
1067 711 1121 765 aut
1143 721 1261 784 semper
1283 701 1454 783 inaequali
1477 699 1640 762 latitudine

277 803 365 858 extra
389 793 559 874 eclipticam
580 800 693 867 manet,
718 800 801 854 motu
825 791 994 854 librationis
1018 792 1062 854 cis
1086 800 1119 853 et
1141 793 1223 854 ultra
1246 791 1350 855 Solem
1373 809 1551 862 excurrens,
1585 795 1640 848 aut

280 883 311 946 si
343 883 433 946 fuerit
461 882 620 962 inaequale
650 888 770 962 tempus
797 881 1036 957 restitutionum,
1066 882 1119 943 liet
1144 890 1179 943 ut
1202 882 1274 944 olim
1301 883 1427 961 planeta
1449 877 1639 941 latitudinem

276 972 391 1035 habeat
412 971 569 1052 aequalem
592 969 857 1050 retrogradationi.
903 970 946 1032 Et
967 977 1002 1032 ut
1024 971 1139 1045 demus,
1163 971 1333 1051 neglectam
1356 969 1394 1032 ab
1412 967 1539 1029 Eudoxo
1563 965 1638 1027 lati·

278 1062 411 1124 tudinem
438 1061 646 1141 planetamm,
678 1078 737 1122 non
765 1067 866 1122 tamen
895 1066 945 1121 est
972 1058 1148 1135 verisimile,
1181 1078 1266 1121 usum
1297 1079 1365 1122 esse
1387 1056 1546 1119 Eudoxum
1574 1063 1639 1115 tam

276 1151 434 1214 recondita
464 1151 561 1212 forma
582 1148 787 1230 hypotheseos
811 1148 850 1210 ad
873 1148 1165 1228 retrogradationeru
1193 1149 1392 1211 efficiendam:
1422 1164 1488 1208 cum
1511 1142 1640 1226 epicycli

277 1247 440 1320 conceptus
459 1257 527 1300 sese
556 1238 654 1318 ipsum
678 1237 764 1319 qnasi
787 1239 895 1301 offerat
911 1238 990 1299 ultro
1005 1236 1296 1316 retrogradationem
1314 1233 1528 1309 consideranti,
1554 1241 1586 1295 et
1608 1232 1638 1292 in

278 1327 505 1410 disciplinarum
534 1327 750 1390 constitutione
769 1325 993 1406 simplicissima
1015 1333 1047 1388 et
1076 1326 1220 1389 facillima
1243 1346 1377 1408 quaeque
1405 1324 1502 1405 primo
1526 1340 1638 1402 sequa-

278 1433 358 1491 mur,
396 1417 614 1479 uecessitatem
647 1416 870 1496 perpendentes
909 1433 966 1477 non
996 1414 1161 1495 ingenium,
1195 1424 1229 1477 ut
1254 1417 1484 1478 lhacastoreus.
1531 1412 1638 1490 Neque

280 1513 399 1569 tantum
420 1504 585 1568 consimile
613 1524 673 1567 non
696 1513 754 1581 est,
779 1505 832 1568 sed
851 1504 943 1584 plane
957 1512 1063 1566 contra
1081 1523 1198 1566 omnem
1216 1506 1374 1580 rationem,
1397 1503 1525 1567 Eudoxo
1539 1501 1637 1561 visum

278 1615 347 1658 esse
370 1595 449 1658 hunc
472 1593 743 1674 retrogradationis
769 1601 882 1656 motum
906 1592 935 1654 in
960 1593 1149 1656 comentrico
1172 1594 1234 1656 fieri
1262 1603 1345 1656 motu
1370 1589 1557 1664 librationis,
1591 1588 1639 1649 ita

280 1693 314 1747 ut
337 1685 464 1746 eandem
492 1684 630 1745 aTerra
652 1682 829 1745 distantiam
856 1682 982 1762 planeta
1009 1691 1183 1745 conservet:
1217 1702 1283 1745 cnm
1314 1682 1406 1744 etiam
1429 1679 1512 1760 vulgi
1535 1678 1638 1740 oculos

278 1771 469 1854 perstringat
490 1772 602 1834 Martis
626 1773 798 1855 acronycbii
821 1772 928 1850 ingens
948 1771 1133 1849 magnitudo,
1158 1772 1207 1852 qui
1227 1773 1293 1852 jam
1316 1772 1355 1833 ad
1369 1770 1472 1834 Solem
1491 1767 1639 1830 accedens

282 1882 302 1923 a
326 1860 437 1924 tertiae
463 1860 678 1940 magnitudinis
701 1862 800 1923 stellis
823 1868 991 1940 superatur,
1017 1879 1055 1921 ex
1078 1879 1136 1939 quo
1159 1862 1322 1923 manifesta
1344 1869 1394 1922 est
1416 1861 1480 1940 ejus
1503 1879 1523 1918 a
1543 1856 1640 1917 Terra

278 1949 487 2013 diversissima
510 1950 649 2030 utrinque
673 1949 831 2012 distantia.
877 1947 978 2020 Quam
1002 1949 1191 2011 librationem
1220 1951 1247 2011 si
1270 1950 1363 2011 etiarn
1387 1947 1549 2010 statuisset
1574 1945 1639 2005 Eu-

282 2039 392 2114 doxus,
423 2038 532 2101 inisset
555 2059 575 2100 a
602 2036 730 2122 Calippo
760 2039 975 2119 reprehensus,
1006 2045 1038 2100 et
1064 2037 1189 2118 proinde
1214 2039 1330 2101 orbium
1352 2037 1469 2100 Eudoxi
1499 2051 1638 2097 numerus

283 2136 315 2189 et
337 2128 410 2189 ordo
433 2134 579 2204 mutatus,
602 2129 686 2209 cujus
710 2127 891 2190 contrarium
910 2128 1042 2190 affirmat
1063 2126 1258 2190 Aristoteles.
1305 2127 1383 2189 Cum
1405 2129 1507 2206 itaque
1531 2121 1638 2200 Calip-

281 2236 338 2297 pus
362 2217 536 2296 diligentior
565 2235 624 2278 non
651 2217 780 2280 haberet
812 2217 891 2297 quod
914 2217 963 2278 hie
987 2217 1016 2278 in
1038 2215 1165 2278 Eudoxo
1189 2217 1436 2296 reprehenderet,
1469 2232 1527 2276 non
1552 2212 1640 2274 decet

282 2324 347 2377 nos,
369 2304 497 2368 Eudoxo
520 2313 638 2367 tantam
661 2305 861 2386 ignorantiam
886 2304 1027 2368 tribuere.
1075 2303 1137 2366 Sed
1161 2307 1200 2368 ad
1215 2305 1372 2367 Eudoxum
1384 2305 1555 2366 redeamus.
1591 2298 1638 2360 Ex

282 2395 374 2456 tertio
398 2403 430 2456 et
453 2394 555 2475 quinto
583 2395 671 2471 orbe,
705 2395 848 2467 diximus,
877 2395 1005 2456 altemm
1035 2394 1188 2456 latitudini
1212 2394 1325 2456 servire
1354 2394 1478 2469 debere,
1512 2392 1639 2453 alterum

283 2482 560 2574 retrogradationi3
597 2481 685 2555 Quod
714 2484 809 2566 primo
838 2484 903 2545 loeo
932 2490 1079 2545 tenemus.
1130 2483 1248 2546 Deinde
1275 2502 1343 2545 cum
1370 2483 1511 2545 distincte
1538 2485 1640 2541 narret

282 2573 471 2636 Aristoteles
495 2572 533 2635 de
551 2573 647 2653 primo
671 2581 703 2635 et
725 2574 857 2636 secundo
881 2572 968 2647 orbe,
1000 2572 1079 2652 quod
1101 2571 1129 2634 is
1153 2573 1289 2635 omnibus
1315 2572 1448 2652 planetis
1476 2566 1640 2632 communis

283 2663 341 2738 sit,
365 2662 403 2723 de
427 2660 517 2723 tertio
541 2680 613 2723 vero
640 2663 689 2724 vel
713 2672 820 2742 quarto
849 2659 869 2724 5
892 2662 1084 2740 planetarum
1112 2680 1171 2722 uon
1196 2662 1341 2735 affirmet,
1373 2662 1551 2723 alterutrum
1574 2675 1639 2718 cum

269 2750 374 2813 ‘tertio
403 2750 591 2812 luminarium
620 2770 688 2812 esse
714 2752 857 2824 eundem3
891 2750 960 2812 hinc
987 2759 1071 2812 recte
1100 2750 1237 2812 concludi
1267 2750 1422 2826 existimo,
1453 2750 1511 2811 etsi
1535 2748 1639 2808 horum

239 2839 245 2846 “
284 2839 431 2902 alteruter
461 2838 541 2900 idem
570 2858 637 2901 enm
667 2841 759 2903 tertio
782 2839 970 2902 luminarium
997 2839 1091 2901 habet
1122 2839 1253 2901 officium
1291 2840 1421 2902 vehendi
1447 2839 1587 2919 planetas
1608 2834 1638 2896 in

282 2927 482 3001 latitudinem,
506 2928 656 3008 positione
679 2938 782 2992 tamen
804 2928 965 3009 plurimum
987 2928 1118 2990 differre.
1163 2929 1268 2990 Tertio
1282 2928 1532 2991 considerandum
1555 2923 1639 2988 nobis

283 3025 341 3088 est,
367 3017 436 3097 quid
461 3036 499 3078 ex
522 3037 556 3078 eo
581 3028 734 3098 sequatur,
759 3019 839 3098 quod
861 3018 972 3080 tertiae
995 3017 1142 3098 sphaerae
1166 3017 1228 3098 poli
1251 3018 1280 3079 in
1306 3016 1331 3090 ῼ
1356 3027 1388 3078 et
1410 3019 1432 3096 Q
1455 3017 1516 3078 sint
1539 3013 1638 3078 iidem.

283 3105 360 3169 Cum
387 3106 481 3185 igitur
508 3106 592 3190 hisce
620 3108 735 3169 duobus
759 3125 913 3168 commuue
942 3106 1016 3168 nihil
1044 3105 1086 3168 sit
1109 3107 1154 3178 (in
1182 3108 1299 3168 usitata
1322 3107 1442 3186 quidem
1470 3106 1508 3167 de
1531 3102 1640 3167 mundo

283 3196 510 3275 conceptione),
542 3202 664 3275 praeter
687 3196 795 3258 lineam
818 3195 909 3259 medii
932 3203 1046 3272 motus,
1079 3215 1155 3276 quae
1179 3215 1234 3275 per
1257 3203 1393 3258 centrum
1422 3194 1550 3276 epicycli
1574 3201 1638 3254 tra-

280 3283 400 3364 jicitur:
435 3283 565 3345 latitudo
594 3286 672 3346 enirn
696 3286 818 3347 diversa
840 3293 904 3358 est,
935 3284 1205 3364 retrogradationis
1234 3292 1267 3346 et
1288 3292 1416 3365 tempus·
1431 3293 1465 3346 et
1486 3281 1641 3365 quantitas

283 3373 390 3435 itidem
412 3372 548 3434 diversa:
573 3373 708 3454 sequitur
730 3374 833 3454 igitur,
855 3374 939 3435 tertii
962 3375 1043 3436 orbis
1067 3375 1152 3454 polos
1174 3374 1345 3454 penderes
1367 3374 1447 3436 linea
1469 3371 1560 3436 medii
1574 3389 1641 3431 mo-

283 3471 344 3524 tus.
390 3461 433 3524 Et
455 3462 598 3542 amplius,
632 3482 699 3526 cum
729 3472 842 3525 eertum
870 3462 913 3524 sit
944 3463 1121 3526 latitudines
1151 3463 1177 3537 Ω
1210 3473 1243 3525 et
1265 3466 1300 3541 ξ·
1318 3464 1348 3525 iu
1372 3462 1501 3526 diversis
1524 3458 1642 3522 zodiaci

286 3550 359 3613 loeis
381 3551 499 3632 pertici,
528 3570 583 3614 nec
607 3571 726 3633 semper
749 3551 917 3633 aequaliter
939 3553 978 3614 ab
1001 3552 1129 3616 invicem
1158 3553 1307 3615 removeri
1331 3554 1406 3623 haec
1429 3554 1511 3615 loca:
1542 3557 1641 3611 retro·

285 3641 473 3720 gradationis
496 3659 568 3702 vero
591 3641 621 3704 in
646 3651 771 3722 utroque
793 3642 920 3720 planeta
942 3642 1010 3704 loca
1032 3642 1133 3704 media
1156 3661 1275 3723 semper
1298 3662 1366 3704 esse
1386 3643 1560 3723 conjuncta:
1590 3657 1641 3698 se·

286 3729 385 3810 quitur
407 3729 508 3809 igitur,
533 3732 656 3793 tertium
679 3732 780 3794 orbem
804 3731 1056 3811 retrogradationi
1075 3732 1198 3804 servire,
1222 3739 1360 3812 quartum
1375 3730 1538 3804 latitudini,
1564 3727 1642 3808 quod

286 3818 406 3898 quidem
435 3819 587 3882 et‘verba
611 3821 789 3883 Aristotelis
818 3840 876 3896 non
906 3821 1032 3883 obscure
1060 3821 1196 3884 innuunt.
1242 3821 1309 3882 Hoc
1337 3821 1382 3882 ita
1410 3828 1513 3882 tamen
1540 3834 1643 3879 verum

287 3914 345 3984 est,
369 3915 403 3969 nt
426 3917 457 3970 et
481 3927 572 3988 supra
593 3910 624 3972 in
639 3910 727 3972 Luna
749 3910 821 3972 fnit:
846 3928 953 3989 nempe
976 3911 1085 3975 tertius
1100 3911 1194 3971 nodos
1208 3909 1328 3984 vehere,
1354 3918 1477 3991 quartus
1496 3914 1643 3970 ctretro·

285 3996 494 4075 gradationem
518 4005 550 4059 et
573 3998 763 4062 latitudinem
786 3998 847 4062 und
871 3999 1015 4061 beneficio
1038 3999 1122 4060 tertii
1148 4000 1266 4061 efficere
1284 4009 1398 4079 potest.
1445 3996 1562 4069 Quarto
1587 3996 1642 4055 de-

287 4085 374 4166 niqne
399 4086 636 4165 consideremus,
667 4089 746 4168 qnod
769 4089 900 4150 affirmat
926 4087 1123 4158 Aristoteles,
1155 4088 1243 4168 polos
1270 4089 1354 4150 tertii
1382 4108 1451 4150 esse
1480 4083 1643 4149 insimulo

285 4191 339 4255 per
361 4175 491 4238 medium
515 4176 677 4256 signorum.
724 4178 760 4239 Id
782 4177 978 4239 multifariam
1002 4177 1065 4248 fieri
1087 4185 1203 4257 potest.
1250 4177 1315 4239 Aut
1329 4178 1409 4239 enim
1431 4174 1564 4258 oppositi
1582 4170 1643 4253 poli

286 4265 317 4325 in
345 4264 493 4347 oppositis
521 4266 637 4328 zodiaci
667 4266 741 4328 locis
768 4275 941 4340 cernentur,
975 4285 1041 4328 cum
1069 4286 1112 4328 sc.
1137 4266 1232 4328 Terra
1258 4267 1401 4346 inhujus
1430 4265 1512 4328 tertii
1540 4271 1644 4326 centro

287 4362 353 4415 est:
379 4363 433 4417 aut
455 4364 580 4436 uterque
603 4356 740 4436 polorum
764 4355 793 4416 in
818 4355 923 4417 eodem
946 4356 1062 4417 zodiaci
1087 4357 1162 4428 loco,
1185 4375 1252 4418 cum
1275 4374 1318 4416 sc.
1334 4357 1428 4418 Terra
1442 4363 1530 4417 extra
1544 4352 1644 4414 orbem

288 4443 363 4504 hunc
387 4443 589 4522 constituitur,
613 4446 659 4506 ita
681 4453 715 4506 ut
737 4443 818 4506 orbis
841 4444 889 4505 bic
913 4445 1064 4527 epicyclus
1089 4445 1140 4520 sit,
1165 4453 1197 4508 et
1220 4446 1300 4508 linea
1323 4465 1361 4507 ex
1384 4445 1485 4507 Terra
1500 4462 1556 4524 per
1579 4440 1643 4521 epi·

284 4533 364 4612 cycli
397 4541 533 4597 centrum
560 4533 712 4596 coincidet
740 4551 806 4595 cnm
842 4533 908 4614 ejus
939 4553 1006 4598 ase.
1052 4535 1118 4596 Aut
1145 4535 1272 4615 denique
1305 4536 1371 4596 axis
1399 4535 1488 4615 hujus
1518 4527 1644 4612 epicycli

287 4622 450 4685 secundum
478 4623 635 4703 eclipticas
665 4623 879 4703 longitudinem
903 4623 996 4700 situs,
1028 4633 1185 4705 utmmqne
1212 4626 1314 4704 polum
1342 4626 1372 4686 in
1395 4624 1502 4685 vicinis
1529 4618 1645 4683 zodiaci

286 4709 361 4772 locis
392 4712 565 4775 constituet.
613 4713 745 4775 Primum
768 4714 969 4775 Fracastoreo
997 4715 1116 4793 placet,
1148 4715 1201 4774 sed
1226 4715 1265 4775 ob
1288 4733 1398 4775 causas
1427 4732 1518 4793 supra
1545 4711 1645 4772 dictas

287 4817 355 4875 esse
380 4821 437 4862 non
460 4811 573 4880 potest.
620 4804 699 4863 Nam
732 4803 878 4881 ejusmodi
906 4802 987 4864 orbis
1016 4822 1075 4865 non
1103 4813 1153 4864 est
1180 4803 1224 4864 ita
1247 4811 1453 4884 comparatus,
1481 4811 1516 4864 ut
1545 4805 1646 4863 retro·

287 4889 497 4970 gradationem
520 4890 639 4955 efficere
666 4892 775 4972 possit.
821 4890 1007 4968 Secundum,
1039 4894 1066 4955 si
1088 4893 1182 4956 verbs
1207 4895 1345 4974 praecise
1372 4910 1548 4974 urgeamus,
1578 4905 1646 4950 esse
