3609 5634
742 373 905 425 ermom
1219 357 1227 364 ’
1461 372 1510 442 93

205 528 419 581 ΠοοηΙὶιιπιι
447 530 679 598 DeStutgardiaun
697 533 799 598 negotio
818 532 889 582 rideo
909 532 994 582 omnia
1011 533 1139 596 quierem
1157 539 1184 583 et
1201 533 1281 584 silere.
1309 532 1506 600 munimus

118 600 246 651 multum
264 604 361 668 negotii
379 603 483 654 incasit
500 604 618 654 machina
633 602 779 667 hydraulica
799 603 941 654 adficiens.
970 602 1017 654 Ubi
1035 605 1068 653 rit
1086 603 1172 669 globus
1191 611 1325 670 argenteus
1343 606 1437 672 ignoro,
1457 606 1506 656 ior-

118 685 187 794 ’ἐζῗι
203 672 591 809 mittimini
610 673 1505 799 itttittittituliiiltt‘l‘tltlttltitt·

118 814 197 865 nihil
215 816 278 866 mihi
296 818 412 867 innotuit
450 816 650 880 Deseriptionem
668 818 773 868 latinam
791 783 843 868 uria
862 822 919 868 cum
936 817 1023 867 rotulis
1040 761 1105 868 donft
1120 783 1185 882 petit
1197 762 1310 870 lienritto.
1341 763 1508 876 Unagrotuls:

120 899 201 949 quae
222 895 311 939 eontra
330 888 431 939 ductum
448 888 509 953 ligni
527 890 608 938 incisa
627 890 681 946 tuit,
700 891 726 940 in
744 890 824 942 multa
842 889 985 962 tamenta
1001 889 1048 939 init
1061 889 1199 946 contacta,
1218 905 1274 941 cum
1293 905 1350 942 eam
1366 893 1444 957 primo
1463 904 1505 943 se·

120 959 269 1023 euperem
307 957 362 1020 (¹2.
383 958 426 1009 2².
446 963 504 1025 spe.
526 956 616 1022 isos.)

228 1049 418 1125 Methanioa,
437 1056 564 1122 respondit
581 1057 705 1121 Replemr
723 1055 779 1120 (29.
797 1061 861 1125 Aug.
882 1054 938 1119 99).
959 1050 1063 1131 accepi
1078 1068 1136 1112 non
1151 1050 1324 1130 integriora,
1346 1071 1435 1133 quam
1450 1072 1505 1114 ne-
1582 1037 1584 1042 ⁸

123 1156 226 1200 cesse
247 1145 307 1200 est.
340 1138 388 1200 De
403 1136 495 1219 globo
510 1131 546 1199 ‘et
564 1138 683 1201 circulis
707 1140 823 1221 aliquot
845 1140 1002 1221 argenteis
1025 1139 1124 1221 planis
1148 1158 1259 1220 quaeso
1284 1160 1364 1216 cura,
1391 1142 1417 1204 si
1441 1142 1505 1204 fieri

124 1226 194 1288 abs
219 1238 251 1290 te
273 1236 377 1309 potest
401 1228 478 1290 citra
500 1226 654 1289 invidiam.

213 1332 263 1382 Die
282 1331 324 1381 15.
345 1331 387 1384 25.
405 1333 464 1383 lan.
487 1329 555 1381 1600
572 1332 637 1383 haee
654 1333 794 1397 praemissit
814 1333 884 1383 addit
901 1332 1069 1384 Maestlinus:

212 1403 252 1454 De
270 1405 433 1453 instrumento
451 1417 497 1454 reu
515 1419 587 1468 opere
604 1404 781 1454 mathematico
800 1404 848 1454 huc
866 1419 944 1470 usque
962 1403 1023 1453 nihil
1043 1404 1104 1453 certi
1123 1405 1249 1466 comperiri
1268 1406 1351 1468 potui,
1373 1408 1422 1456 uiri
1440 1407 1505 1472 quod

129 1475 267 1524 aurifaber
284 1475 325 1524 ilie
344 1474 546 1540 Stutgardinnus,
565 1477 606 1539 qui
625 1477 650 1524 in
670 1477 813 1525 consistorio
831 1476 913 1526 duculi
934 1488 1083 1525 assessorem
1103 1476 1156 1539 agit
1168 1473 1219 1536 (l),
1238 1490 1315 1539 nuper
1333 1476 1392 1526 milri
1410 1478 1503 1537 retulit,

128 1545 205 1609 quod
219 1545 322 1595 Carolus
335 1547 459 1596 aurifaber
471 1561 513 1609 pro
533 1560 608 1609 opera
627 1562 673 1595 sua
690 1549 785 1613 iugens
796 1548 901 1610 pretium
920 1547 1067 1611 poposcerit.
1096 1544 1146 1595 Sed
1165 1560 1270 1596 censure
1287 1550 1341 1610 eius
1358 1549 1505 1613 quibusdam

129 1617 274 1681 deputatis,
293 1619 359 1674 inter
376 1631 436 1682 quos
455 1618 561 1681 etipse,
580 1618 621 1682 qui
639 1617 698 1667 mihi
717 1619 808 1678 retulit,
828 1618 882 1670 luit.
903 1619 1042 1682 aprinclpe
1053 1616 1101 1666 fuit
1113 1619 1254 1674 commissa,
1271 1620 1312 1682 qui
1323 1621 1429 1682 pretium
1443 1621 1504 1672 iliud

130 1688 191 1738 fere
212 1688 245 1738 sd
263 1688 390 1738 dimidium
408 1694 591 1738 contraxerunt.

210 1758 273 1810 Inde
292 1759 324 1809 ab
341 1760 388 1810 hoc
406 1767 517 1823 ternpore
535 1761 570 1809 nil
589 1760 694 1824 amplius
713 1760 743 1809 de
762 1759 808 1809 hoe
827 1773 900 1823 opere
920 1761 1034 1816 occurrit,
1057 1773 1132 1823 quum
1151 1759 1238 1809 nubae
1257 1767 1309 1810 tum
1327 1763 1443 1826 temporis
1462 1777 1504 1813 ex·

128 1837 207 1880 ortae
225 1832 251 1880 in
271 1830 364 1893 Styria,
384 1832 472 1894 quibus
490 1831 614 1896 Keplerus
632 1846 727 1896 quoque
745 1832 856 1897 agitatus
874 1836 914 1879 est
932 1827 1024 1893 (comp.
1044 1844 1068 1893 p.
1090 1827 1132 1879 39.
1152 1830 1184 1879 bl
1199 1827 1275 1896 sqq),
1293 1832 1425 1884 rideantur
1443 1833 1503 1886 effe·

129 1901 217 1963 cisse,
236 1907 265 1952 ut
284 1902 315 1951 de
334 1916 362 1952 re
380 1903 484 1951 ulterius
501 1904 687 1967 persequenda,
707 1916 757 1951 uon
777 1901 881 1965 amplius
900 1903 1031 1965 cogitaret.

208 1972 307 2023 Tabula
325 1972 426 2035 adjecta
443 1973 522 2023 solum
540 1983 654 2038 superest
672 1975 798 2038 specimen
817 1974 954 2023 conaminis
971 1973 1102 2035 iuvenilis,
1127 1973 1191 2038 quod
1209 1973 1312 2034 literne,
1337 1990 1399 2041 quas
1415 1991 1502 2042 propo·

128 2044 241 2100 animur,
260 2044 369 2108 pluribus
388 2043 505 2095 exhibent
523 2045 681 2110 descriptum.

205 2114 325 2166 Redimus
344 2115 377 2166 ad
396 2131 456 2180 opus
474 2116 577 2182 Kepleri
596 2119 684 2180 ipsum

159 2245 166 2256 .
207 2202 273 2265 Quid
292 2207 442 2269 spectaverit
462 2206 527 2256 edito
545 2206 593 2256 hoo
611 2220 685 2270 opere
704 2204 845 2268 Keplerus,
871 2203 930 2268 quid
953 2203 994 2252 alii
1019 2202 1050 2254 de
1069 2219 1098 2253 eo
1114 2203 1295 2267 judicaverint,
1322 2219 1352 2257 ex
1370 2207 1413 2263 iis,
1438 2222 1502 2273 quae

131 2295 315 2358 praemisimus,
335 2294 426 2345 elucet
464 2299 545 2361 Atque
565 2295 757 2350 adolesmntem,
777 2308 870 2342 annum
888 2300 941 2342 tum
962 2293 1069 2342 maxime
1089 2300 1206 2359 agentem
1224 2296 1370 2345 vicesimum
1388 2298 1503 2360 quintum

129 2397 185 2433 non
203 2390 397 2433 modernorum
415 2391 522 2447 tantum,
540 2383 585 2434 sed
604 2387 679 2434 etiam
698 2383 818 2438 virorum,
837 2383 878 2446 qui
897 2383 948 2432 alia
966 2381 1095 2432 doctrinae
1113 2396 1208 2447 genera
1226 2383 1357 2441 colebant,
1376 2385 1460 2435 oculor
1477 2387 1504 2436 ln

130 2485 162 2521 te
180 2473 329 2522 convertisse
351 2474 405 2536 quis
424 2481 470 2530 est,
490 2474 531 2537 qui
550 2471 672 2523 uidetur?
709 2471 824 2535 Denique
844 2485 873 2519 cx
892 2470 940 2519 illis
958 2471 1034 2518 initiis
1052 2469 1161 2533 proiecto
1179 2470 1212 2520 ad
1231 2470 1314 2528 illam,
1338 2486 1388 2536 qua
1405 2475 1441 2526 vir
1458 2474 1503 2523 do.

130 2562 196 2615 ruit,
218 2559 321 2625 gloriam
339 2563 557 2612 etauctoritatem
584 2563 632 2610 iter
654 2575 709 2611 esse
735 2559 889 2623 patefactum
907 2556 1031 2622 Keplerus
1048 2557 1101 2621 ipre
1120 2557 1254 2616 indicavit,
1278 2560 1387 2623 quinon
1406 2567 1504 2612 tanturn

130 2650 225 2713 pstsirn
244 2649 353 2699 inlibris
372 2651 549 2706 astronomicis,
569 2651 610 2715 qui
628 2649 787 2699 Prodromum
801 2647 975 2714 sequebantur,
994 2647 1223 2724 intumentium
1242 2648 1345 2706 iaceret,
1365 2649 1503 2700 sedetiam

131 2752 200 2788 auno
219 2736 260 2788 25.
279 2747 410 2804 postquam
428 2741 531 2803 primurn
550 2740 631 2789 editus
650 2746 697 2798 est,
715 2739 782 2788 huuc
799 2739 889 2789 lterum
910 2737 1100 2801 imprimendum
1114 2743 1221 2787 curaret.
1249 2736 1304 2787 Hoc
1323 2736 1391 2788 illum
1408 2739 1503 2803 pridem

131 2833 275 2891 montane,
301 2815 383 2878 elucet
401 2842 430 2878 ex
448 2827 500 2885 hir,
519 2843 583 2893 quae
605 2829 631 2877 in
653 2828 712 2877 libro
732 2827 763 2877 de
781 2835 850 2876 motu
868 2827 956 2877 stellae
975 2825 1063 2876 Martis
1083 2824 1165 2890 (impr.
1185 2840 1208 2876 a
1230 2821 1311 2886 tuot)
1331 2833 1357 2877 et
1375 2830 1400 2877 in
1420 2827 1502 2888 ,Har-

131 2917 234 2966 monia⁸⁶
254 2921 385 2966 occurrunt
402 2917 497 2966 verbis:

226 3004 279 3080 „Si
295 3006 498 3085 supervixero,
524 3007 622 3087 quoad
638 3006 824 3067 astronomia
838 3023 923 3066 suam
941 3004 1105 3084 puritatem
1128 3011 1160 3064 et
1181 3002 1398 3084 perfectionem
1420 3024 1499 3066 nau-

133 3096 276 3168 eisoutur,
302 3105 335 3156 ut
359 3094 388 3156 in
412 3114 515 3170 eausa,
541 3115 629 3176 quarn
653 3096 682 3157 iu
707 3095 760 3157 ilio
785 3093 887 3156 libello
912 3092 950 3154 ad
975 3093 1038 3172 ejus
1058 3092 1189 3154 tribuual
1213 3092 1342 3162 devolvi,
1365 3111 1498 3173 pronun-

131 3182 207 3246 ciari
230 3183 338 3262 possit,
362 3183 508 3264 polliceor
532 3184 646 3258 lectori,
672 3204 718 3246 me
744 3183 876 3246 libellum
892 3182 976 3245 illum
991 3189 1235 3256 retractatorum,
1260 3181 1497 3259 etconlirmatis,

133 3291 211 3354 quae
234 3291 307 3334 veru
331 3274 528 3353 deprehendi,
553 3274 682 3354 reliqua,
708 3292 785 3354 quae
809 3291 896 3334 secus
920 3271 1047 3345 habent,
1073 3271 1203 3333 fideliter
1226 3270 1446 3334 detenturum.“

206 3412 236 3462 in
253 3412 313 3462 libro
326 3399 440 3479 lL'prop.
455 3412 488 3464 25
511 3414 696 3474 ,Harmoniw
710 3415 796 3479 paucis
809 3427 1004 3464 commemorans
1016 3412 1172 3472 ,Prodromi“
1194 3421 1377 3479 argumentum,
1394 3397 1498 3473 „nihii

136 3486 243 3566 inquit,
267 3486 458 3565 plausibilius
473 3487 567 3549 videri
581 3488 689 3566 potuit,
716 3505 804 3566 quam
820 3505 873 3546 ser
891 3485 1069 3547 coelestium
1089 3484 1203 3547 orbium
1223 3486 1387 3562 intervalia
1409 3486 1498 3567 quiu-

134 3595 193 3657 que
218 3594 255 3635 ex
279 3575 406 3656 quinque
438 3575 540 3655 liguris
573 3575 777 3656 (corporibus)
808 3594 876 3636 esse
910 3574 1050 3635 desumta
1082 3595 1102 3635 a
1129 3581 1267 3652 creatore
1412 3575 1498 3638 Haeo

136 3664 311 3727 distributio
335 3664 466 3727 numeris
490 3664 640 3745 explorari
663 3673 776 3745 potest,
800 3662 1015 3743 necessitatem
1039 3662 1137 3736 infert,
1163 3681 1320 3743 corporum
1344 3684 1498 3728 numerum

136 3772 195 3814 non
220 3753 369 3834 conquirit
392 3752 490 3828 anxie,
515 3755 567 3815 sed
590 3756 744 3816 inventum
763 3760 907 3834 occupat3
931 3752 1058 3832 denique
1082 3752 1125 3814 sio
1149 3760 1198 3813 est
1220 3753 1378 3830 instructu,
1403 3763 1437 3817 ut
1459 3755 1498 3817 ab

136 3843 183 3904 his
208 3843 294 3914 anuis
319 3839 360 3903 22
385 3861 442 3903 non
467 3851 586 3905 tuntum
611 3845 723 3907 nullum
746 3841 894 3904 invenerit
923 3851 1179 3920 oppugnatorem,
1213 3841 1268 3903 sed
1297 3844 1389 3905 etiam
1418 3843 1500 3924 ipsos

135 3931 241 4003 Remi,
270 3932 484 3994 inconsiderati
513 3934 650 4013 magistri
676 3940 708 3994 et
729 3930 1019 4009 Euclideomastigis
1050 3930 1212 4010 discipulos
1233 3924 1278 4002 ²⁸)
1306 3932 1498 4012 pertraxerit,

136 4021 284 4102 hodieque
308 4028 371 4082 tam
395 4022 506 4083 multos
529 4023 701 4103 pertrahat,
726 4028 760 4084 ut
780 4022 843 4102 jam
867 4021 979 4083 dudum
1002 4018 1165 4083 secundam
1188 4019 1351 4083 editionem
1373 4021 1498 4102 flagita·

136 4110 236 4172 verint
259 4110 496 4172 mathematici.“

207 4215 282 4266 Hune
301 4216 434 4267 editionem
452 4216 588 4268 secundam
607 4218 658 4280 ipse
671 4215 794 4279 Keplems
813 4203 910 4265 curarit
929 4228 995 4265 auno
1015 4211 1093 4270 itti,
1112 4229 1191 4280 esque
1209 4214 1279 4266 nulla
1295 4219 1367 4279 parte
1384 4213 1500 4264 differta

135 4306 229 4371 priore,
256 4308 302 4356 nisi
322 4307 388 4371 quod
406 4306 507 4356 additae
526 4313 584 4355 sunt
602 4305 793 4362 annotationes,
820 4318 875 4353 cum
901 4303 991 4355 adres
1016 4303 1167 4354 obscuriores
1189 4303 1365 4363 illustrandas,
1390 4309 1443 4352 tum
1467 4301 1500 4353 nd

137 4409 243 4451 errores,
262 4397 303 4460 qui
318 4398 402 4458 juveni
421 4397 594 4460 obrepserant,
620 4392 780 4458 detegendos.
819 4393 1001 4443 Annotationes
1025 4392 1071 4443 has
1089 4391 1192 4455 Kepieri
1210 4390 1379 4454 subiunximus
1397 4390 1499 4457 singuiis

135 4480 262 4532 Prodromi
280 4483 401 4548 capitibus
420 4487 533 4549 signatus
550 4484 627 4534 literis
646 4497 678 4544 a,
696 4482 711 4530 b
731 4480 785 4538 os,
805 4487 902 4532 normes
920 4496 977 4533 vero
995 4481 1041 4532 sub
1060 4480 1135 4531 linem
1152 4479 1206 4530 libri
1218 4463 1342 4531 ‘collectas
1361 4479 1498 4532 addidimus

138 4570 250 4637 signatas
267 4573 374 4622 numeris
393 4574 524 4623 coutinuis.

210 4659 267 4722 Qus
278 4663 373 4713 ratione
386 4663 474 4712 ductus
487 4678 538 4712 rem
552 4663 588 4712 ita
599 4662 733 4712 instituerit
741 4658 865 4724 Keplerus
878 4661 930 4723 ipse
942 4659 998 4718 illis,
1017 4659 1104 4724 quibus
1122 4656 1257 4708 secundam
1276 4656 1409 4711 editionem
1428 4657 1495 4709 dedi·

139 4752 219 4810 cavit,
241 4751 449 4810 ,Pmrincialibus
465 4751 579 4801 Duoatus
598 4749 714 4814 styriaeu
735 4749 827 4800 cintius
845 4748 948 4798 indicat

208 4841 314 4901 Forma,
340 4857 390 4908 qua
407 4841 497 4907 prodiit
515 4840 625 4892 secunda
643 4839 734 4897 editio,
760 4837 841 4888 differt
860 4851 876 4887 a
894 4837 974 4888 iorma
990 4837 1092 4902 prioris;
1117 4835 1179 4887 liber
1201 4835 1229 4886 in
1252 4835 1310 4886 lolio
1329 4848 1432 4886 mensus
1449 4842 1496 4895 est,

140 4929 228 4983 eedem
239 4931 313 5000 piane
325 4931 497 4999 magnitudine
509 4944 559 4997 que
572 4928 753 4991 „Harmonia“,
772 4941 846 4995 quum
863 4929 929 4993 prior
946 4928 1022 4980 editio
1040 4926 1121 4995 quarti
1139 4925 1243 4978 formam
1255 4924 1371 4978 exhibeat
1387 4925 1496 4978 minaria.
