3609 5634
277 371 338 448 146
783 366 895 428 ulyssem
914 363 1114 430 (loamoflrspblci

274 535 440 596 musandum.
466 549 519 602 quo
543 531 629 585 stella
652 526 842 600 octanqularis
863 526 1049 581 associaretur
1071 523 1214 587 ὸιιιιιιιι,
1238 524 1290 576 sub
1309 524 1403 578 eodsm
1424 522 1502 594 quast
1521 534 1651 593 genere

274 615 445 674 reclamante
460 621 573 667 natura.
613 610 700 664 Recte
715 608 802 679 igitur
817 607 928 668 factum,
951 606 1022 676 quod
1038 622 1092 658 non
1106 603 1310 674 acquievistis
1323 602 1521 657 distributioni

355 687 477 763 w)Hoc
498 692 584 762 plane
599 707 657 744 sum
672 697 784 742 secutus
809 687 836 741 ιιι
859 686 908 740 lib
924 686 958 739 V.
974 684 1132 739 Haemonio.
1154 684 1236 737 sed
1228 701 1255 737 sn
1280 683 1408 737 instituto
1426 683 1543 736 diverso.
1588 677 1654 735 Hic

275 776 346 832 enim
370 773 537 865 quaerebam
562 775 652 824 ortum
673 767 877 822 harmoniarum
890 766 1076 837 singularum:
1099 772 1131 817 at
1154 764 1200 818 lib
1216 765 1249 817 V
1264 763 1491 818 Harmonicorum
1513 761 1653 815 delectus

276 857 348 912 inter
366 853 426 922 jam
450 860 526 906 ortas
550 857 595 904 est
618 849 770 912 institutus,
795 863 867 917 quae
886 845 1032 901 bmmooia
1050 845 1148 914 quibus
1168 844 1298 913 planetis,
1320 859 1376 936 qua
1397 843 1534 897 mediante
1546 843 1654 913 ngura

276 934 365 990 solida
379 932 594 986 consociaretur
637 929 714 983 Cubo
735 928 822 999 igitur
840 927 893 979 etsi
914 944 968 980 nou
982 923 1064 979 recte
1077 924 1122 979 bic
1136 924 1329 979 adscribitur
1321 940 1381 994 ipae
1396 929 1472 977 ortua
1487 936 1651 977 comonam

234 1040 239 1048 ¹
277 1015 333 1070 tiae
356 1013 499 1082 diapason,
520 1017 596 1065 recte
620 1015 712 1064 tamen
736 1008 809 1061 dicto
832 1006 880 1060 lib.
901 1007 934 1060 V.
955 1004 1181 1060 Harmonioorum
1205 1004 1361 1059 associatur
1382 1004 1470 1074 ipsum
1489 1002 1650 1073 diapason;

276 1111 330 1148 non
353 1108 439 1146 causa
462 1099 549 1154 ortus,
573 1091 621 1142 sed
645 1104 731 1142 causa
754 1085 970 1141 cohabitationis
993 1085 1066 1139 iuter
1089 1085 1221 1155 planetas
1240 1085 1364 1147 eosdem
1385 1091 1461 1137 recte
1484 1082 1653 1137 ιιιιιιιιιιι·

276 1175 414 1235 comeum,
437 1173 509 1243 quod
524 1169 585 1224 cubi
601 1167 721 1238 cosnjunx
736 1175 789 1229 est,
804 1166 990 1236 disdiapason,
1013 1164 1056 1218 cui
1077 1164 1105 1217 iu
1119 1165 1279 1220 harmonica
1292 1164 1414 1219 sectione
1434 1164 1569 1218 adhaeret
1582 1161 1651 1214 dia·

278 1261 413 1310 tessarou.
456 1251 526 1305 Vide
547 1251 596 1304 lib.
619 1250 653 1302 V.
676 1265 736 1317 cap.
760 1248 786 1301 9.
808 1263 886 1317 prop.
909 1246 928 1301 8
948 1252 979 1299 et
1001 1245 1046 1299 12.

356 1329 389 1398 a)
411 1332 464 1386 Hic
479 1331 577 1385 iterum
593 1329 707 1384 fortuito
722 1323 839 1398 (quippe
860 1326 887 1380 in
902 1325 1092 1395 speculatione
1107 1340 1160 1377 non
1176 1322 1300 1393 propria)
1320 1325 1348 1380 ιιι
1362 1340 1457 1378 verum
1478 1321 1557 1376 incidi
1573 1334 1649 1391 qna·

277 1416 430 1470 damtenus.
473 1412 542 1466 Nam
557 1426 637 1480 prop
656 1408 690 1462 15
705 1414 736 1461 et
750 1407 798 1461 27.
822 1405 887 1460 dicti
902 1405 1044 1476 capitisti.
1067 1405 1238 1458 dodecaedro
1257 1405 1363 1475 quidem
1382 1405 1512 1474 diapente
1527 1400 1646 1473 obtigit,

159 1483 163 1488 ’
277 1494 420 1550 icosaedro
434 1508 500 1545 vero
515 1499 632 1560 utraque
649 1495 801 1551 sertamm,
823 1486 914 1541 tertiis
928 1486 1018 1540 locum
1030 1484 1135 1539 nullum
1149 1501 1211 1537 esse
1225 1487 1360 1554 probatur
1374 1501 1453 1555 prop
1468 1485 1495 1538 6

357 1569 388 1644 y)
411 1572 455 1627 De
475 1572 530 1625 bac
550 1569 671 1624 materia
691 1575 735 1622 est
755 1583 832 1621 meus
852 1566 924 1620 liber
944 1566 991 1621 IV.
1011 1563 1247 1619 Harmonicorum.

356 1646 509 1720 s)Parum
533 1649 664 1720 aliquid'
657 1666 684 1702 sn
707 1648 760 1702 bac
774 1647 980 1717 comparatione
994 1645 1200 1708 emendandum,
1224 1645 1285 1699 vide
1299 1644 1346 1699 lib.
1361 1644 1409 1699 IV.
1424 1645 1519 1702 Herm.
1533 1657 1596 1713 cap.
1613 1642 1645 1696 6.

246 1775 251 1781 ·
356 1743 404 1812 aa)
425 1747 605 1817 Nequaquam
630 1762 695 1799 vero
717 1744 834 1798 debilem
858 1742 1035 1812 experientia
1064 1747 1194 1804 testatur,
1228 1744 1276 1796 sed
1306 1742 1446 1795 fortiorem
1472 1757 1557 1811 saepe
1579 1738 1645 1810 ipso

277 1829 367 1889 ιιιιοι
392 1842 504 1884 causam
528 1842 564 1880 ex
588 1824 656 1879 meis
680 1823 821 1894 principiis
843 1825 878 1876 do
900 1822 950 1877 lib.
974 1823 1022 1876 IV.
1047 1823 1141 1876 Herm

356 1905 406 1970 ab)
430 1905 530 1960 Puta'
523 1923 551 1959 ιιι
565 1905 727 1959 Tetrabiblo
750 1905 784 1957 de
802 1903 968 1974 Astroloqia
981 1902 1092 1972 scripto.
1108 1895 1147 1972 ⁴⁸)
1188 1900 1248 1955 Δι
1241 1919 1269 1954 ιιι
1282 1900 1463 1964 Harmonicis,
1488 1868 1560 1971 quae
1574 1905 1645 1953 tanc

277 1989 396 2042 nondum
409 1987 540 2047 videram,
562 2000 675 2038 ιιιιιιι
692 1983 765 2038 banc
779 1983 880 2075 tangit,
898 1985 945 2036 sed
966 1983 1048 2046 male,
1070 1991 1103 2035 nt
1116 1999 1153 2036 ex
1167 1981 1234 2036 meis
1248 1981 1321 2036 notis
1336 1983 1372 2036 ad
1385 1981 1575 2037 Ptolemaeum
1589 1993 1643 2050 pa·

278 2067 361 2124 tabit:
386 2064 494 2122 omnino
517 2066 589 2118 enim
610 2071 643 2118 et
665 2080 747 2118 uuum
768 2071 799 2117 et
812 2062 931 2133 quinque
955 2063 1038 2133 sigua
1061 2068 1191 2131 aspectus
1219 2061 1391 2118 constituunt
1413 2061 1549 2123 efficaces,
1570 2074 1643 2130 quos

278 2147 393 2217 appello
417 2144 598 2199 semisextdm
621 2152 651 2198 et
670 2143 859 2214 quincuncem.

359 2223 401 2291 ce)
422 2226 484 2279 Hoc
497 2227 533 2279 ad
551 2224 660 2279 literam
675 2224 777 2277 falsum
790 2230 844 2277 eat
886 2222 957 2276 Nam
975 2221 1048 2276 inter
1062 2222 1178 2276 cbordas
1195 2224 1208 2276 l
1225 2230 1256 2275 et
1272 2221 1307 2277 12
1325 2229 1369 2276 est
1382 2220 1570 2290 triadiapason
1583 2217 1643 2288 epi·

278 2308 418 2377 diapente
444 2304 483 2358 sic
505 2305 578 2358 inter
603 2304 719 2358 chordas
735 2303 752 2357 b
767 2310 797 2358 et
814 2303 850 2358 12
874 2309 919 2356 est
942 2302 1027 2356 tertia
1050 2302 1137 2356 minor
1157 2318 1244 2372 snpra
1264 2302 1407 2372 diapason
1448 2299 1531 2355 Aliud
1555 2297 1645 2370 igitur

278 2386 440 2442 habebam
432 2401 461 2438 ιιι
475 2385 567 2440 auimo
580 2400 640 2438 cum
655 2383 726 2438 haec
735 2384 822 2437 rerba
836 2383 993 2446 scriberem,
1009 2382 1123 2446 scilicet,
1139 2382 1243 2437 nullam
1257 2399 1319 2436 esse
1333 2382 1482 2436 sectionem
1495 2379 1645 2450 tripliciter

278 2465 474 2528 harmonicam,
499 2481 571 2535 quae
591 2465 759 2534 respondeat
777 2463 854 2518 bisce
877 2462 1056 2516 divisionibus
1075 2462 1177 2524 circuli,
1202 2462 1268 2533 quia
1288 2462 1342 2517 etsi
1360 2463 1384 2516 l.
1403 2459 1452 2524 12,
1468 2460 1534 2515 item
1549 2460 1576 2515 5.
1595 2457 1642 2513 12.

275 2553 434 2609 comoneat,
459 2552 490 2599 ut
507 2545 619 2600 residua
636 2546 667 2598 ll
686 2544 747 2598 ιιι
768 2543 921 2598 abborrent
942 2543 979 2596 ab
999 2542 1122 2614 utrisque
1142 2543 1274 2597 terminis.
1316 2546 1355 2597 Δι
1374 2558 1429 2596 non
1451 2557 1513 2595 esse
1527 2540 1644 2594 eandem

274 2626 412 2682 udonem
426 2632 590 2694 upectunm
613 2640 685 2695 quae
707 2630 752 2677 eat
765 2622 1015 2686 consonantiarum,
1038 2625 1123 2676 doceo
1145 2639 1196 2692 per
1216 2629 1304 2678 totum
1321 2622 1421 2676 librum
1435 2622 1482 2675 lV.
1497 2618 1643 2676 Harmoni-

155 2800 160 2809 .
276 2723 379 2770 eorum,
401 2704 551 2775 praecipue
572 2720 633 2774 cap.
655 2705 684 2758 6.

323 2779 405 2853 dd)
427 2783 538 2839 Minime
565 2801 603 2839 ex
630 2783 687 2846 bis,
727 2788 759 2837 at
786 2783 857 2836 beae
884 2799 922 2836 ex
948 2781 1045 2853 figuris
1073 2782 1177 2853 planis,
1211 2798 1325 2853 quarum
1353 2799 1407 2837 non
1435 2778 1637 2853 ignobilissimos

278 2868 519 3010 dudm:glmiiudc
512 2942 590 2997 initio
614 2942 690 2995 facto
712 2943 790 3012 coepi
812 2958 918 3036 augere
941 2957 1083 2996 numerum
1104 2948 1279 3010 aspectuum:
1303 2941 1356 2996 etsi
1375 2943 1448 2997 ιιιιιι
1466 2939 1570 2996 adsciri
1585 2955 1643 2993 ιιι·

280 3021 695 3176 whpeulprappsugp,
715 3023 788 3076 male
801 3024 880 3076 omisi
894 3023 1074 3077 semisextum
1093 3037 1142 3075 seu
1157 3038 1200 3092 gr.
1215 3021 1263 3075 30.
1304 3022 1374 3077 Vide
1388 3038 1473 3093 saepe
1486 3021 1645 3093 allegatum

358 3199 391 3267 d)
415 3203 544 3255 Frustra:
567 3215 631 3252 nem
654 3199 795 3252 confirmat
816 3198 993 3268 experientia
1014 3200 1157 3270 quintilem
1178 3206 1208 3253 et
1226 3199 1412 3271 biquintilem;
1436 3202 1470 3254 de
1493 3198 1644 3270 sesquadro

279 3297 353 3344 cero,
379 3295 428 3335 cur
450 3280 499 3334 ille
512 3280 600 3332 minus
624 3278 662 3332 sit
684 3278 794 3342 efficax,
819 3294 901 3349 quam
923 3279 1022 3349 reliqui
1045 3296 1148 3343 omnes,
1172 3296 1276 3334 causae
1299 3281 1348 3336 lib.
1362 3281 1411 3335 IV.
1425 3281 1521 3335 Harm.
1537 3293 1598 3348 cap.
1615 3275 1642 3330 5.

280 3364 428 3417 traduntur
451 3361 536 3431 longe
559 3359 695 3412 diversae.
747 3359 822 3412 lstae
845 3374 912 3412 vero
942 3358 1164 3424 hicrecensitae
1192 3360 1311 3433 quinque
1334 3376 1437 3416 causae
1470 3366 1536 3415 sunt
1565 3355 1644 3412 nobis

280 3442 379 3496 iterum
399 3441 573 3502 refutandae,
600 3456 635 3492 ue
656 3445 773 3492 teneant
795 3437 939 3509 quintilem
960 3446 990 3492 et
1009 3439 1191 3510 biquintilem.

359 3522 430 3575 Nam
445 3521 517 3591 quod
531 3535 645 3572 causam
659 3518 776 3587 primam
790 3517 901 3582 attinet,
926 3519 999 3572 sicut
1016 3536 1076 3573 oum
1091 3520 1164 3574 trine
1179 3519 1290 3575 sextilis
1309 3519 1407 3590 implet
1419 3519 1560 3583 circulum
1585 3534 1645 3573 cum

280 3604 417 3672 quadrato
432 3601 584 3670 quadratus
599 3598 679 3662 alius,
705 3600 746 3656 ιιι
759 3598 843 3652 etiam
858 3614 919 3652 oum
933 3598 1042 3670 quintili
1065 3600 1205 3665 tridecilis,
1227 3617 1289 3654 cum
1306 3599 1446 3672 biquintili
1458 3598 1562 3662 decllis,
1584 3615 1645 3652 cum

280 3682 432 3751 sesquadro
453 3680 606 3750 sequudrns
627 3677 744 3748 implent
757 3678 964 3743 semicirculum,
990 3696 1041 3733 nec
1058 3681 1187 3750 repudiat
1205 3681 1257 3735 bos
1270 3681 1384 3735 ιιιιιιιιι.
1425 3680 1487 3734 Non
1501 3686 1546 3734 ιιι
1559 3679 1647 3751 igitur

281 3760 408 3815 efficacia
429 3760 465 3814 ab
487 3760 540 3813 bac
561 3759 764 3829 adaequatione
786 3759 958 3814 semicirculi.

360 3840 487 3894 Secunda
510 3855 597 3893 causa
620 3841 655 3892 ad
677 3855 735 3894 rem
748 3846 808 3893 est:
830 3847 862 3893 at
884 3839 935 3894 illa
955 3856 1009 3894 uon
1030 3840 1141 3910 penitus
1162 3840 1292 3912 repudiat
1308 3841 1459 3911 quintilem,
1483 3842 1531 3895 sed
1546 3840 1645 3896 solum·

282 3922 360 3974 modo
376 3919 606 3989 imperfectiorem
627 3918 696 3972 facit
718 3920 789 3973 trino
803 3927 833 3973 ιι
847 3920 952 3983 sextili,
976 3928 1109 3990 quantum
1123 3921 1231 3992 quidem
1245 3922 1308 3991 ipsa
1322 3921 1420 3992 pollet,
1441 3937 1502 3975 cum
1515 3922 1578 3976 sola
1592 3938 1646 3975 non

280 4001 326 4053 sit.
368 3999 536 4054 lrrationale
567 4007 661 4053 autem
685 3999 724 4053 sic
746 4015 874 4070 nuncupo
896 4016 957 4054 cunr
980 4001 1079 4071 rotgo,
1112 4003 1184 4072 quod
1205 4002 1235 4055 in
1256 4001 1429 4056 Harmoniois
1459 4001 1525 4056 milui
1548 4000 1647 4055 dicitur

281 4080 430 4134 ineffabile.

360 4160 456 4215 Tertia
474 4176 562 4214 causa
578 4159 708 4214 coincidit
721 4175 781 4212 cum
796 4158 896 4228 prima;
919 4158 1005 4214 omnis
1024 4160 1097 4214 enim
1118 4159 1146 4214 in
1159 4160 1332 4215 semicirculo
1345 4161 1468 4233 nguine
1485 4167 1578 4215 rectus
1592 4167 1645 4215 est.

280 4239 355 4294 Etsi
376 4238 461 4293 aliter
474 4240 637 4294 informetur
651 4241 721 4293 baec
735 4255 829 4301 causa,
855 4239 926 4308 quod
946 4238 1001 4293 bini
1019 4256 1128 4310 semper
1147 4248 1277 4310 aspectus
1290 4241 1416 4296 ιιιιιιιιι
1435 4257 1567 4297 mmmm
1580 4243 1648 4295 dno·

280 4336 340 4373 rum
361 4326 505 4382 rectorum,
527 4337 599 4374 nuuc
620 4319 807 4374 semicirculus
829 4319 929 4374 iterum
948 4327 993 4373 est
1013 4337 1108 4374 eorum
1127 4337 1266 4376 measma.

361 4399 469 4462 Quarta
483 4415 570 4453 causa
583 4400 670 4453 futilis
686 4407 738 4462 est,
762 4399 871 4453 sienim
886 4399 973 4453 tertia
985 4400 1075 4453 mollis
1090 4400 1152 4454 ideo
1166 4407 1211 4455 est
1222 4403 1418 4472 quodammodo
1432 4402 1566 4473 perfecta
1581 4401 1648 4471 quia

279 4479 368 4533 utitur
382 4481 478 4534 eadem
493 4479 625 4533 divisione
641 4496 702 4533 cum
715 4478 855 4548 perfectis,
875 4479 935 4532 scil.
951 4480 1130 4571 duodenaria,
1151 4496 1220 4535 sane
1234 4488 1264 4534 et
1277 4481 1374 4535 divisio
1391 4481 1533 4537 vicennis
1545 4480 1646 4536 outi-

281 4559 368 4614 tuitur
382 4559 543 4627 adjumento
557 4559 763 4651 quaternariae,
787 4566 818 4612 et
831 4559 1023 4630 sexagenaria
1036 4561 1185 4616 ternarias.
1227 4561 1257 4616 Si
1275 4561 1363 4616 tertia
1375 4564 1446 4617 duta
1459 4579 1515 4620 uon
1529 4563 1648 4655 quadrat

280 4639 315 4690 ad
337 4638 542 4704 dnodenarium,
558 4639 656 4708 majori
671 4637 788 4694 termino
799 4637 826 4701 5,
852 4655 919 4694 sane
943 4656 1032 4709 neque
1056 4640 1142 4695 tertia
1163 4641 1255 4695 mollis
1275 4643 1396 4713 quadrat
1417 4643 1454 4697 ad
1470 4642 1645 4704 ιιιιιιιιιιιιιι,

280 4716 378 4785 majori
392 4717 508 4772 termino
524 4720 551 4774 6.
593 4720 711 4773 Rursum
730 4719 754 4772 si
774 4718 861 4773 tertia
878 4718 968 4774 mollis
990 4720 1052 4774 ideo
1067 4721 1189 4775 babetur
1206 4738 1257 4792 pro
1275 4722 1411 4792 perfecta,
1433 4722 1501 4793 quia
1512 4729 1558 4777 est
1571 4721 1647 4778 dimi·

280 4796 354 4851 dmm
366 4796 452 4866 ipsius
467 4797 607 4869 (ιιιριιιιι,
631 4798 722 4870 magis
737 4799 823 4854 tertia
837 4801 907 4854 dura
919 4800 1072 4855 habebitur
1092 4817 1143 4870 pro
1158 4804 1293 4871 perfecta,
1315 4803 1382 4874 quia
1394 4809 1425 4857 et
1437 4802 1501 4872 ipsa
1514 4809 1559 4856 est
1571 4802 1647 4856 dimi·

279 4875 353 4931 dum
367 4876 453 4946 ipsius
467 4877 599 4950 diapente
614 4895 751 4950 superans
765 4885 883 4945 tantum,
905 4886 1039 4950 quantum
1054 4882 1141 4936 tertia
1154 4883 1245 4938 mollis
1260 4883 1351 4938 delicit
1365 4900 1384 4938 a
1396 4882 1514 4939 dimidio.
1550 4883 1647 4955 ltaque
