3609 5634
710 389 742 440 oa
759 389 833 440 aen
852 391 1015 457 acciones.
1233 325 1237 330 Ι
1476 393 1541 462 357

167 547 207 609 si
231 555 267 608 tu
289 545 446 627 intelligis,
471 544 608 628 Oedipus
631 547 703 610 mihi
726 556 808 623 esto;
824 548 897 651 'ipse
921 568 979 611 non
1004 550 1150 632 intelligo,
1175 571 1230 614 nec
1249 552 1371 634 scripsi,
1396 561 1431 617 ιιι
1453 556 1539 637 lege·

167 643 296 708 rentur,
318 635 373 697 sed
396 644 431 697 ut
453 655 499 697 me
523 653 695 700 exercerem
718 657 778 700 nna
799 638 878 701 vice.
924 636 1066 701 Extorsit
1088 639 1228 703 Schelius
1251 641 1440 706 mirabiliter.

252 741 375 798 taudem,
395 741 545 793 concludens
564 741 687 807 Kepierns
703 742 751 793 has
768 743 853 793 literas
871 743 995 810 longiores
1013 742 1062 808 (40
1079 747 1229 811 paginarum
1252 748 1279 797 in
1296 744 1440 810 inliciat

171 815 289 864 ettonem
317 814 508 863 umonomicsm
535 814 675 878 respondit
679 814 786 864 Fabricii
805 812 832 876 (,
836 814 906 865 Scire
932 817 1018 880 cupio,
1044 830 1078 867 sn
1086 811 1282 901 bypotbesisQ
1309 812 1375 882 etii
1401 819 1434 870 sd
1456 835 1541 872 serum

169 891 276 935 ιιιοιιιιιι
295 882 358 934 Solis
380 885 462 948 potins
479 885 625 948 respondere
649 885 741 935 debeat
758 892 800 935 too
822 885 932 948 iudicio,
958 893 987 938 ut
1011 889 1161 952 superiores
1183 884 1227 939 rel
1253 888 1286 939 sd
1310 889 1418 940 medium
1435 899 1539 943 motuni.

174 953 291 1016 Quaeso,
310 957 344 1004 mi
361 956 573 1018 preestsncissime
592 963 619 1004 ot
635 956 707 1004 ιιιιιιιι
727 958 897 1006 ιιιιιιιιιιιιιιιιιι
916 958 1040 1022 Keplere,
1067 974 1111 1022 pro
1130 959 1242 1011 Ursnics
1260 961 1372 1011 amicitia
1388 963 1539 1025 respondeas

174 1028 213 1077 ad
232 1029 390 1090 quaestiones
408 1026 509 1075 dirersis
526 1027 603 1077 literis
612 1029 767 1091 ‘propositas
805 1026 847 1077 Sic
870 1043 910 1078 mo
928 1030 1059 1094 plurimum
1081 1031 1178 1092 iurabis
1197 1037 1225 1082 et
1245 1046 1285 1081 me
1309 1032 1342 1082 sd
1360 1034 1443 1082 omnia
1468 1033 1538 1084 alsc-

97 1161 103 1166 .
173 1099 269 1147 riorem
292 1097 388 1148 reddes
426 1096 465 1146 Τιι
483 1098 542 1147 mihi
570 1100 603 1147 ris
621 1098 723 1161 Apollo,
752 1105 780 1148 tn
800 1098 929 1161 Cynosura
947 1111 1015 1158 esso,
1042 1107 1070 1150 tu
1088 1102 1186 1161 oculus,
1212 1103 1361 1153 bibaculus
1385 1118 1454 1153 meus
1475 1112 1537 1154 esto.

175 1168 270 1219 Nullus
289 1169 350 1218 mibi
368 1169 401 1218 sd
424 1174 508 1224 return
519 1171 606 1234 magis
630 1169 754 1220 ιιιιιιιιιι
781 1177 808 1219 et
834 1171 980 1222 sstmfacere
998 1178 1093 1235 potest,
1118 1186 1193 1237 quam
1211 1181 1247 1223 tn.
1283 1174 1359 1225 Vale
1367 1175 1454 1239 igitur,
1481 1178 1537 1259 sige

177 1246 207 1289 et
225 1240 300 1296 tiore,
330 1247 357 1288 et
373 1239 502 1289 Martialis
518 1240 658 1290 felicissime
678 1248 704 1289 et
723 1242 840 1291 citissime
859 1242 974 1297 absolve,
992 1250 1018 1292 et
1036 1246 1135 1307 saepius
1152 1242 1201 1293 huc
1219 1246 1355 1309 perscribe,
1383 1261 1431 1296 neo
1449 1247 1535 1297 amici·

176 1313 242 1361 tiam
259 1311 385 1374 inceptam
403 1310 498 1367 desere,
517 1312 579 1361 forte
596 1317 652 1374 post
670 1325 762 1361 sunum
779 1328 820 1363 me
831 1328 890 1363 non
908 1313 1011 1364 babebis
1029 1315 1257 1378 superstitem&
1277 1317 1379 1368 dmeotio
1397 1331 1457 1382 prse
1477 1317 1535 1368 fori·

176 1383 239 1433 bus!
276 1381 346 1431 Deus
364 1382 423 1431 mihi
442 1382 519 1431 adsit!
556 1383 661 1432 Amen.a

252 1451 278 1502 2.
298 1449 366 1515 (12.)
384 1455 443 1517 Apr.
463 1450 541 1502 1605.
562 1453 664 1503 Ostelse
682 1454 822 1503 Frisiorum
1026 1455 1097 1542 fuse
1114 1455 1292 1579 P'ssmpmss‘i
1309 1458 1501 1542 studiosissimus

1172 1563 1179 1578 .
1226 1543 1243 1579 a
1269 1544 1375 1579 riorus.

267 1620 465 1685 somecergo
484 1612 689 1692 Keplerus:
723 1612 838 1675 Vemm
868 1613 950 1676 Solis
979 1623 1091 1677 motum
1119 1635 1175 1694 ego
1204 1635 1259 1696 per
1285 1618 1387 1679 omnis
1415 1636 1534 1697 sequor,

177 1702 273 1764 etiam
296 1702 325 1763 io
348 1702 469 1762 Venere
493 1710 525 1762 et
547 1702 706 1776 Mercurio,
730 1721 785 1764 ceu
808 1702 962 1765 Ariadnes
985 1705 1077 1766 filum.
1123 1703 1202 1767 Nam
1226 1724 1292 1767 cum
1311 1707 1440 1769 medium
1454 1707 1532 1768 Pto-

175 1791 311 1853 lemaens
335 1796 518 1869 sequeretur,
543 1810 617 1871 opus
641 1791 699 1870 ipsi
723 1792 780 1853 fuit
801 1800 962 1871 praeterea
984 1792 1129 1875 epicyclio
1148 1813 1202 1855 seu
1217 1803 1477 1858 ecoentreccentro
1496 1795 1534 1857 ob

177 1887 358 1961 aequantem
382 1876 464 1939 Solis
488 1878 666 1957 ignoratum.

264 1968 366 2047 Atque
380 1967 426 2028 ita
448 1966 498 2028 vol
520 1968 644 2029 tandem
658 1968 735 2030 vale.
779 1966 895 2047 Scripsi
915 1967 965 2030 li.
981 1967 1051 2031 Oct.
1071 1965 1166 2033 1605.
1217 1968 1328 2032 Saluta
1341 1971 1379 2033 D.
1399 1969 1532 2033 Cancel-

178 2057 295 2119 larium
342 2054 447 2117 Scribe
471 2056 562 2119 situm
586 2055 712 2118 Ostelae
736 2056 774 2117 ad
799 2055 941 2132 Emdam,
967 2055 1109 2120 Aurioum
1133 2059 1188 2120 dcc.
1217 2066 1249 2121 et
1272 2060 1357 2121 mitte
1381 2061 1533 2123 crastinae

179 2145 301 2225 eclipsis
325 2144 497 2206 observata.
1219 2147 1291 2210 Jola
1314 2146 1442 2230 Kepier.

253 2249 399 2306 Ριοιιιιιιι,
426 2264 491 2314 qnae
510 2248 556 2299 has
583 2248 732 2299 subsecutae
755 2256 812 2298 sunt
839 2212 927 2300 literae
945 2249 1048 2315 Kepleri
1069 2252 1189 2302 ιιιιιοιι.
1205 2251 1227 2300 l.
1240 2255 1306 2318 Aug.
1328 2251 1405 2303 1607.
1424 2257 1535 2306 maxims

178 2337 209 2372 es
226 2327 298 2385 perte
316 2319 406 2371 Martis
423 2321 545 2370 theoriam
564 2321 680 2376 attinent,
699 2334 776 2384 quare
793 2320 839 2370 har
857 2322 905 2371 hoc
923 2322 977 2372 loco
996 2326 1222 2386 praetermittentes
1240 2326 1373 2374 ιιιιιιιιιιιιι
1388 2326 1421 2375 ad
1432 2327 1533 2376 ultimas

177 2392 322 2456 aKeplero
340 2392 373 2441 sd
391 2392 531 2441 Fabricium
549 2390 663 2440 datasd.
685 2390 725 2439 10.
745 2391 809 2441 Nor.
833 2389 909 2448 1606,
929 2394 1048 2457 equibus
1065 2408 1149 2457 panca
1165 2395 1213 2445 hnc
1234 2396 1367 2445 referenda
1384 2402 1451 2446 sont.
1481 2397 1531 2446 lni-

176 2466 238 2513 tium
256 2463 419 2527 respondendi
437 2462 500 2511 facit
518 2462 550 2511 sd
567 2462 652 2511 literas
671 2463 777 2512 Fabricii
797 2463 820 2512 d.
841 2464 864 2512 d.
885 2463 909 2511 2.
930 2461 999 2526 (12.)
1019 2463 1075 2514 Oct.
1098 2462 1178 2524 1606,
1203 2467 1228 2515 in
1247 2467 1335 2530 quibus
1352 2466 1420 2516 haud
1438 2482 1532 2532 pouces

177 2533 381 2599 deprehendimus
399 2533 556 2597 quaestiones
576 2533 609 2581 ad
628 2533 788 2597 astrologiam
805 2536 967 2597 pertinentes,
986 2536 1111 2586 scribens:

267 2622 356 2694 Quod
380 2632 521 2702 aspectus
545 2632 707 2701 operantur
731 2623 760 2684 in
783 2622 858 2703 ipsis
882 2626 1011 2704 punctis,
1036 2625 1076 2697 id,
1101 2624 1155 2699 ais,
1182 2643 1249 2686 esse
1272 2625 1413 2688 indicium
1437 2645 1531 2706 pecu-

176 2712 262 2775 liaris
286 2712 481 2774 ordinationis
504 2710 573 2772 Dei.
621 2709 687 2781 Quo
711 2712 812 2773 verius
837 2712 941 2774 dixisti
965 2714 1203 2794 theologice,
1238 2713 1295 2775 hoc
1318 2715 1414 2776 minus
1439 2734 1531 2777 accu-

176 2812 244 2864 rate
268 2802 305 2862 ad
328 2799 509 2884 physicas
533 2800 625 2879 leges.
673 2800 747 2861 Levi
772 2803 983 2863 emendatione
1014 2802 1107 2864 coibit
1138 2809 1192 2863 tua
1215 2804 1454 2865 sententiarum
1476 2823 1532 2865 ve-

180 2889 280 2952 ritate.
336 2889 481 2951 indicium
515 2897 563 2948 est
588 2888 746 2964 nimirum,
782 2909 840 2951 non
873 2910 941 2951 esse
971 2890 1158 2951 materialem
1195 2891 1417 2965 conditionem,
1454 2911 1530 2971 quae

179 2988 335 3058 aspectum
358 2978 554 3053 determinat,
579 2976 657 3039 sicut
681 2987 730 3039 est
752 2979 918 3039 materialis
943 2979 1094 3055 conditio,
1119 2998 1193 3059 quae
1219 2979 1400 3041 determinat
1423 2999 1532 3060 opera-

178 3068 292 3128 tionem
315 3067 391 3129 radii
408 3065 500 3139 Solis,
520 3065 636 3127 scilicet
661 3075 744 3127 recta
768 3065 888 3145 objecta
902 3066 1014 3127 Terrae
1034 3068 1217 3146 superficies.
1263 3068 1344 3131 Nam
1364 3087 1420 3149 quo
1436 3069 1533 3130 minus

178 3164 263 3222 recte,
283 3155 403 3235 objecta
426 3163 474 3216 est
498 3155 599 3235 aliqua
623 3154 807 3234 superficies,
831 3156 887 3216 hoc
903 3156 1000 3216 minus
1025 3157 1133 3217 efficax
1148 3165 1195 3217 est
1211 3156 1288 3217 ictus
1313 3157 1388 3219 radii
1405 3157 1531 3220 Solaris.

176 3242 239 3306 Sed
262 3254 369 3305 contra
393 3245 424 3305 in
449 3244 638 3322 aspectibus,
672 3243 741 3322 quia
765 3263 821 3304 non
846 3244 1080 3325 aequiparantur
1107 3244 1152 3306 illi
1176 3237 1338 3306 continuae
1359 3246 1531 3327 quantitati,

176 3334 231 3394 sed
257 3333 358 3412 potius
387 3332 550 3405 discretae,
584 3351 641 3393 non
671 3341 797 3411 agentes
826 3334 924 3411 magis
954 3340 985 3394 et
1013 3333 1110 3395 minus
1137 3353 1192 3414 pro
1220 3335 1324 3413 majori
1354 3335 1402 3396 vel
1426 3336 1533 3397 minori

177 3415 370 3483 inclinatione
394 3422 517 3482 duorum
532 3422 690 3496 radiorum,
715 3421 782 3482 ideo
801 3423 948 3494 indicant,
974 3420 1070 3483 Deum
1087 3423 1243 3484 ordinasse
1258 3423 1421 3485 facultates
1437 3443 1531 3503 quas-

181 3511 251 3571 dam
275 3511 420 3571 animales
445 3511 474 3570 in
498 3510 545 3570 his
566 3509 678 3585 Terris,
701 3512 812 3572 mentis
837 3511 1056 3592 quodammodo
1079 3510 1244 3591 participes
1262 3511 1300 3572 ad
1323 3511 1533 3590 percipiendas

176 3599 376 3679 geometricas
403 3598 650 3679 pulchritudines,
675 3619 729 3661 seu
753 3601 844 3661 etiam
870 3599 1056 3680 quantitates
1072 3600 1232 3672 discretas,
1257 3598 1363 3677 quibus
1378 3601 1530 3679 perceptis

176 3688 260 3767 ipsae
284 3695 389 3750 essent
411 3706 557 3766 operosae
582 3689 611 3748 in
637 3688 818 3749 exsudandie
841 3688 1014 3767 vaporibus.
1060 3688 1145 3748 Haec
1174 3695 1223 3748 est
1245 3684 1336 3765 igitur
1359 3688 1413 3749 illa
1435 3708 1529 3769 pecn-

175 3776 258 3837 liaris
281 3776 338 3838 Dei
362 3776 519 3850 ordinatio,
547 3777 709 3838 facultates
733 3776 803 3837 illae
827 3785 899 3838 sunt
921 3775 1069 3854 imagines
1088 3776 1154 3849 Dei,
1180 3774 1380 3855 percipientes
1404 3796 1529 3856 geome-

177 3865 284 3927 tricam·
306 3865 566 3945 pulchritudinem,
587 3872 620 3926 ut
643 3864 736 3925 Deus.

261 3962 372 4013 Deinde:
395 3954 591 4034 Astrologica
604 3952 767 4032 interjicis:
793 3953 840 4032 qui
857 3952 981 4032 planeta
1005 3951 1042 4012 ab
1066 3950 1126 4013 alio
1140 3953 1284 4031 patiatur,
1311 3972 1349 4013 an
1369 3954 1419 4034 qui
1433 3954 1529 4018 minor

173 4050 206 4104 et
229 4042 393 4119 obscurior,
419 4063 456 4103 an
479 4061 551 4104 vero
575 4042 625 4122 qui
649 4041 790 4104 inferior?
835 4041 901 4120 Ego
928 4038 1124 4121 astrologiam
1146 4040 1225 4103 inter
1249 4042 1412 4104 facultates
1428 4052 1526 4106 te'rre-

172 4140 252 4193 utres
277 4151 413 4194 exerceo.
466 4131 500 4192 In
525 4132 608 4192 coelo
633 4131 715 4192 nulla
739 4141 787 4193 est
809 4138 912 4196 mutua
934 4131 1047 4210 passio,
1073 4132 1127 4192 sed
1150 4130 1180 4191 in
1195 4130 1394 4208 imaginativa
1408 4133 1528 4193 occulta

172 4221 369 4283 nascentium.
417 4217 477 4281 Sed
502 4220 624 4301 propius
653 4221 690 4280 ad
715 4221 863 4299 principia
886 4220 1081 4299 astrologica.
1129 4217 1349 4297 Significatoris
1378 4226 1427 4280 est
1450 4219 1526 4299 pati,

171 4309 363 4387 promissoris
387 4328 487 4388 agere.
533 4308 616 4388 Ergo
640 4329 706 4370 cum
729 4310 759 4371 in
783 4307 894 4370 saniori
919 4308 1085 4386 astrologia
1108 4307 1328 4386 significaturos
1358 4307 1429 4367 nulli
1454 4307 1525 4376 siut,

170 4398 227 4460 nisi
251 4398 319 4473 Sol,
352 4398 453 4473 Luna,
486 4398 615 4460 medium
638 4398 729 4468 coeli,
763 4398 944 4471 ascendens,
968 4398 1025 4457 soli
1047 4395 1139 4476 igitur
1166 4396 1382 4477 bipatientur.
1429 4395 1526 4458 Simul

169 4493 268 4549 tamen
293 4496 325 4549 et-
348 4486 402 4550 Sol
426 4498 458 4550 et
481 4488 569 4549 Luna
592 4495 684 4566 agent
706 4487 735 4547 in
761 4487 975 4547 ascendentem
998 4492 1029 4546 et
1051 4484 1180 4546 medium
1204 4485 1296 4555 coeli,
1322 4484 1392 4564 quia
1415 4484 1469 4549 Sol
1493 4497 1526 4550 et

168 4575 255 4638 Luna
278 4584 349 4639 eunt
372 4577 465 4638 etiam
487 4575 696 4657 promissores.

211 4682 353 4816 2933qu
370 4684 484 4734 Fabricio
504 4680 692 4748 ,prognostios“
712 4682 808 4745 petenti
827 4680 943 4735 nunciat,
962 4692 994 4728 es
1021 4677 1175 4728 conscribere
1197 4692 1226 4728 se
1252 4679 1411 4731 intermisisse
1430 4680 1521 4749 (comp.

166 4769 190 4819 P·

237 4843 348 4893 Ultimae
367 4842 516 4892 Fabricii
534 4842 621 4891 literae
641 4840 672 4890 sd
685 4838 821 4904 Keplemm
840 4838 916 4888 datae
934 4837 1033 4887 suntd.
1055 4834 1095 4886 12.
1118 4835 1273 4899 (wilfert
1294 4835 1371 4897 1609,
1391 4843 1518 4907 equibus,

165 4919 194 4964 ut
203 4913 277 4980 buius
288 4914 415 4964 litersmm
428 4915 568 4968 commercii
579 4915 654 4964 finem
665 4913 796 4968 iaciamus,
814 4910 878 4959 haec
890 4923 974 4975 pauca
985 4909 1160 4960 desumsimus:
1180 4924 1236 4977 ego,
1248 4912 1336 4977 inquit,
1355 4918 1424 4977 puto,
1436 4914 1519 4967 Deum
