3609 5634
685 384 716 433 a
733 384 806 434 nou
825 383 986 448 aesca·
1450 343 1529 446 aar

142 540 293 624 pudiant,
317 549 354 603 ut
376 540 579 604 dissonantes.
625 538 678 603 Sic
701 541 795 621 igitur
817 541 865 604 hio
887 559 990 603 ramus
1013 537 1254 602 ratiocinationis
1279 538 1436 602 absolutus
1451 546 1515 602 est:

146 651 250 695 aures
274 631 368 705 enirn,
398 650 475 712 quae
498 632 646 693 hactenus
668 631 753 692 illum
775 630 943 692 continuari
968 636 1039 692 sunt
1060 647 1185 709 passae,
1215 629 1281 708 jam
1304 627 1418 690 sistunt
1439 627 1517 690 hanc

145 720 424 783 continuationem.
467 719 552 782 Idem
567 719 687 795 accidit,
713 720 751 793 si,
773 727 810 781 ut
830 737 903 798 pars
928 716 949 780 2
972 737 1040 780 cum
1057 713 1159 779 totab
1175 723 1331 791 consonat,
1357 717 1401 779 sie
1421 724 1517 778 totam

145 810 188 872 in
213 807 233 871 7
257 809 335 871 velis
359 809 508 884 dividere;
541 828 611 870 nam
634 817 706 870 tunc
729 808 849 889 quidem
871 826 943 887 pars
967 804 988 869 2
1016 826 1084 868 cum
1105 813 1194 889 parte
1217 805 1237 868 5
1261 804 1458 881 consonabit,
1483 815 1518 867 at

148 917 255 979 neque
278 917 350 978 pars
374 896 406 972 2,
430 916 526 979 neque
547 915 620 976 pars
643 896 663 960 5
688 893 866 968 consonabit
889 916 957 958 cum
979 904 1047 959 tots
1065 893 1097 957 7.
1134 894 1177 957 Et
1199 895 1270 975 quia
1283 894 1443 956 verbosum
1457 904 1516 968 est,

149 989 278 1068 reliqua
301 987 439 1050 similiter
468 987 590 1066 exsequi
619 986 706 1066 hujus
730 984 990 1060 ratiocinationis,
1024 983 1127 1063 accipe
1150 990 1248 1046 totam
1278 983 1362 1045 illam
1389 982 1420 1044 in
1443 990 1516 1064 typo

152 1077 243 1150 (vide
267 1095 359 1156 supra
380 1095 409 1156 p.
430 1072 521 1150 373).
568 1075 730 1154 Tantisper
751 1075 832 1137 enim
855 1073 993 1154 procedit
1014 1070 1215 1147 ratiocinatio,
1240 1072 1338 1152 quoad
1357 1072 1518 1151 impegerit

151 1167 188 1227 iu
212 1185 353 1228 numeros
379 1165 413 1240 7,
439 1162 474 1240 9,
502 1163 558 1239 11,
586 1161 637 1227 13.
684 1161 721 1226 Si
744 1163 822 1226 enim
846 1171 915 1225 tota
937 1162 1050 1224 chorda
1080 1161 1110 1222 in
1141 1169 1189 1223 tot
1220 1168 1325 1242 partes
1353 1159 1515 1235 dividatur,

150 1257 223 1335 jam
245 1262 350 1334 partes
373 1254 638 1335 quomodocunque
661 1260 778 1318 sumtae
803 1274 822 1314 a
844 1260 912 1314 tota
935 1252 1103 1314 dissonant.

253 1343 418 1414 Quaeritur
440 1343 489 1404 hic
513 1344 562 1416 (ut
583 1343 723 1405 immorer
746 1341 975 1422 aliquantisper]
999 1340 1173 1420 priusquam
1197 1337 1237 1398 ad
1259 1344 1358 1399 totam
1380 1357 1435 1399 eoo
1457 1342 1516 1399 dsu-
1617 1415 1619 1422 .

155 1454 264 1495 saeos
287 1433 466 1495 divisionem
487 1431 689 1512 progrediar),
714 1450 791 1513 quae
814 1451 909 1494 causa
931 1429 981 1504 sit,
1006 1448 1058 1491 our
1082 1445 1169 1490 aures
1191 1425 1287 1506 primo
1312 1427 1390 1488 inter
1412 1434 1516 1507 partes

160 1523 175 1584 1
204 1530 237 1583 et
263 1520 290 1599 1,
316 1528 468 1584 ettotam
492 1518 530 1594 2,
553 1528 663 1599 postea
685 1520 765 1582 inter
787 1527 892 1600 partes
919 1517 952 1594 1,
977 1515 998 1580 2
1021 1526 1054 1579 et
1075 1524 1174 1579 totam
1195 1513 1230 1590 3,
1254 1514 1334 1577 inter
1355 1523 1461 1595 partes
1488 1515 1515 1590 1,

158 1609 237 1673 det
260 1619 358 1672 totam
380 1607 411 1684 4,
435 1617 540 1689 partes
568 1609 594 1683 l,
618 1605 640 1671 4
663 1617 696 1672 et
718 1617 815 1672 totam
838 1607 868 1684 5,
893 1616 998 1688 partos
1024 1604 1056 1682 1,
1082 1604 1102 1668 5
1127 1613 1159 1667 et
1180 1612 1278 1666 totam
1301 1601 1331 1680 6,
1356 1612 1461 1683 partes
1484 1601 1514 1679 2,

159 1698 181 1762 3
206 1709 238 1760 et
259 1708 357 1761 totam
380 1697 412 1771 5,
435 1706 539 1780 partes
563 1696 595 1772 3,
619 1695 639 1760 5
663 1705 815 1760 ettotam
839 1696 868 1773 8,
895 1695 1065 1777 approbent
1087 1694 1326 1768 consonantiam,
1350 1693 1430 1756 inter
1443 1712 1515 1756 vero

156 1796 258 1850 totam
281 1787 311 1863 7,
337 1784 367 1863 9,
396 1787 450 1860 11,
477 1785 517 1852 13
542 1794 574 1849 et
595 1793 700 1866 partes
723 1805 915 1867 quascunque
937 1786 1052 1848 nullam
1082 1783 1238 1846 inveniant
1262 1782 1515 1846 concordantiam.

157 1877 289 1940 Putares
313 1895 438 1939 causam
460 1895 539 1947 esse,
564 1877 641 1956 quod
666 1874 696 1952 7,
721 1872 753 1950 9,
781 1875 831 1946 11,
858 1872 899 1939 13
923 1883 995 1937 sunt
1017 1875 1160 1953 impares.
1206 1872 1253 1934 At
1274 1890 1332 1934 non
1357 1879 1405 1934 est
1413 1891 1422 1946 3
1446 1890 1516 1933 narn

160 1975 194 2029 et
217 1963 237 2029 3
262 1974 294 2027 et
317 1962 338 2027 5
362 1973 433 2027 sunt
454 1965 601 2045 impares,
631 1984 686 2026 nso
714 1964 880 2046 impediunt
908 1963 1148 2026 concordantias.
1194 1962 1300 2043 Neque
1321 1962 1400 2034 haec
1424 1979 1517 2022 causa

160 2063 219 2132 est,
243 2054 322 2135 quod
346 2054 407 2116 sint
428 2055 533 2135 primi3
556 2073 626 2115 uam
649 2050 670 2116 9
694 2071 751 2114 non
776 2060 825 2115 est
848 2071 986 2116 numerus
1009 2052 1132 2132 primus,
1157 2058 1314 2112 ettamen
1339 2050 1516 2112 discordans

160 2153 218 2219 est,
243 2153 276 2206 et
298 2151 404 2205 contra
426 2140 456 2218 3,
482 2142 502 2206 5
526 2150 597 2205 aunt
618 2141 717 2222 primi,
741 2161 797 2203 nec
820 2151 921 2204 tamen
945 2141 1119 2202 discordant
1144 2138 1239 2202 esuis
1254 2139 1401 2218 partibus.
1438 2138 1515 2201 Dico

158 2233 252 2312 igitur
274 2243 397 2294 causam
424 2232 503 2293 hane
533 2249 621 2304 esse,
654 2230 725 2313 quia
757 2231 911 2293 circularis
943 2227 1024 2292 linea
1057 2231 1149 2308 (quae
1182 2227 1354 2308 aequivalet
1385 2227 1516 2289 chordae

158 2329 262 2383 rectae
286 2327 318 2382 et
341 2321 566 2402 aequisonaret,
600 2320 626 2381 si
649 2319 837 2384 circulariter
867 2317 952 2381 teudi
974 2318 1088 2398 possit)
1121 2317 1152 2378 in
1175 2313 1214 2389 2,
1240 2314 1278 2389 3,
1301 2313 1342 2389 4,
1366 2315 1405 2390 5,
1430 2311 1469 2391 6,
1494 2313 1516 2377 3

160 2409 253 2472 dividi
277 2410 459 2489 geometrice
482 2416 594 2490 potest,
618 2410 647 2470 in
673 2407 702 2485 7,
728 2406 758 2483 9,
787 2407 835 2482 11,
864 2405 903 2470 13
918 2407 1100 2485 geometrice
1115 2405 1207 2466 dividi
1226 2406 1338 2484 nequit,
1363 2422 1421 2465 non
1440 2403 1515 2465 vitio

160 2499 335 2561 intellectus
358 2499 463 2572 nostri,
488 2517 546 2560 nou
568 2497 793 2580 imperfectione
818 2498 963 2558 scientiae
987 2493 1198 2575 geometricae,
1222 2492 1276 2555 aed
1292 2499 1412 2554 natura.
1449 2493 1513 2554 Im-

158 2588 255 2668 plicat
278 2586 386 2669 quippe
410 2587 695 2662 contradictionem,
728 2586 869 2647 circulum
902 2585 933 2647 in
958 2581 977 2645 7
1002 2583 1141 2662 aequalia
1163 2584 1345 2662 geometrice
1370 2581 1513 2644 dividere.

159 2677 268 2757 ltaque
283 2677 414 2739 facultas
428 2677 490 2749 illa,
517 2695 592 2756 quae
612 2684 736 2755 praeest
755 2674 878 2749 auditui,
905 2691 1038 2735 summae
1052 2672 1179 2733 rationis
1194 2689 1306 2750 capax,
1330 2670 1399 2733 illos
1423 2688 1515 2733 annos

158 2765 320 2845 improbat,
346 2765 397 2844 qui
420 2767 515 2827 fluunt
538 2785 557 2826 a
580 2764 816 2844 longitudinibus
840 2762 1091 2844 α’γιωμιτριῃοις,
1115 2760 1273 2841 approbat,
1298 2760 1347 2840 qui
1372 2780 1391 2821 a
1414 2761 1513 2840 longi·

153 2854 313 2917 tudinibus
337 2854 528 2933 geometricis
551 2854 694 2934 pendent.
732 2851 802 2922 Qua
825 2852 854 2913 in
878 2871 911 2913 re
935 2860 1101 2913 creatorem
1124 2848 1259 2911 imitatur
1273 2857 1421 2924 creatura,
1446 2868 1516 2910 naut

160 2952 192 3005 et
215 2942 267 3004 ille
291 2961 389 3005 rerum
412 2944 498 3005 ideas
522 2941 670 3004 desumsit
693 2961 709 3003 e
732 2960 810 3021 penu
833 2940 1025 3020 geometrico,
1049 2957 1107 3000 non
1131 2957 1170 2999 ex
1185 2937 1404 3017 quantitatibus
1427 2936 1514 3014 dyada
1539 2963 1545 2968 ·

159 3050 334 3110 μιτρητοιςς
358 3050 434 3110 pene
459 3031 613 3106 dixissem,
637 3031 710 3092 illud
734 3029 858 3104 creavit,
883 3029 961 3109 quod
982 3045 1084 3091 creare
1102 3026 1215 3107 potuit;
1241 3027 1319 3106 quod
1333 3045 1391 3087 non
1406 3027 1515 3106 potuit,

161 3121 271 3184 omisit.
318 3119 399 3182 Sane
430 3120 585 3182 fatendum
609 3128 677 3193 est,
711 3119 790 3198 quod
822 3119 978 3180 contendit
1005 3118 1094 3180 Plato
1130 3122 1160 3178 et
1191 3134 1229 3176 ex
1252 3134 1287 3177 eo
1312 3113 1418 3178 Cicero
1452 3112 1515 3196 (De

158 3209 353 3271 Divinatione
371 3209 448 3282 11.):
473 3210 560 3271 nefas
584 3228 652 3270 esse
676 3209 820 3287 cogitare,
844 3214 877 3268 nt
897 3207 980 3268 Deus
1000 3205 1169 3269 condiderit
1186 3205 1328 3267 mundum
1351 3223 1410 3265 non
1426 3223 1516 3285 quam

159 3299 223 3360 fieri
246 3298 345 3377 potuit
368 3298 524 3377 optimum,
558 3298 622 3379 ipse
647 3297 778 3377 optimus
808 3302 840 3356 et
869 3295 1118 3375 perfectissimus.
1164 3296 1200 3358 In
1222 3294 1279 3357 hoc
1303 3294 1368 3355 solo
1392 3293 1517 3356 offendit

101 3404 108 3410 ’
158 3387 269 3467 pietas,
294 3389 373 3467 quod
396 3386 541 3450 bonitatis
565 3387 649 3466 leges
672 3394 705 3448 et
726 3385 941 3447 necessitatem
955 3383 1040 3447 videt
1054 3384 1196 3447 collocari
1219 3402 1278 3445 non
1300 3382 1331 3444 in
1345 3382 1403 3444 Dei
1426 3402 1515 3445 crea-

158 3477 235 3538 toris
259 3476 392 3550 arbitrio,
418 3477 471 3537 sed
495 3483 590 3551 extra,
616 3474 646 3537 in
668 3474 739 3536 idea
762 3474 956 3555 geometrica.
993 3473 1090 3553 Atqui
1113 3473 1228 3552 cogitet
1246 3472 1415 3550 theologus,
1439 3472 1516 3533 hanc

158 3565 257 3646 ipsam
280 3584 379 3628 rerum
402 3565 661 3645 geometricarum
674 3563 840 3636 familiam,
874 3582 912 3625 ex
939 3581 999 3643 qua
1033 3562 1103 3623 idea
1133 3560 1235 3622 mundi
1268 3561 1427 3639 depromta
1456 3568 1512 3635 est,

160 3656 244 3737 prius
277 3654 398 3734 inipsa
421 3654 556 3716 essentia
587 3652 690 3714 divina
720 3653 832 3724 luisse,
864 3671 954 3731 quam
985 3651 1015 3711 iu
1049 3650 1187 3712 materia.
1233 3650 1263 3710 A
1286 3649 1414 3710 materia
1437 3647 1516 3710 enirn

161 3753 262 3806 mente
285 3751 390 3824 potest
413 3742 559 3816 abstrahi,
583 3762 602 3802 a
625 3750 725 3803 mente
741 3741 843 3802 divina
866 3738 1004 3801 abstrahi
1022 3739 1205 3818 cogitatione
1225 3756 1282 3800 non
1297 3744 1411 3816 potest.
1451 3736 1514 3817 lgi·
1568 3755 1572 3764 ’

160 3841 210 3895 tur
233 3834 265 3894 iu
287 3833 353 3894 Deo
377 3831 434 3894 fuit
455 3830 659 3893 essentialiter
683 3830 721 3891 ab
745 3838 882 3902 aeterno,
910 3829 942 3889 iu
965 3830 1123 3890 materiam
1147 3846 1185 3888 ex
1207 3826 1264 3889 Dei
1288 3826 1423 3888 essentia
1445 3845 1514 3888 cre-

161 3922 239 3983 ando
264 3921 392 3983 influxit.
439 3920 579 3996 Diceres,
609 3918 775 3981 essentiam
799 3917 933 3979 divinam
956 3936 1023 3979 esse
1048 3917 1251 3997 sphaericum,
1275 3933 1390 3977 vacans
1413 3916 1515 3995 spatio

161 4017 193 4072 et
216 4010 354 4083 materia,
379 4009 423 4072 sic
445 4010 577 4071 utDeus
600 4016 688 4089 pater
711 4006 753 4069 sit
775 4015 921 4081 centrum,
944 4006 1023 4068 filins
1047 4005 1229 4086 superficies,
1254 4004 1379 4086 spiritus
1394 4004 1513 4067 distan-

161 4101 225 4162 tiae
249 4098 418 4180 aequalitas
442 4100 536 4160 eentri
560 4118 579 4159 a
602 4096 766 4178 superficie.
811 4096 882 4158 Jarn
905 4113 1015 4158 novum
1044 4096 1075 4156 in
1092 4095 1251 4175 theologia
1274 4113 1333 4157 non
1358 4101 1423 4168 est,
1458 4089 1539 4154 vo?

161 4189 310 4251 luntatem
333 4195 365 4250 et
388 4188 544 4250 arbitrium
566 4187 625 4248 Dei
648 4184 712 4266 regi
736 4207 755 4247 a
777 4185 893 4266 legibus
923 4186 1074 4247 essentiae
1104 4173 1203 4258 suae)
1223 4192 1258 4245 nt
1285 4181 1407 4245 mentiri
1429 4182 1514 4254 nolit,
1629 4181 1631 4188 ’

161 4277 232 4359 quia
254 4297 314 4339 nou
336 4286 458 4358 potest,
493 4276 729 4338 contradictoria
753 4276 844 4347 nolit,
879 4274 949 4354 quia
977 4280 1115 4354 pugnant
1146 4292 1212 4335 eum
1243 4271 1340 4351 ipsius
1367 4271 1512 4332 essentia.

159 4366 265 4428 Noluit
288 4366 378 4447 igltur
402 4367 491 4428 aliam
514 4365 616 4427 indere
640 4365 767 4425 formam
789 4363 897 4424 mundo
921 4364 1092 4436 materiato,
1118 4379 1207 4440 qnam
1231 4363 1314 4441 cujus
1340 4360 1438 4420 ideam
1462 4378 1514 4422 ro·

159 4455 239 4536 perit
262 4455 495 4519 immateriatam
520 4461 551 4516 et
573 4462 607 4516 ut
630 4454 675 4516 ita
698 4453 796 4514 dicam
818 4451 1017 4532 inspatiosam
1040 4455 1069 4512 in
1103 4469 1159 4510 sua
1178 4449 1320 4512 essentia.
1365 4449 1424 4510 Illa
1442 4466 1514 4510 vero

160 4564 218 4607 non
242 4546 377 4610 admittit
400 4544 628 4626 septangulnm,
662 4542 882 4620 nonangulum,
918 4540 1029 4602 nullum
1055 4539 1148 4618 igitur
1171 4536 1341 4618 hujusmodi
1363 4555 1459 4619 neque
1482 4538 1513 4599 in

158 4636 345 4716 corporibus,
370 4653 466 4716 neque
490 4633 520 4694 in
544 4633 685 4703 mutibus,
709 4648 804 4710 neque
828 4631 857 4690 in
872 4647 1015 4691 sensuum
1037 4626 1227 4710 praesidibus
1250 4627 1447 4690 facultatibus
1466 4633 1515 4689 est

160 4743 345 4804 expressum.
394 4723 527 4788 Causam
550 4722 602 4798 rei,
628 4739 718 4803 quam
743 4720 887 4799 detegunt
911 4736 1015 4793 aures,
1042 4735 1151 4798 quaere
1175 4717 1283 4793 aliani,
1306 4716 1333 4779 si
1356 4715 1430 4779 haec
1454 4734 1513 4779 non

159 4814 270 4894 placet.
