3609 5634
1424 357 1589 424 caput
1620 357 1753 412 m.
1789 359 1896 415 xx.
2899 361 3021 430 m

1424 570 1662 669 Caput
1714 568 1894 648 XX.

939 730 1122 808 Quae
1159 730 1247 793 eit
1280 729 1613 812 proportio
1649 737 1931 792 motuum
1966 729 2057 791 ad
2102 731 2296 793 orbes.
2327 734 2382 806 ⁸)

403 869 685 951 Atque
733 872 1027 935 hactenus
1075 872 1314 953 quidem
1357 870 1704 950 expeditum
1750 880 1849 933 est
1894 881 2311 951 argumentum
2358 873 2523 948 illud,
2575 892 2690 953 quo
2720 892 2833 955 ego
2880 877 3016 956 plu-

189 956 457 1020 timum
544 961 811 1024 roboris
868 960 1078 1028 afferri
1132 970 1277 1041 puto
1337 960 1576 1023 novatis
1630 952 2104 1041 hypothesibus,
2173 962 2794 1042 demonstratumque,
2861 966 3018 1045 quod

189 1050 685 1134 proportione
734 1050 990 1130 quinque
1036 1048 1399 1130 regularium
1445 1067 1755 1128 corporum
1805 1057 2054 1113 utantur
2081 1049 2435 1127 ἀποςηματα
2464 1051 2736 1113 orbium
2720 1073 2779 1114 in
2820 1053 3018 1135 hypo-

192 1122 551 1200 thesibus
612 1137 956 1222 Copernici.
1025 1140 1360 1202 Videamus
1407 1138 1606 1208 mod0‚
1654 1145 1851 1200 utrum
1899 1139 2092 1200 altero
2141 1139 2324 1201 etiam
2362 1148 2715 1218 argumento
2762 1161 2839 1203 ex
2884 1163 3018 1206 mo-

198 1225 396 1287 tibus
458 1228 766 1291 deducto
812 1228 1048 1309 possint
1094 1236 1157 1291 et
1201 1245 1394 1288 novae
1440 1226 1808 1309 hypotheses
1854 1236 1918 1289 et
1964 1227 2077 1290 hae
2121 1228 2293 1308 ipsae
2334 1229 2565 1290 orbium
2617 1228 3019 1294 dimensiones

199 1312 750 1418 Copernicanae
798 1318 1150 1390 confirmari,
1198 1325 1379 1397 atque
1428 1316 1486 1376 in
1531 1316 1916 1395 proportione
1964 1325 2228 1378 motuum
2277 1319 2353 1380 ad
2395 1315 2748 1396 ἀποςηματα
2795 1321 3018 1384 certior

203 1404 400 1466 ratio
462 1426 568 1468 ex
624 1404 981 1492 G'opernicO,
1033 1425 1212 1487 quam
1258 1423 1335 1465 ex
1383 1405 1627 1466 usitatis
1675 1405 2129 1485 hypothesibuS,
2180 1406 2404 1470 haberi.
2501 1404 2692 1477 Qua
2676 1429 2734 1470 m
2765 1429 2828 1470 re
2878 1410 3017 1472 dum
3127 1435 3136 1442 ’

208 1494 724 1572 amplitudines
772 1496 998 1559 orbium
1054 1494 1359 1575 proximas
1408 1491 1840 1573 Copernicanis
1898 1513 1975 1555 ex
2018 1503 2283 1558 motuum
2329 1501 2680 1574 περιοδικοις
2727 1501 3016 1579 tempori-

216 1583 352 1645 bus
408 1581 617 1647 bene
659 1585 920 1665 cognitis
969 1596 1234 1659 exstruo,
1285 1583 1421 1644 fave
1472 1583 1667 1645 facilis
1696 1583 1920 1646 Uranie
1967 1583 2363 1663 pulcherrimo
2403 1586 2661 1662 conatui,
2712 1595 2851 1649 tuus
2888 1588 3017 1667 jam

215 1671 450 1735 honos
513 1675 751 1754 agitur.

436 1763 741 1835 Primum
798 1780 1003 1825 omues
1063 1768 1307 1840 optant,
1374 1766 1441 1820 ut
1495 1777 1610 1841 quo
1659 1760 1891 1862 longius
1947 1761 2202 1841 quilibet
2266 1762 2428 1823 orbis
2485 1715 2662 1825 abest
2722 1784 2759 1824 a
2802 1765 3018 1841 medio,

226 1860 436 1912 tanto
508 1852 779 1915 tardiori
834 1859 999 1913 motu
1058 1849 1316 1911 incedat.
1400 1848 1567 1911 Nihil
1624 1849 1781 1911 enim
1840 1849 2058 1911 rationi
2125 1851 2318 1931 magis
2376 1860 2474 1913 est
2530 1860 3018 1928 consentaneum,

235 1948 429 2003 teste
489 1941 703 2004 Arist.
763 1942 866 2003 lib.
915 1939 995 2002 II.
1046 1939 1119 1999 de
1170 1935 1355 2010 Coelo
1403 1955 1536 2016 cap.
1593 1935 1691 2000 10.
1751 1955 1928 2017 qnam
1994 1961 2143 2001 κατα
2197 1943 2367 2018 λογον
2411 1945 2703 2019 γιγνεσθαι
2746 1964 2855 2013 τας
2897 1938 3023 2005 ἑκα-

239 2050 370 2101 ςου
434 2053 706 2109 mnam
755 2051 879 2100 τοις
933 2026 1295 2105 ἀποςημασι.
1390 2023 1524 2097 Quo
1583 2027 1713 2088 loco
1771 2027 1892 2088 etsi
1946 2028 2339 2108 philosophus
2397 2029 2655 2092 alienam
2711 2032 2889 2094 affert
2943 2032 3020 2094 ab

243 2118 579 2182 instituto
637 2127 848 2181 nostro
906 2116 1206 2189 rationem,
1261 2114 1545 2187 alteram,
1613 2116 1848 2177 scilicet
1905 2116 2392 2195 impedimentum
2460 2119 2536 2179 ab
2603 2121 3019 2183 occursatione

249 2206 698 2288 pernicissimi
743 2206 920 2290 primi
967 2204 1231 2277 mobilis,
1300 2212 1501 2265 tamen
1552 2211 1616 2265 et
1669 2205 1866 2267 altera
1922 2205 2153 2267 ratione
2199 2224 2310 2285 pro
2363 2226 2457 2269 me
2514 2208 2708 2270 adhuc
2763 2219 2827 2270 et
2888 2217 3021 2272 tota

253 2298 610 2359 sententia
656 2304 869 2358 contra
913 2294 1326 2355 Ptolemaeum
1374 2299 1702 2377 contraque
1751 2313 1819 2354 se
1866 2293 2058 2373 ipsum
2106 2295 2346 2357 militat.
2438 2295 2654 2358 Placet
2709 2295 2796 2359 illi
2844 2317 3017 2360 nam-

259 2404 413 2468 que,
471 2395 684 2449 motus
732 2383 1163 2465 aequalitatem
1210 2402 1248 2443 a
1300 2382 1627 2443 motoribus
1676 2383 1734 2443 iu
1782 2401 1989 2445 omnes
2037 2383 2213 2445 orbes
2254 2383 2472 2460 venire,
2522 2384 3016 2465 inaequalitatem

260 2475 524 2539 reditus
574 2475 651 2537 ab
699 2475 939 2537 orbibus
989 2471 1136 2552 ipsis
1185 2471 1451 2532 causari:
1501 2478 1570 2532 ut
1616 2469 1864 2533 Saturni
1912 2471 2147 2551 quidem
2197 2472 2501 2553 quaelibet
2539 2472 2839 2553 particula
2886 2484 3014 2538 tam
3065 2519 3089 2542 0

267 2565 361 2627 sit
424 2565 643 2637 velox,
715 2581 892 2643 quam
951 2570 1048 2623 est
1102 2561 1304 2622 infima
1358 2560 1566 2620 Lunae
1632 2560 1896 2640 sphaera
1958 2559 2018 2621 vi
2074 2561 2352 2623 motionis
2409 2563 2709 2641 aequalis:
2774 2564 2883 2625 sed
2930 2564 3018 2626 illi

260 2654 409 2731 jam
463 2653 729 2726 accidat,
778 2661 847 2713 ut
891 2650 1148 2729 amplius
1195 2657 1379 2710 nacta
1424 2648 1703 2727 spatium,
1751 2667 1886 2710 cum
1932 2666 2048 2710 non
2095 2648 2340 2711 citatior
2385 2649 2467 2712 sit
2494 2651 2733 2726 ceteris,
2784 2652 3017 2714 tardius

276 2743 536 2804 redeat.
637 2741 829 2822 Atqui
895 2739 1088 2801 viliori
1154 2739 1267 2800 hac
1331 2736 1699 2818 aequalitate
1765 2737 2158 2818 philosophus
2225 2737 2282 2799 in
2351 2748 2620 2802 veterum
2691 2742 3017 2812 traditione

278 2831 479 2910 potiri
521 2850 638 2893 non
686 2829 912 2911 potuit,
964 2828 1104 2908 quia
1149 2845 1399 2888 necesse
1447 2835 1607 2900 erat,
1657 2834 1725 2888 ut
1768 2825 1963 2888 tribus
2006 2825 2270 2905 planetis
2319 2827 2717 2908 inaequalium
2766 2830 3015 2906 orbium,

284 2920 451 2995 Soli,
506 2920 761 2993 Veneri,
811 2916 1110 2980 Mercurio
1157 2916 1443 2996 aequales
1491 2914 1720 2976 reditus
1767 2914 2134 2991 tribuerent,
2185 2923 2365 2996 atque
2413 2918 2500 2979 sic
2547 2937 2786 2998 semper
2830 2937 3014 2999 supe-

283 3009 519 3071 riorem
567 3009 625 3069 in
674 3006 816 3069 orbe
864 3024 969 3067 suo
1018 3005 1356 3067 citatiorem
1406 3004 1715 3067 efficerent
1743 3001 2026 3066 inferiori.
2118 3006 2186 3066 In
2219 3003 2551 3085 Copernico
2587 3007 2782 3086 prima
2819 3009 3016 3070 fronte

287 3098 446 3160 talis
499 3098 675 3160 offert
721 3114 854 3158 sese
902 3094 1227 3174 proportio.
1321 3093 1478 3156 Nam
1523 3110 1631 3153 sex
1678 3091 1907 3154 orbium
1937 3091 2242 3156 mobilium
2278 3112 2515 3174 semper
2561 3096 2661 3175 qui
2706 3097 3017 3176 angustior

288 3198 413 3262 est,
468 3187 645 3249 citius
692 3185 869 3247 redit.
961 3183 1247 3246 Mercurii
1294 3201 1548 3262 namque
1596 3200 1803 3244 cursus
1834 3182 2158 3244 trimestris
2198 3190 2312 3257 est,
2363 3183 2624 3246 Veneris
2673 3186 3016 3266 sesquiocto

288 3277 619 3347 mensium,
683 3275 906 3336 Terrae
955 3291 1214 3346 annuus,
1282 3271 1504 3334 Martis
1552 3271 1774 3347 bimus,
1840 3270 2013 3334 Jovis
2063 3271 2401 3347 duodecim,
2470 3271 2718 3336 Saturni
2763 3275 3017 3354 triginta

295 3384 611 3428 annorum.
710 3364 932 3425 Verum
981 3363 1032 3423 si
1079 3362 1157 3424 ad
1204 3362 1466 3424 calculos
1512 3380 1780 3436 revoces,
1831 3361 1921 3422 ita
1966 3368 2034 3424 ut
2080 3370 2306 3441 quanta
2351 3369 2448 3424 est
2481 3365 2788 3444 proportio
2817 3373 3016 3427 motus

294 3453 550 3517 Saturni
595 3454 673 3515 ad
739 3453 1028 3515 ambitum
1093 3450 1254 3513 orbis
1319 3450 1450 3523 sive
1496 3451 1574 3512 ad
1636 3450 1990 3513 distantiam
2018 3447 2022 3451 ’
2055 3450 2296 3523 (eadem
2358 3451 2514 3514 enim
2561 3461 2658 3515 est
2708 3455 3016 3534 proportio

294 3543 669 3617 circulorum,
720 3561 871 3622 quae
901 3540 1530 3614 semidiametrorum),
1576 3546 1814 3601 tantam
1843 3539 2029 3602 etiam
2066 3539 2254 3602 facias
2300 3541 2745 3620 proportionem
2773 3551 3014 3605 cetero-

295 3650 431 3694 rum
459 3641 727 3694 motuum
773 3631 1059 3709 cuiusque
1108 3630 1183 3690 ad
1232 3649 1402 3691 suum
1448 3631 1685 3691 orbem:
1736 3627 2150 3707 deprehendes
2181 3629 2473 3708 ejusmodi
2509 3630 2842 3711 simplicem
2867 3651 3016 3714 pro—

292 3723 633 3802 portionem
681 3739 794 3781 non
844 3720 1065 3780 habere
1116 3719 1327 3780 locum.
1425 3716 1614 3798 Cujus
1662 3717 1746 3780 rei
1794 3736 1944 3797 cape
1991 3717 2145 3779 hanc
2192 3718 2481 3780 tabellam
2526 3719 2806 3784 indicem.

853 3922 885 3978 fi

309 3996 625 4014 —..„-
645 4002 865 4113 Vm&
921 4042 1033 4082 ηις-Γ.
1162 4094 1249 4102 a„
1293 4006 1333 4074 -Ι
1505 4094 1514 4098 ..
2890 4050 2898 4113 Ι

293 4114 669 4206 ““,“”ῇ4”
693 4114 905 4194 3333'313
969 4134 1037 4190 113
1145 4114 1473 4171 11111111
1701 4106 1730 4162 ῑ“’
2042 4198 2050 4214 ,
2894 4127 2898 4141 ·

415 4277 417 4282 ζ
493 4226 545 4294 31
641 4222 645 4226 ·
737 4218 909 4282 31:331
1109 4202 1313 4282 ‘33:323
1393 4202 1513 4282 .··4“4
1545 4182 1694 4258 111111
1979 4218 2146 4282 4-
2382 4274 2406 4282 -.

509 4322 549 4356 4·
641 4302 645 4382 ζ
749 4310 909 4370 1333
1153 4310 1309 4370 1333
1533 4290 1702 4370 3333
1743 4222 1839 4370 313
1842 4274 2398 4366 Γ1141,;;
2440 4358 2546 4366 4...-
2706 4370 2742 4386 ζ,

501 4418 549 4474 „3
749 4398 909 4458 1144
1181 4398 1309 4458 1443
1569 4394 1694 4458 444·
1914 4378 2038 4458 333
2106 4402 2170 4458 14
2228 4382 2390 4470 1511111ι
2658 4386 3002 4530 4--Ιῇ

505 4490 549 4562 ιζ
644 4519 645 4524 1
781 4486 905 4550 4444
1181 4486 1305 4546 141414
1573 4482 1694 4546 :333
1914 4486 2038 4546 2333
2094 4486 2174 4546 311
2254 4482 2378 4546 4-44
2350 4462 2517 4546 44
2518 4462 2954 4562 911111-

517 4590 545 4602 “
781 4574 901 4638 444
1181 4574 1305 4634 :3113
1585 4574 1698 4634 1333
1925 4574 2038 4638 133
2266 4574 2378 4634 114
2610 4574 2686 4634 144
2754 4490 2842 4634 414
2891 4647 2894 4650 A

462 4793 578 4854 Hic
643 4793 847 4897 capita
910 4792 1354 4856 columellamm
1428 4791 1740 4854 continent
1812 4788 1940 4875 dies
2015 4797 2080 4850 et
2134 4788 2361 4850 dierum
2417 4786 2726 4867 scrupula,
2791 4785 3005 4866 quibus

293 4883 749 4967 superinscripti
792 4883 1076 4965 planetae
1123 4882 1233 4945 sub
1280 4883 1423 4945 orbe
1470 4882 1718 4946 stellato
1764 4899 1910 4944 suas
1946 4879 2226 4963 periodos
2272 4878 2613 4959 complent.
2682 4885 3005 4958 sequentes
