3609 5634
318 356 383 433 l‘i2
828 360 942 428 mysterii
960 360 1160 432 &wassoi

315 537 396 589 sunt.
444 525 592 606 Optarem
615 533 714 589 autem
739 527 1002 607 (quemadmodum
1027 546 1074 587 me
1097 544 1199 589 coram
1222 527 1336 591 dixisse
1364 526 1535 591 meminisse
1557 524 1702 608 potes),

316 615 515 695 Cupernicum
538 615 754 678 dimensionum
778 616 884 678 harum
907 616 1101 678 fundamenta
1124 636 1182 678 uon
1202 617 1352 698 antiquas,
1377 617 1431 678 sed
1453 635 1549 679 novas
1568 616 1703 676 obser-

315 705 455 766 vationes
479 706 671 768 assumsisse.
720 703 844 767 Grande
867 704 948 767 enim
972 714 1004 766 et
1027 706 1155 768 immane
1179 707 1364 786 postulatum
1387 706 1462 768 illud
1476 713 1524 767 est
1547 705 1627 779 (lib.
1650 701 1701 761 V.

315 812 382 874 cap.
407 790 476 867 30.)
500 814 566 856 cnm
596 794 832 866 concedendum,
857 794 969 875 iuquit,
988 803 1144 874 putamus,
1168 795 1473 858 commensurationes
1497 795 1700 857 circulorum

315 882 464 945 mansisse
493 903 512 944 a
538 884 713 945 Ptolemaeo
737 884 918 945 etiamnunc.
970 883 1050 946 Nam
1086 883 1163 962 ipsa⁴
1185 884 1319 946 Terrena
1346 884 1557 947 ecceutdeitas
1586 880 1699 945 dimi-

315 981 389 1034 nuta
421 973 498 1034 alios
527 992 665 1034 numeros
697 970 877 1052 postulae).
924 973 991 1035 Nec
1024 972 1102 1034 enim
1129 992 1234 1035 verum
1263 982 1324 1049 est,
1358 972 1438 1056 quod
1466 971 1624 1035 Rbcticus
1663 968 1700 1031 iu

314 1061 486 1122 narratione
510 1060 593 1134 dicit,
617 1062 696 1142 qnod
718 1061 747 1122 iu
771 1061 921 1123 Mercurio
945 1062 1029 1124 nulla
1052 1080 1168 1143 quoque
1191 1063 1271 1125 sient
1294 1064 1322 1124 in
1345 1062 1423 1125 Jove
1447 1061 1597 1124 sentiatur
1628 1078 1697 1121 ec-

315 1149 515 1212 centricitatis
543 1152 686 1215 mutatio:
720 1170 789 1212 nam
821 1170 880 1212 nou
910 1150 1050 1235 similiter
1078 1149 1160 1213 Solis
1189 1152 1316 1232 apogaei
1348 1153 1428 1214 latus
1456 1170 1511 1213 suo
1538 1166 1697 1231 apogaeo

315 1238 441 1300 claudit.
487 1239 554 1300 Huc
578 1240 705 1313 accedit,
730 1240 809 1319 quod
828 1239 1033 1302 Ptolemaicae
1057 1240 1284 1319 observationes
1308 1242 1385 1303 satis
1407 1259 1532 1303 orasses
1554 1248 1587 1300 et
1601 1255 1694 1317 par-

317 1327 388 1389 tiles
412 1335 491 1402 sunt,
516 1347 591 1408 quas
615 1329 733 1390 omniuo
756 1329 988 1408 praecisioribus
1012 1329 1162 1408 corrigere
1182 1329 1351 1410 oportebat.
1399 1329 1462 1392 Sed
1485 1330 1522 1390 de
1544 1328 1593 1391 bis
1617 1328 1696 1408 jam

315 1417 429 1477 trustra
452 1419 591 1496 conqueri
616 1418 696 1479 licet
745 1418 779 1478 In
803 1426 856 1479 tuo
880 1426 980 1479 autem
1003 1419 1174 1498 proposito,
1206 1419 1232 1479 si
1255 1419 1369 1481 numeri
1392 1420 1422 1481 hi
1445 1426 1597 1498 utcunque
1622 1415 1694 1478 tibi

315 1504 528 1585 respondeant,
553 1513 584 1566 te
608 1514 696 1585 putes
711 1507 810 1568 officio
825 1516 877 1567 tuo
897 1508 1019 1587 egregie
1040 1508 1182 1582 iunctum,
1207 1508 1322 1588 tibique
1346 1508 1596 1588 quemadmodum
1613 1504 1691 1569 Go-

314 1593 454 1672 pernicus
484 1595 564 1674 apud
591 1594 752 1656 Rbetioum
780 1596 810 1667 in
839 1596 971 1675 epistola
996 1596 1191 1659 vehementer
1218 1597 1395 1677 gratuleris,
1424 1595 1594 1659 certissima
1623 1612 1690 1675 spe

316 1683 420 1753 iretur,
445 1683 619 1763 propediem
643 1684 721 1757 lore,
755 1691 789 1745 ut
812 1685 969 1745 occasione
993 1685 1112 1760 horum,
1146 1704 1223 1765 quae
1247 1706 1266 1746 a
1289 1694 1320 1747 te
1342 1684 1584 1767 ingeniosissime
1606 1690 1692 1746 sunt

317 1770 451 1846 inventa,
476 1779 580 1833 cetera
603 1769 733 1852 quoque,
758 1792 835 1853 quae
854 1774 920 1852 jam
945 1774 1042 1835 adhuc
1066 1773 1157 1835 dubia
1180 1781 1263 1849 suut,
1287 1785 1320 1837 et
1342 1784 1581 1838 astronomorum
1604 1792 1687 1836 coe-

314 1866 379 1921 tum
403 1876 461 1921 non
485 1877 592 1941 parum
615 1868 765 1941 torquent,
790 1862 969 1942 planissima
991 1863 1052 1924 sint
1077 1864 1242 1937 lutura“⁰).

695 2037 739 2100 ΙΝ
762 2036 902 2102 CAPUT
925 2039 1124 2105 DECIMUM
1146 2040 1299 2105 NONUM

782 2196 791 2231 7
841 2161 956 2213 noras
975 2161 1152 2214 sucroms.
1284 2156 1289 2161 ·

395 2262 427 2332 a)
450 2268 810 2325 Refruetiones‘stellarum
834 2274 963 2343 appellat
984 2274 1078 2344 Tycbo
1100 2274 1236 2335 Brabeus,
1260 2272 1305 2343 qui
1327 2273 1400 2326 banc
1422 2272 1563 2326 doctrinae
1587 2279 1679 2326 astro·

313 2346 437 2401 uomicas
460 2356 570 2419 partem
593 2350 737 2405 constituit
760 2353 953 2423 excoluitque,
978 2353 1027 2407 lib.
1051 2355 1344 2425 Progymnasmatum,
1366 2352 1412 2423 qui
1436 2370 1473 2407 ex
1495 2370 1528 2405 eo
1553 2358 1678 2423 tempore

313 2425 417 2497 prodiit
439 2427 467 2481 iu
489 2429 586 2493 lucem,
612 2446 692 2501 quam
706 2430 791 2486 etiam
812 2440 921 2503 partem
941 2433 993 2488 feci
1009 2433 1192 2488 astronomiae
1207 2432 1299 2486 Partis
1315 2431 1432 2502 Opticae
1455 2439 1521 2487 ante
1539 2431 1574 2487 15
1590 2448 1678 2486 annos

317 2506 419 2571 editae,
444 2510 564 2581 annique
587 2509 615 2563 in
638 2510 714 2580 Epit.
738 2515 813 2567 Astr.
838 2513 886 2567 lib.
913 2515 933 2567 l.

396 2583 428 2659 b)
453 2590 497 2644 lta
518 2590 650 2645 creditum
674 2596 718 2644 est
741 2592 880 2664 hucusque
905 2595 938 2647 de
960 2592 1111 2654 Mercurio:
1136 2611 1186 2647 nec
1207 2609 1288 2663 nego,
1313 2608 1442 2663 magnum
1465 2610 1526 2646 esse
1550 2608 1677 2646 verorum

314 2668 399 2723 etiam
416 2668 477 2737 ejus
491 2676 614 2725 motuum
629 2671 825 2737 diversitatem,
848 2675 895 2727 sed
911 2691 982 2743 qnae
1002 2673 1167 2743 quantitatis
1188 2679 1233 2726 est
1254 2690 1309 2726 non
1331 2674 1436 2727 formae
1459 2690 1508 2726 seu
1529 2673 1676 2742 principio·

314 2766 383 2813 rum,
407 2757 440 2804 ut
463 2751 596 2825 hactenus
621 2753 799 2814 docebamnr;
824 2754 866 2808 bis
889 2754 961 2808 enim
984 2753 1125 2824 principiis
1148 2754 1197 2807 ille
1217 2753 1285 2807 nibil
1308 2752 1399 2806 differt
1419 2768 1437 2807 a
1458 2753 1568 2807 ceteris.

398 2828 425 2895 a)
449 2831 593 2901 Sequebar
607 2831 633 2885 ld
648 2832 778 2903 temporis
792 2851 961 2888 communem
974 2834 1140 2905 opinionem,
1164 2833 1328 2888 Massurium
1342 2839 1440 2887 rentes
1463 2834 1492 2888 in
1505 2833 1599 2903 specie
1613 2849 1675 2887 uon·

315 2910 403 2965 citare
417 2927 486 2983 prae
500 2911 600 2966 ceteris
614 2912 745 2982 planetis.
782 2919 822 2969 Δι
841 2932 884 2968 me
907 2916 1054 2969 multorum
1078 2930 1209 2969 annorum
1231 2914 1323 2968 docuit
1337 2913 1521 2983 experientia.
1544 2929 1675 2968 ιοιιιιιε

313 2990 476 3048 distributas
491 2992 674 3047 mutationum
688 3010 775 3048 aurae
789 2995 891 3049 formas
906 2996 978 3049 inter
992 2997 1138 3065 planetam
1162 2996 1210 3047 sed
1224 2994 1397 3065 generaliter
1419 2994 1528 3055 incitari
1547 3000 1674 3049 naturam

312 3072 491 3127 sublunarem
506 3074 542 3126 ab
558 3073 716 3143 aspectibus
740 3073 865 3128 binorum
879 3077 926 3129 rel
948 3092 966 3129 a
980 3075 1147 3131 stationibus
1168 3074 1352 3145 singulorum
1376 3080 1408 3127 ut
1430 3073 1472 3128 ita
1490 3075 1611 3145 exsudet
1629 3090 1674 3127 ra·

312 3169 394 3223 porea
418 3159 469 3206 aut
491 3151 580 3206 fumos
604 3171 641 3206 ex
661 3154 799 3208 montibus
823 3162 854 3209 et
876 3155 991 3210 officinis
1016 3154 1212 3218 subterraneis,
1236 3153 1281 3224 qui
1303 3170 1422 3224 raperes
1446 3162 1475 3207 et
1498 3153 1563 3208 mni
1587 3156 1633 3206 rel
1647 3154 1673 3208 in

313 3233 432 3304 pluvias,
458 3232 502 3285 rel
527 3232 555 3286 in
574 3232 660 3296 nivea,
684 3234 729 3287 rel
753 3235 906 3300 chasmate,
931 3236 975 3289 rel
992 3236 1113 3298 fulmina,
1139 3235 1184 3288 rel
1197 3234 1356 3305 grandines,
1376 3232 1422 3287 vel
1436 3242 1532 3287 rentes
1554 3235 1672 3306 degene-

312 3319 383 3375 rent,
398 3329 449 3382 pro
464 3311 675 3367 circumstantiis
699 3316 820 3368 locorum
843 3323 874 3369 et
887 3324 1049 3386 temporum.
1084 3315 1169 3368 Venti
1192 3322 1267 3368 certe
1294 3314 1388 3385 magni
1411 3314 1456 3367 rel
1471 3330 1610 3385 nunquam
1628 3315 1673 3367 rel
1749 3368 1758 3376 ,

312 3391 452 3447 rarissime
476 3398 542 3445 sunt
564 3393 628 3445 soli:
653 3394 749 3463 pluria
771 3396 857 3449 omnis
883 3402 949 3450 ante
973 3400 1115 3449 serentes
1139 3395 1208 3465 agit,
1234 3412 1293 3448 cum
1313 3393 1428 3464 primum
1441 3393 1547 3466 ingruit
1570 3393 1674 3464 impetu

316 3477 397 3535 acta;
412 3479 442 3527 et
456 3489 518 3526 cum
533 3471 680 3542 plurimum
694 3473 789 3529 innunt
801 3468 887 3535 renti,
902 3475 929 3529 id
944 3475 1072 3529 indicium
1086 3481 1130 3528 est
1142 3475 1271 3528 humidae
1286 3474 1490 3528 constitutionis
1504 3474 1579 3529 anni.
1617 3480 1674 3528 Aut

294 3548 296 3551 ’
313 3553 428 3607 enimin
441 3553 579 3606 montams
593 3554 675 3623 pluit,
699 3557 770 3609 unde
785 3555 860 3609 renti
883 3557 999 3626 spirant,
1024 3562 1075 3609 aut
1097 3555 1146 3609 uix
1169 3555 1205 3608 ibi
1229 3555 1353 3617 solvitur,
1378 3561 1429 3609 aut
1441 3570 1531 3625 uapor
1548 3554 1674 3609 bumidris

312 3634 418 3702 impetu
432 3650 539 3686 sunum
553 3634 629 3688 latus
644 3634 712 3688 alibi
726 3635 753 3688 in
767 3643 865 3706 guttas
880 3638 999 3708 cogitur,
1017 3631 1093 3689 ‘aliti
1107 3641 1238 3689 aestuem
1262 3635 1290 3688 in
1304 3651 1451 3704 supernum
1466 3635 1555 3705 frigus
1576 3636 1673 3705 impin·

313 3713 393 3785 gitur
413 3712 574 3784 resilitque3
597 3729 670 3784 quae
691 3716 799 3785 quidem
820 3717 907 3771 etiam
929 3718 999 3772 lenis
1021 3732 1107 3771 aurae
1130 3717 1242 3787 genesis
1265 3722 1318 3777 est,
1342 3732 1402 3769 oum
1422 3715 1523 3769 ebullit
1535 3731 1623 3786 vapor
1636 3732 1674 3770 ex

194 3849 206 3855 ,
230 3798 234 3804 ’
314 3792 519 3862 aliquomonte,
533 3795 773 3866 repercutiturque
788 3805 818 3852 et
831 3798 926 3852 defluit
946 3799 974 3852 in
989 3814 1083 3851 omnen
1100 3796 1274 3849 circumcirca
1296 3796 1408 3867 plagas.
1449 3797 1502 3849 Est
1523 3795 1572 3850 ubi
1586 3795 1673 3850 omnis

314 3878 365 3928 aer
378 3889 429 3943 per
444 3880 519 3927 totas
534 3874 706 3928 continentes
724 3885 857 3931 extensus
882 3878 1017 3948 principio
1035 3882 1125 3930 motus
1140 3878 1206 3929 dato
1230 3875 1257 3928 in
1277 3875 1412 3929 monmnis
1427 3875 1545 3929 omnium
1569 3876 1673 3930 altissi-

313 3953 364 4007 mis
378 3955 407 4007 iu
420 3955 498 4007 fluxu
511 3954 697 4009 constituitur.
739 3958 783 4010 lta
797 3958 882 4011 omnis
896 3964 996 4012 ventus
1017 3959 1054 4011 ab
1068 3956 1192 4035 omnibus
1212 3954 1365 4026 promiscue
1388 3955 1479 4011 causis
1494 3956 1539 4008 vel
1561 3956 1673 4009 inresti-

289 4033 473 4107 ἡςιιιίοιιῐὶιιιι
501 4041 620 4088 naturae
649 4036 785 4090 concitari.
807 4044 912 4107 potest;
935 4055 993 4111 'nec
1021 4036 1109 4091 solum
1137 4036 1262 4089 incusare
1286 4042 1381 4105 potest
1404 4035 1567 4090 Mercurium
1596 4044 1674 4090 ortus

313 4121 467 4168 ventorum.

395 4190 423 4260 d)
447 4195 539 4265 Supra
557 4194 666 4257 dictum,
691 4195 718 4249 id
732 4213 787 4249 non
800 4212 861 4249 esse
882 4196 1036 4265 probabile,
1062 4214 1112 4250 neo
1135 4203 1192 4250 tam
1206 4201 1351 4251 accuratas
1365 4202 1488 4249 veterum
1503 4194 1673 4248 observatio·

315 4292 363 4329 nes
379 4274 481 4329 adbuc
504 4275 675 4346 probandum
690 4275 847 4346 requisitas,
871 4283 903 4329 ut
921 4276 1118 4330 demonstratio
1136 4276 1272 4330 efficiatur
1286 4276 1451 4330 necessaria
1496 4277 1592 4344 ltaque
1616 4291 1673 4328 am·

314 4356 424 4425 plector
437 4354 550 4410 nieme
564 4348 708 4425 Cupernici
722 4356 767 4411 hic
780 4356 908 4426 positum,
936 4358 1153 4419 ,concedendum
1167 4374 1204 4410 sc.
1220 4356 1497 4410 commemorationes
1512 4354 1673 4429 circulorum

314 4434 477 4490 mansisse.“
503 4436 534 4490 ld
557 4435 629 4490 enim
652 4439 754 4491 suadet
773 4436 842 4490 coeli
867 4444 970 4491 natura
990 4442 1020 4491 et
1042 4437 1163 4491 inductio
1187 4453 1205 4490 a
1226 4436 1350 4506 planetis
1374 4437 1482 4491 ceteris.

391 4510 424 4587 ¹s)
446 4516 490 4569 lta
503 4522 571 4569 tnnc
591 4515 639 4570 ille
654 4517 765 4572 solebat
777 4516 830 4572 bas
844 4517 924 4572 dictis
939 4517 1061 4572 animare
1075 4533 1180 4588 speque
1194 4533 1284 4581 curas,
1306 4517 1353 4587 qui
1363 4518 1425 4580 etsi,
1447 4518 1537 4587 quoad
1550 4524 1670 4584 tempas.

314 4611 364 4665 spe
388 4595 499 4659 excidit,
517 4613 575 4661 nec
588 4598 660 4653 enim
683 4597 875 4668 „propediem“
892 4603 946 4661 est,
970 4596 1154 4669 quadriginti
1169 4605 1288 4668 quatuor
1308 4598 1387 4652 annis
1401 4598 1537 4669 aequitum
1561 4598 1671 4650 tandmu

315 4681 409 4729 tamen
429 4675 488 4745 spei
510 4693 578 4730 suae
599 4695 709 4748 compos
729 4684 774 4733 est
794 4679 885 4733 factura
907 4695 957 4747 per
976 4694 1066 4732 meum
1087 4694 1156 4747 opus
1177 4678 1378 4732 Harmonicum.

903 4861 1089 4873 ——mq
