3609 5634
283 351 352 419 232
883 348 1048 401 m

284 505 762 575 pertinentadconditionesdesede
781 503 1376 569 ettmihsescyrisl’rsgancsnrtermta
1413 503 1666 567 Ehsddit'lly'chs

284 583 311 631 ln
331 578 527 645 ,postscripto“:
546 578 619 627 Facis
637 579 664 627 in
681 578 773 626 ulu'mis
790 576 867 626 literis
885 576 935 625 tuis
953 578 1106 626 mentionem
1117 574 1186 627 Secti
1201 577 1272 625 istius
1285 575 1524 640 Gspnnrenici,
1537 572 1563 637 ⁴)
1587 574 1667 639 quod

284 654 311 702 in
337 653 417 716 ipsum
440 650 625 714 antapologiam
650 648 758 713 perlecto
780 649 927 711 praesertim
948 647 1009 697 libro
1027 653 1110 696 nostre
1133 647 1242 697 secundo
1261 646 1292 695 de
1312 646 1416 697 Cometa
1432 647 1573 698 mediteris:
1608 660 1666 708 qno

285 724 338 787 ipso
357 737 408 771 rem
426 728 524 787 gratam
543 727 569 771 et
586 726 647 769 tuse
664 719 818 785 promissioni
836 732 956 782 meseqne
975 719 1154 781 exspectationi
1172 717 1306 783 snalogam
1325 721 1484 782 praestiteris.
1521 717 1665 768 addixisti

286 795 371 849 etiam
395 800 421 842 te
439 804 504 856 quse
521 792 548 840 in
572 790 691 840 lanoso
714 792 783 840 isto
810 790 937 852 scripto
961 788 1075 838 Ursino
1093 788 1273 839 mathematica
1290 790 1447 839 inveniuntur
1471 789 1665 843 mutuum.

285 870 407 929 quatenus
424 864 471 912 rite
489 877 539 911 non
557 868 686 920 constant,
713 861 874 925 quodetiam
891 866 917 908 te
936 859 1082 911 effecturum
1100 859 1204 910 conlido.
1238 860 1354 923 Inprimis
1377 867 1461 913 autem
1480 874 1599 913 arerem,
1632 864 1666 906 ut

285 949 324 994 ca,
344 947 409 999 quae
426 933 561 982 inventioni
584 939 684 981 nocuae
704 933 771 981 circa
788 930 935 995 hypothesin
953 943 1043 980 noram
1065 931 1150 981 fucate
1170 937 1196 980 et
1214 930 1384 980 fraudulenter
1401 932 1498 993 obiicit,
1524 944 1586 981 eam
1616 929 1662 978 rri-

284 1007 372 1056 mirum
394 1019 425 1053 ex
444 1002 579 1068 copernico
601 1003 640 1051 rel
659 1003 788 1066 Apollonio
810 1001 923 1066 Pergaeo
947 1001 1099 1057 duantum,
1127 1001 1209 1051 adhuc
1231 1001 1361 1051 dilucidius
1387 1008 1413 1052 et
1435 1002 1545 1065 plenius,
1570 1015 1664 1065 quam

285 1081 363 1127 autea
374 1071 398 1136 ι)
417 1089 434 1124 ο
450 1080 476 1123 ts
494 1073 581 1131 refelli,
600 1080 675 1138 atque
693 1079 722 1122 ut
740 1087 796 1123 eam
813 1073 888 1132 mihi,
908 1073 944 1122 uti
962 1086 1008 1136 par
1025 1078 1073 1129 est,
1092 1086 1218 1129 asserere,
1237 1079 1310 1137 prout
1327 1073 1492 1135 probahilibus
1509 1072 1664 1122 rationibus

282 1150 336 1208 jam
354 1152 431 1197 antea
448 1144 543 1202 iecisti,
562 1159 612 1193 non
629 1145 758 1194 molestum
776 1144 888 1193 duceres

330 1272 332 1276 ,
353 1216 453 1266 Institui
471 1215 645 1265 concellum
663 1216 785 1265 actionem
801 1212 949 1276 juridicam,
974 1218 1105 1277 postqum
1122 1213 1172 1264 hnc
1193 1212 1303 1278 Pragsm
1320 1215 1392 1269 reni,
1415 1214 1570 1279 intelligens,
1591 1212 1664 1262 mihi

285 1286 436 1351 aliquamdiu
453 1286 494 1335 hic
513 1286 712 1336 commorandum
732 1291 758 1335 et
775 1285 910 1349 pericnlum
928 1299 982 1334 esse
1000 1285 1026 1333 in
1044 1299 1123 1341 mora,
1147 1285 1268 1349 siquidem
1286 1286 1394 1349 graviter
1412 1284 1579 1334 decumberet.
1625 1284 1665 1333 lit

284 1357 412 1422 impetrari
431 1370 448 1406 a
466 1355 602 1406 Caesarea.
610 1356 745 1419 Maiestate
767 1354 834 1417 (utut
852 1355 1007 1419 quibusdam,
1026 1369 1100 1419 quam
1117 1355 1159 1404 diu
1176 1360 1301 1418 poterant,
1320 1370 1442 1405 remoram
1458 1352 1663 1417 injicientibus),

286 1434 315 1478 ut
332 1428 493 1478 commissarii
511 1435 617 1491 quatuor
636 1428 814 1490 deputarentur
833 1423 894 1486 (duo
913 1425 1018 1476 buones
1037 1432 1063 1474 et
1081 1427 1130 1475 duo
1144 1426 1256 1476 doctores
1272 1422 1361 1487 juris),
1381 1427 1421 1490 qni
1436 1427 1589 1476 sententiam
1603 1426 1663 1475 hac

206 1512 211 1515 '
286 1499 317 1550 de
335 1514 362 1549 re
381 1500 592 1563 pronunciarent;
611 1498 730 1562 siquidem
748 1500 769 1547 is
787 1511 832 1560 per
849 1498 991 1547 emissarios
1002 1511 1072 1546 meos
1084 1498 1211 1561 qusesitus
1231 1510 1263 1545 ea
1281 1510 1346 1560 quae
1360 1499 1494 1560 scripserat
1511 1504 1663 1547 retractare

285 1570 374 1630 noluit,
394 1570 439 1619 sed
456 1571 538 1634 potius
557 1569 590 1618 ud
606 1571 646 1631 jus
664 1569 813 1632 provocarit
850 1568 944 1617 Verum
969 1567 1076 1625 accidit,
1100 1575 1129 1617 ut
1147 1568 1236 1618 eadem
1259 1567 1336 1623 hora,
1362 1581 1413 1631 qua
1430 1569 1516 1618 edatio
1533 1569 1571 1617 ilii
1588 1570 1661 1617 insi·

286 1641 390 1691 uuanda
407 1640 463 1701 tuit,
482 1641 694 1704 exstingueretur;
716 1646 743 1690 at
761 1639 918 1688 nihilominus
933 1642 974 1702 jus
992 1653 1075 1688 meum
1092 1639 1236 1689 inchoatum
1253 1645 1425 1701 prosecuturus
1442 1653 1506 1696 snm,
1529 1640 1661 1703 siquidem

285 1711 316 1761 lis
339 1715 392 1773 jem
410 1712 482 1775 quasi
501 1716 644 1760 contestata
662 1716 732 1769 erat,
758 1715 785 1759 et
808 1711 873 1758 ectio
899 1710 950 1759 n'on
968 1709 1042 1772 plane
1066 1710 1218 1772 personalis,
1247 1709 1386 1759 sedetiam
1410 1710 1487 1759 realis
1510 1711 1541 1760 oh
1559 1710 1658 1761 libmm

286 1783 416 1836 taurosum,
435 1782 477 1845 qni
495 1788 614 1845 perpetuo
632 1780 687 1831 loco
706 1783 744 1830 sui
763 1781 870 1829 auctoris
888 1778 1003 1844 loquitur,
1022 1787 1051 1829 nt
1069 1786 1096 1830 et
1112 1795 1153 1830 me
1172 1788 1198 1829 et
1215 1795 1284 1831 meos
1304 1795 1320 1829 a
1339 1780 1467 1829 calumniis
1486 1782 1575 1846 quibos
1592 1794 1658 1831 sca·

285 1858 324 1901 tet
349 1851 459 1917 legitime
480 1851 617 1909 vindicem,
645 1858 672 1902 et
686 1854 740 1915 jam
769 1866 786 1901 s
803 1850 913 1901 crem
931 1851 969 1900 Ill.
989 1850 1022 1900 D.
1042 1852 1234 1916 Archiepiscopo
1261 1852 1417 1901 commissum
1436 1858 1488 1909 est,
1519 1858 1547 1901 nt
1565 1853 1659 1901 omnia

287 1923 449 1986 exemplaria,
469 1936 533 1987 quse
551 1922 592 1972 hic
610 1922 777 1986 reperiuntur,
796 1922 926 1986 conquirat
951 1930 977 1971 et
993 1923 1045 1987 igni
1063 1923 1128 1973 tradi
1150 1924 1230 1973 boat
1253 1928 1327 1986 atque
1351 1923 1533 1987 typographum
1551 1925 1656 1987 puniat.

228 2052 231 2057 ¹
288 1992 425 2045 Decretum
444 1994 519 2043 etiam
538 1993 571 2042 D.
592 1993 754 2044 Corrsdncius
773 2008 790 2042 a
808 1992 917 2043 Caesare
935 1992 1141 2058 promulgandum
1158 1993 1297 2057 pollicitus,
1317 2000 1345 2042 ut
1362 2008 1406 2056 per
1424 2000 1504 2043 totum
1520 1996 1657 2059 imperinm

288 2064 350 2114 liber
367 2065 414 2114 iste
434 2064 576 2114 annulletur
594 2072 620 2113 et
637 2071 758 2128 tanquam
775 2064 885 2113 famosus
905 2070 930 2113 et
948 2065 1055 2113 scurrilis
1068 2066 1150 2113 irrites
1162 2065 1287 2113 reddatur.
1325 2064 1379 2129 Ego
1392 2080 1448 2115 rere
1464 2072 1553 2128 postea
1571 2072 1658 2115 totum

288 2134 355 2185 hunc
373 2149 515 2199 processum
532 2136 658 2185 unicum
678 2136 897 2185 commissariorum
918 2136 1045 2184 sententia
1063 2142 1089 2184 et
1108 2134 1180 2185 Caes.
1200 2135 1343 2197 Maiestatis
1362 2134 1461 2184 decreto
1483 2138 1509 2184 in
1526 2136 1657 2200 poblicum

289 2206 363 2258 edere
382 2206 498 2255 consutui
516 2206 599 2256 libello
618 2206 726 2269 quodam
743 2205 877 2269 peculiari,
904 2206 946 2269 qni
965 2205 998 2254 ad
1016 2206 1166 2256 mediocrem
1184 2212 1311 2256 excrescet
1335 2206 1540 2269 magnitudinem.
1579 2206 1657 2267 Quod

288 2284 315 2328 et
340 2292 371 2328 ex
394 2291 517 2327 consensu
542 2276 734 2327 clementissimo
753 2277 869 2326 Caesaris
893 2282 920 2325 et
943 2276 1121 2338 approbatione
1138 2277 1172 2326 D.
1193 2276 1334 2326 Corraducii
1363 2276 1421 2325 mihi
1444 2280 1498 2340 jam
1520 2284 1658 2340 perspecta

286 2347 342 2398 Deo
359 2346 457 2397 volente
476 2348 587 2397 facturus
605 2363 659 2396 sum
686 2354 760 2411 atque
778 2349 805 2396 in
824 2347 905 2396 altera
923 2349 977 2408 ejus
994 2353 1066 2410 parte
1085 2347 1117 2397 sd
1135 2362 1184 2405 ea,
1214 2361 1278 2411 quae
1300 2346 1481 2398 methematisa
1496 2356 1557 2397 sunt
1575 2355 1656 2412 etque
1677 2401 1688 2409 ‚

287 2418 437 2481 hypotheses
456 2425 623 2475 concernunt,
642 2432 814 2481 responsurus,
841 2431 918 2480 quare
936 2423 993 2466 tuas
1011 2432 1107 2481 quoque
1126 2418 1157 2468 de
1174 2419 1213 2467 his
1231 2420 1406 2483 conceptiones
1423 2426 1521 2469 mature
1540 2420 1655 2469 obtinere

288 2503 400 2547 averem3
420 2495 479 2547 sut,
505 2490 527 2537 si
544 2502 619 2554 quam
638 2490 755 2538 citissime
775 2486 822 2550 (uti
842 2485 925 2552 spero)
944 2490 1092 2546 accesseris,
1115 2490 1207 2554 poterit
1224 2489 1249 2537 id
1267 2489 1358 2539 differri
1376 2490 1402 2538 in
1420 2496 1489 2539 mum
1508 2490 1657 2540 adrentum.-

357 2612 431 2664 Haec
447 2611 533 2675 Tyoho
552 2612 661 2676 Keplero
687 2612 829 2676 perscripsit
851 2612 921 2676 quasi
946 2611 995 2660 fido
1023 2611 1103 2663 amico
1131 2617 1157 2661 ct
1175 2617 1322 2675 exspectans
1345 2627 1401 2661 eum
1428 2613 1454 2662 in
1481 2615 1653 2663 astronomicis

286 2683 432 2747 sdlutorem.
469 2683 562 2733 Eodem
581 2690 666 2734 autem
685 2683 724 2733 die
743 2682 903 2732 Monachinm
922 2681 955 2731 ad
973 2682 1163 2732 Heryartum
1181 2682 1226 2732 has
1246 2682 1314 2732 dedit
1330 2682 1424 2753 literas.

359 2771 498 2821 ...Fuit
515 2771 582 2835 apud
599 2786 639 2821 me
658 2771 798 2821 Benaticae
816 2784 874 2820 vere
891 2770 1026 2836 praeterito
1044 2769 1080 2819 hl.
1100 2769 1124 2819 J.
1144 2770 1283 2834 Keplerus,
1311 2772 1415 2835 insignis
1438 2772 1504 2835 apud
1523 2772 1653 2835 Styriacos

286 2842 494 2899 mathematicus,
523 2856 643 2906 cumque
669 2842 713 2892 tibi
738 2842 815 2892 etlam
838 2856 883 2905 per
903 2842 989 2891 literas
1011 2840 1206 2890 familiaritatem
1231 2842 1384 2891 intercedere
1412 2842 1515 2906 abipso
1539 2845 1652 2908 cognovi.

285 2913 383 2965 Retulit
400 2928 457 2963 rero
476 2913 541 2962 inter
559 2913 617 2970 alia,
636 2928 664 2962 ae
682 2913 815 2977 siquando
833 2912 954 2962 nonnulla
972 2912 1016 2961 tibi
1034 2912 1160 2974 scripsisse
1179 2911 1210 2960 de
1227 2912 1403 2975 hypothesibus
1427 2915 1489 2962 meis
1505 2915 1532 2963 in
1552 2921 1650 2963 contro·

285 2986 389 3035 versiam
408 2984 517 3042 rocatis,
544 2991 619 3047 atque
637 2984 702 3047 quod
721 2997 768 3033 eae
787 2984 877 3034 necin
897 2981 1033 3046 Copemico
1051 2995 1099 3031 nec
1119 2981 1253 3045 Apollonio
1268 2983 1396 3047 Pergase,
1421 2990 1451 3033 ut
1468 2984 1568 3047 qnidam
1587 2983 1653 3046 (iam

287 3063 346 3105 ante
367 3051 400 3103 14
419 3054 471 3103 dies
489 3051 610 3115 momuus)
629 3055 780 3117 praetendit,
799 3055 975 3115 invenirentur,
994 3052 1140 3109 ostendisse,
1170 3060 1245 3116 atque
1264 3055 1338 3103 certis
1355 3053 1453 3103 iudiciis
1471 3070 1521 3103 non
1540 3056 1653 3112 οἱοοιὶιιι,

286 3125 331 3174 aed
348 3138 418 3175 meas
437 3138 492 3175 esse
511 3124 649 3188 collegisse.
686 3124 758 3189 Rogo
776 3125 860 3188 itaque
879 3130 1045 3188 peramanter,
1064 3124 1124 3173 velis
1143 3136 1187 3172 eas
1199 3123 1302 3187 Kepleri
1319 3123 1404 3173 literas
1422 3140 1519 3175 mecum
1538 3126 1651 3190 aliquau-

287 3197 363 3259 tisper
382 3196 580 3251 communicare,
606 3201 649 3244 aut
667 3196 757 3245 saltem
776 3208 808 3243 ea
825 3195 915 3254 verba,
941 3208 1004 3258 quae
1021 3194 1069 3244 hoc
1086 3196 1214 3259 negotium
1232 3200 1398 3252 concernunt,
1423 3196 1480 3245 inde
1499 3203 1653 3246 transsumta

288 3273 315 3315 et
333 3272 392 3315 tuse
415 3279 504 3314 manus
522 3266 700 3328 subscriptione
728 3267 753 3314 iu
777 3266 890 3314 veritatis
913 3266 1080 3315 testimonium
1106 3265 1234 3315 ratificata
1257 3268 1434 3315 transmittere.
1472 3267 1570 3317 Feceris
1592 3268 1652 3317 mihi

288 3336 325 3389 sic
342 3350 395 3385 rem
414 3336 524 3399 apprime
542 3342 654 3401 grutam
682 3337 801 3387 incumbit
819 3338 886 3385 enim
903 3351 971 3386 nunc
990 3336 1103 3400 aliqualis
1120 3337 1272 3394 necessitas,
1299 3352 1342 3388 cur
1359 3339 1396 3387 sic
1414 3338 1467 3388 fieri
1486 3352 1601 3393 averem,
1618 3338 1652 3389 de

287 3420 339 3470 qua
356 3406 418 3457 alite
435 3406 555 3456 rescisces
575 3403 620 3455 te.

270 3586 275 3589 ,
361 3526 402 3579 hd
418 3529 464 3578 has
483 3529 607 3592 'lychonis
625 3531 784 3593 quaestiones
801 3543 866 3595 quae
883 3530 1037 3596 respondprlt
1054 3530 1198 3580 Herrrartns
1216 3530 1354 3586 nescimus,
1372 3529 1456 3593 Tycho
1475 3546 1532 3581 vero
1550 3546 1650 3595 respon·

291 3601 360 3650 sione
378 3600 441 3650 torte
460 3600 592 3656 Hemrti,
610 3614 658 3650 nec
676 3616 726 3649 non
745 3601 800 3651 aliis
820 3601 851 3651 de
867 3601 971 3665 Kepleri
990 3603 1065 3651 animi
1083 3602 1226 3651 sinceritate
1244 3602 1392 3650 testimoniis
1411 3603 1522 3660 edoctus,
1540 3602 1607 3651 illum
1625 3604 1651 3651 in

290 3670 425 3720 amicitiam
443 3674 552 3733 recepit;
579 3685 628 3735 qua
649 3673 746 3721 ntioue
770 3673 968 3722 observationum
993 3686 1093 3721 suarum
1117 3674 1210 3721 socium
1235 3672 1339 3737 elegerit
1356 3672 1505 3735 Keplerum,
1532 3687 1579 3723 nec
1601 3688 1651 3722 non

292 3746 431 3804 compotem
449 3742 537 3791 iecerit
556 3757 628 3806 opum
647 3744 867 3793 astronomicarum
886 3742 944 3793 inde
963 3757 979 3792 a
996 3743 1079 3792 multis
1098 3745 1171 3792 annis
1190 3742 1364 3803 collectarum,
1390 3742 1453 3792 haec
1472 3744 1521 3792 alio
1539 3745 1593 3793 loco
1612 3760 1650 3793 re-

291 3811 416 3861 censenda
433 3819 499 3861 sunt

361 3881 463 3932 Interim
480 3881 618 3945 Keplerns,
644 3890 672 3932 nt
695 3890 858 3934 consueverat
881 3886 908 3938 in
930 3884 1002 3934 rebus
1025 3884 1117 3940 dubiis,
1144 3892 1330 3947 praeceptorem
1356 3885 1418 3933 adiit
1435 3883 1650 3941 Maestlinnm,

291 3952 420 4001 connitum
438 3953 502 4002 illius
521 3954 566 4002 sibi
585 3959 717 4018 expetens,
742 3955 800 4019 qnid
815 3944 962 4005 'laciendum
980 3955 1013 4004 sit
1031 3956 1057 4004 in
1075 3955 1119 4004 illa
1136 3970 1176 4012 re,
1201 3969 1266 4019 quae
1285 3954 1427 4017 Tychonem
1445 3962 1576 4019 tantopere
1595 3956 1648 4020 agi·

293 4024 372 4073 tabat.
410 4023 569 4084 Maestlinus,
595 4031 653 4074 ante
673 4032 803 4089 acceptam
822 4026 951 4089 epistolam
975 4026 1043 4075 illam
1062 4028 1242 4075 excusatoriam
1262 4023 1330 4088 (ride
1347 4041 1421 4089 supra
1437 4042 1460 4091 p.
1483 4023 1560 4089 220),
1586 4028 1650 4076 haec

291 4094 418 4158 respondit
435 4094 468 4144 ad
485 4095 577 4159 priores
596 4095 699 4159 Kepleri
716 4095 810 4153 literas,
829 4098 963 4161 respiciens
981 4097 1104 4160 Tychonis
1123 4097 1253 4161 adipsum
1272 4097 1362 4146 datas:
1457 4153 1462 4157 ,

362 4183 461 4232 duob.
480 4182 512 4232 D.
533 4182 650 4246 Tychone
669 4184 752 4234 Brahe
774 4184 859 4235 literas
883 4187 983 4250 accepi,
1009 4185 1095 4251 quibus
1117 4200 1188 4235 suam
1214 4187 1364 4235 seutentiam
1387 4186 1509 4236 mordicus
1530 4186 1648 4236 defendit.

205 4265 208 4269 ’
289 4252 476 4304 Humauissime
495 4254 529 4304 sd
545 4269 586 4304 nse
603 4256 709 4319 scripsit,
728 4270 833 4320 quarum
851 4258 935 4319 copias
953 4258 1082 4315 misissem,
1102 4257 1145 4306 sed
1165 4257 1317 4306 describendi
1336 4263 1432 4317 tempus
1451 4272 1501 4306 non
1512 4258 1566 4306 luit
1598 4256 1648 4307 Sed

291 4326 372 4388 prims
382 4338 479 4389 quaque
490 4327 620 4375 occasione
632 4326 743 4389 proxima
753 4328 860 4376 mittun.
890 4327 920 4376 ln
932 4329 962 4377 iis
974 4334 1032 4378 sunt
1040 4344 1089 4378 non
1102 4342 1184 4392 pauca
1195 4334 1284 4376 notatu
1297 4343 1346 4376 non
1358 4328 1469 4392 indigna
1501 4328 1593 4377 Verum
1603 4329 1648 4377 etsi

291 4409 323 4445 ea
339 4410 389 4444 non
407 4409 495 4458 parum
511 4411 552 4446 me
570 4402 694 4453 mereant,
713 4398 834 4461 proportio
852 4405 939 4448 tumen
950 4405 995 4449 tna
1007 4413 1135 4463 corporum
1146 4399 1289 4448 coelestium
1307 4413 1363 4447 cum
1375 4399 1484 4462 quinque
1497 4400 1649 4462 regularibus

291 4466 430 4529 corporibus
442 4482 482 4515 me
493 4466 571 4516 multo
582 4469 662 4531 magis
674 4476 764 4517 moret
800 4468 903 4518 Addidit
924 4472 999 4519 etiam
1013 4472 1097 4534 copias
1112 4476 1211 4519 tuarum
1220 4469 1252 4518 ad
1264 4472 1343 4533 ipsum
1355 4471 1502 4532 scriptarum
1523 4470 1648 4519 literarum

291 4542 318 4585 ct
329 4536 367 4585 sui
379 4536 413 4586 ad
423 4542 450 4587 te
462 4539 581 4601 responsi,
598 4540 734 4602 quostiam
746 4553 796 4588 nou
808 4554 890 4602 pauca
908 4545 996 4591 notatu
1014 4541 1159 4606 dignissim
1170 4546 1237 4590 sunt.
1273 4539 1357 4601 Porro,
1378 4540 1443 4604 quod
1454 4540 1587 4603 praeterire
1600 4555 1648 4589 non

292 4620 398 4668 possum,
412 4607 443 4657 de
455 4607 518 4657 Urso
530 4609 572 4657 illo
585 4623 650 4673 quae
661 4610 753 4659 scribit
791 4609 906 4675 intelligo
919 4611 1009 4661 Ursum
1021 4614 1096 4661 istum
1113 4611 1200 4661 librum
1213 4610 1346 4675 quendam,
1366 4625 1414 4674 quo
1427 4612 1557 4661 teterrimis
1569 4625 1647 4659 scom-

292 4677 366 4725 matis
378 4678 521 4739 Tychonem
533 4681 677 4735 insectatur,
697 4680 812 4737 edidisse,
835 4682 874 4729 cui
887 4683 1017 4745 epistolam
1030 4684 1137 4746 aliquam
1155 4690 1225 4731 tuam
1237 4682 1357 4746 praefixit,
1382 4682 1408 4730 ln
1421 4696 1471 4743 qua
1481 4682 1647 4745 praeclarissi-

292 4748 338 4795 mis
360 4747 447 4813 elogiis
467 4750 547 4812 ipsum
568 4765 648 4800 ornes.
685 4751 778 4801 Verum
800 4767 846 4817 ego
865 4753 954 4803 librum
974 4754 1043 4803 illum
1055 4770 1105 4803 non
1117 4755 1174 4809 ridi,
1196 4767 1243 4802 nec
1257 4754 1333 4802 etiam
1345 4753 1420 4802 talem
1444 4766 1460 4801 a
1479 4759 1504 4802 te
1519 4753 1647 4815 epistolam

292 4815 409 4885 scriptam
420 4833 474 4870 ease
487 4820 586 4891 credere
599 4836 705 4885 possum.
741 4821 814 4872 Nosti
827 4825 902 4884 enim,
920 4825 1044 4888 quodnam
1055 4826 1086 4874 de
1098 4826 1145 4874 isto
1157 4824 1256 4874 homine
1269 4825 1302 4874 sit
1314 4839 1395 4875 meum
1408 4824 1536 4886 judicium.
1575 4822 1648 4887 Quae
