3609 5634
704 318 825 369 Emi·
842 319 989 383 emm
1469 318 1531 385 105

158 475 284 555 reliquo
301 436 398 537 etiam
422 467 544 539 dimidio
568 475 728 538 excurrat?
772 475 929 560 EStyria
952 480 1120 559 quondam,
1144 487 1179 542 ut
1202 479 1280 555 dixi,
1306 482 1345 542 ad
1368 482 1529 560 Brehecm,

159 563 200 625 id
224 572 274 625 est
296 564 335 625 ad
358 583 447 644 opus
470 564 689 626 Tabularum
713 566 1029 646 Rudolphinarum
1052 570 1276 644 maturandum,
1300 571 1455 649 profectus
1479 575 1529 634 est'

151 637 289 714 *libellus
313 652 380 728 iste,
405 654 587 716 metatore:
612 654 683 736 qnid
706 655 852 728 insolens,
887 655 957 735 quid
986 656 1061 717 edeo
1086 658 1216 719 alienum
1245 679 1262 719 a
1283 659 1413 738 pristino
1437 660 1529 723 insti-

164 748 237 803 tuto
260 749 373 811 vestro,
396 743 552 815 Pmceres‚
576 744 646 824 quid
671 731 797 823 denique
822 762 878 805 non
903 752 1022 823 gratum
1045 746 1236 807 Fordinando
1260 747 1437 825 Imperatori
1462 750 1530 813 Au·

164 838 278 909 gusto,
311 830 462 911 Rndolphi
484 840 556 911 post
578 832 743 912 Matthiam
767 832 949 907 successori,
982 834 1134 908 feceritis,
1171 835 1198 895 si
1221 844 1423 898 revertentem
1451 857 1529 901 nnnc

165 919 318 993 libellum,
338 928 471 981 veterem
492 920 630 982 clientem
650 929 792 993 vestmm‚
818 922 855 981 de
880 923 968 983 rebus
991 922 1108 984 interea
1132 924 1228 1003 gestis
1257 925 1402 1001 audiatis,
1428 928 1454 990 si
1476 936 1527 990 ta-

168 1008 305 1068 bularum
329 1027 403 1088 opus
428 1009 608 1071 laboriosum
632 1019 663 1071 et
686 1010 863 1081 sollicitum,
895 1010 922 1070 si
946 1011 1070 1072 delicias
1096 1013 1214 1074 humani
1238 1013 1372 1093 generis,
1408 1016 1435 1076 si
1463 1015 1530 1079 Ru-

165 1096 273 1175 dolphi
291 1097 486 1176 Imperatoris
509 1118 615 1161 nomen
639 1099 834 1179 honoresque,
858 1097 977 1160 modica
992 1101 1177 1163 liberalitate
1195 1104 1414 1181 promovendos
1429 1104 1529 1167 susci-

152 1185 279 1263 'piatis3
303 1186 329 1247 si
353 1186 431 1248 hanc
446 1188 681 1250 vetustissimam
700 1188 981 1250 mathematicamm
996 1188 1222 1269 disciplinarum
1237 1192 1410 1254 clientelam
1425 1194 1531 1255 domus

165 1274 347 1348 Austriaea‚
378 1295 414 1336 ue
443 1277 499 1336 hoc
526 1277 644 1357 cuidem
674 1277 854 1356 gravissimo
882 1283 963 1338 motu
992 1295 1153 1353 concussa,
1196 1280 1403 1342 intercedente
1427 1288 1531 1344 restra

166 1364 397 1425 succenturiata
419 1365 625 1445 providentia,
650 1365 784 1428 dimittet
807 1366 959 1426 exterisve
982 1367 1093 1428 cedet?

259 1451 317 1513 Hie
339 1453 431 1532 igitur
453 1449 653 1516 dedicationis
676 1454 764 1534 hujus
790 1454 939 1533 repetitae
964 1472 1073 1536 scopus
1096 1463 1181 1532 esto,
1212 1476 1299 1537 quem
1323 1458 1349 1520 ei
1373 1477 1393 1517 a
1415 1466 1529 1533 vestra,
1569 1461 1577 1472 '

142 1541 325 1616 χΡτοερτοε,
350 1543 574 1622 magnificentia
598 1544 681 1605 luero
705 1549 916 1621 consequutus,
940 1543 971 1604 id
994 1562 1081 1622 omen
1106 1545 1176 1607 mihi
1191 1546 1352 1608 rnaximum
1372 1547 1438 1621 erit,
1455 1548 1530 1621 fore,

165 1639 205 1691 ut
226 1631 398 1711 priusquam
421 1649 477 1710 ego
496 1631 704 1712 Bndolphinas
731 1631 761 1692 in
791 1631 1069 1709 lucem-proteram
1095 1634 1260 1714 colophone
1288 1636 1345 1697 hoc
1369 1642 1529 1698 restaura-

167 1719 245 1780 tioni
269 1721 489 1781 astronomicae
512 1722 671 1801 imposito:
699 1727 888 1782 restauratus
912 1720 968 1781 sub
990 1721 1180 1784 Ferdinando
1204 1723 1244 1784 Il.
1268 1730 1341 1803 post
1369 1725 1463 1786 aunbs
1493 1726 1532 1788 ab

167 1827 296 1869 excessu
318 1809 499 1871 Perdiuandi
525 1810 548 1873 l.
572 1809 670 1871 minus
693 1808 868 1886 sexaginta,
893 1808 1115 1888 provinciarum
1132 1812 1361 1874 Austriecerum
1391 1814 1531 1896 antiquus

168 1898 222 1958 ille
245 1896 408 1975 quinarius,
433 1898 579 1977 repressis
604 1898 691 1960 belbe
714 1898 860 1970 civilibus,
886 1904 919 1958 et
937 1916 1012 1976 pace
1033 1917 1131 1974 rerum
1145 1899 1265 1980 'optima
1278 1902 1412 1976 reducta,
1434 1904 1530 1966 denno

167 1986 327 2066 pristinum
355 1987 385 2047 in
412 1987 541 2048 nitorem
564 1988 752 2060 efflorescat3
775 1987 853 2065 quod
877 2004 979 2061 omen,
1005 1988 1167 2067 angoribus
1190 1991 1228 2052 ob
1253 1991 1334 2051 male
1355 1993 1532 2069 praesentia

168 2094 226 2135 non
251 2075 359 2136 leviter
381 2085 566 2154 quassatum,
591 2076 673 2137 Deus
697 2076 770 2155 Opt.
796 2077 876 2138 Max.
903 2075 1096 2138 miseratione
1121 2078 1286 2148 ecclesiae,
1310 2080 1363 2141 filii
1386 2080 1433 2142 eni
1457 2101 1530 2143 ean·

169 2164 256 2242 guine
285 2164 452 2236 redemtae‚
489 2163 637 2243 propitius
664 2165 770 2233 firmet,
795 2163 869 2225 iram
899 2182 986 2225 susm
1021 2166 1143 2226 tandem
1172 2187 1190 2227 a
1217 2169 1303 2230 nobis
1332 2187 1473 2232 eversam
1501 2171 1530 2231 in

169 2260 276 2333 gentes
304 2252 462 2314 ecclesiam
484 2262 644 2314 vastantes
671 2261 845 2326 convertat,
878 2252 1034 2331 imperium
1061 2253 1244 2322 Ferdinandi
1271 2257 1310 2318 ll.
1333 2257 1410 2337 Imp.
1437 2260 1529 2339 Aug„

169 2341 330 2403 exstinctis
360 2340 470 2402 irarum
500 2341 657 2403 incentivis
686 2341 812 2402 salutari
845 2340 1025 2402 clementiae
1053 2360 1129 2404 sura
1162 2345 1333 2424 mitigatum
1357 2357 1530 2428 prosperet3

169 2447 228 2508 qua
252 2431 369 2491 ratione
387 2439 419 2492 et
443 2430 561 2512 styrie,
588 2432 735 2492 fortunae
749 2449 834 2491 meae
856 2428 956 2508 prima
974 2429 1167 2502 incunabula,
1198 2450 1321 2512 cumque
1344 2434 1399 2495 ille
1421 2443 1454 2497 et
1475 2455 1530 2497 vos

168 2519 411 2581 reverendissimi
436 2520 716 2600 generosissimique
741 2518 896 2588 Proceres,
921 2517 976 2579 sub
1000 2517 1057 2579 alis
1081 2518 1200 2599 aquilae
1224 2521 1281 2583 tuti
1307 2542 1326 2582 a
1348 2523 1465 2586 vulture
1488 2524 1528 2586 li-

168 2608 312 2680 mitaneo,
336 2627 492 2689 rerumque
517 2610 646 2671 omnium
669 2607 758 2690 copie
781 2606 955 2685 locupletes,
980 2606 1009 2668 in
1033 2615 1128 2669 anuos
1153 2608 1323 2672 innumeros
1342 2611 1528 2691 perduretis:

169 2697 277 2776 quibus
302 2697 406 2758 debita
428 2716 495 2758 eum
518 2699 711 2760 veneratione
734 2715 781 2757 me
804 2695 992 2757 commendo.
1185 2712 1191 2721 ·

260 2786 383 2847 Valete.
431 2786 548 2847 Dabam
572 2785 766 2848 Franlreiurti
789 2781 842 2846 20.
868 2779 955 2856 (30.)
978 2783 1060 2845 Junii
1082 2778 1176 2846 1621.

476 2874 554 2937 Rev.
579 2886 610 2937 et
634 2875 712 2938 Gen.
730 2873 820 2953 Meg.
846 2872 886 2933 V.
1186 2915 1191 2922 .

660 3039 663 3042 ,
917 2958 1122 3023 deditissimus
1146 2960 1241 3024 cliens

720 3050 862 3113 Joemres
883 3046 1057 3130 Kepleme,
1080 3044 1152 3112 clim
1175 3048 1297 3134 Styriae
1321 3069 1485 3131 procerum,

699 3149 769 3218 post
792 3138 888 3218 lmpp.
907 3135 1014 3200 Caesa.
1035 3136 1188 3219 Rudolphi
1212 3149 1243 3201 et
1257 3140 1419 3215 Matthiae,
1444 3142 1464 3204 l.
1490 3163 1530 3207 m.

696 3228 781 3291 ordd.
803 3247 831 3308 q.
847 3225 992 3289 Austriee
1014 3224 1268 3306 Supr-Anisanee
1283 3230 1530 3295 Mathematicus.
