3609 5634
751 375 841 418 contu
858 368 957 419 Ursam.
1470 369 1535 433 275

152 515 256 583 dure.
304 519 378 583 Stat
403 521 507 602 itaque
534 524 663 585 aeserth
687 524 758 587 Ursi
786 525 872 587 tirma
900 533 932 586 et
957 525 1119 587 immobilis
1151 534 1185 587 ut
1212 545 1318 590 carrus
1343 528 1436 590 unios
1463 541 1533 592 rota

150 606 294 670 acilium
321 611 476 674 subnixus.
521 612 601 674 Nam
627 614 655 674 si
686 621 805 693 partem
826 621 938 689 totum,
971 613 997 675 si
1021 615 1079 675 duo
1102 614 1208 694 viginti
1235 635 1304 677 esse
1333 620 1531 693 persuaserit,

153 694 229 757 boe
261 715 378 779 quoque
406 700 484 779 quod
517 702 713 763 contenderat
745 701 902 764 obtinebit.
950 702 1086 782 Denique
1114 703 1193 765 sicut
1222 713 1314 766 autea
1335 705 1532 784 Apollouimu

154 787 286 865 negavi
314 787 500 865 professione
529 789 622 852 luisse
650 799 867 864 astronomum,
908 809 1000 870 quare
1028 809 1123 871 neque
1151 810 1206 871 pro
1234 800 1358 854 auctore
1389 812 1534 856 novamm

153 872 390 954 hypothesium
412 876 581 939 habendum
604 880 763 941 contendi:
785 873 839 940 ‘ita
861 880 909 941 hic
932 880 1012 941 idem
1037 882 1135 941 mutto
1155 881 1272 960 quidem
1296 881 1460 944 efficaciori
1483 903 1533 944 are

128 972 322 1041 ·gumento
344 982 448 1045 urgeo.
494 966 573 1028 Nam
602 967 660 1028 etsi
679 968 833 1047 Apollonii
861 968 1078 1047 problematis
1113 969 1186 1030 solis
1214 969 1399 1032 stationibus
1424 971 1532 1049 plaut-

159 1061 279 1114 tarum
304 1054 375 1129 fuit,
404 1055 508 1115 horum
530 1073 603 1116 vero
627 1065 782 1118 auctorum
800 1057 1009 1135 cogitationes
1037 1057 1067 1118 in
1091 1064 1158 1117 tota
1185 1058 1342 1119 machinae
1365 1059 1532 1119 mundanae

161 1138 276 1202 forma
300 1152 469 1220 vagantur:
498 1143 548 1204 ille
578 1151 681 1205 tamen
705 1139 778 1206 suae
807 1146 990 1206 inventionis
1014 1147 1172 1224 (quantum
1203 1146 1260 1206 sibi
1284 1156 1437 1224 geometra
1460 1166 1530 1226 pro-

162 1232 336 1306 posuerat)
361 1239 466 1290 auctor
488 1231 600 1310 primus
623 1234 731 1294 merito
756 1233 938 1296 celebratur:
968 1234 998 1295 hi
1023 1234 1139 1295 alienas
1163 1235 1200 1294 de
1224 1235 1333 1295 mundo
1357 1236 1531 1314 conceptio-

162 1336 231 1379 nes
257 1319 294 1379 de
317 1318 467 1380 industria
490 1321 704 1382 consarcinaut
726 1321 820 1401 iisque
845 1342 901 1382 sua
925 1340 1018 1400 opera
1042 1331 1201 1394 exornant,
1225 1341 1280 1383 uec
1299 1323 1357 1384 sibi
1378 1334 1530 1402 arrogant,

164 1405 201 1467 si
225 1425 327 1486 pauca
348 1408 378 1468 iu
401 1407 500 1469 Plinio
524 1410 678 1487 excipias,
706 1428 783 1489 quae
809 1410 859 1471 ille
883 1430 903 1470 a
926 1410 1067 1472 Vitruvio
1090 1418 1229 1471 mutuata
1251 1429 1310 1472 uon
1333 1429 1444 1490 magua
1467 1414 1532 1492 ejus

164 1494 289 1573 injuria
312 1495 490 1570 dissimulat,
514 1515 581 1558 oum
605 1505 728 1577 uterque
752 1498 909 1559 erraverit.
956 1498 1136 1577 Apollonius
1156 1498 1276 1559 laudem
1290 1498 1403 1576 ingenii
1425 1501 1531 1564 etad·

165 1583 369 1645 mirationem
392 1584 522 1645 omnium
546 1585 742 1647 subtilissima
765 1595 797 1647 et
820 1587 980 1646 verissima
997 1588 1201 1665 speculatione
1217 1588 1340 1648 meruit:
1366 1586 1395 1647 hi
1411 1597 1533 1649 scatent

169 1673 329 1733 erroribus
353 1679 385 1732 et
406 1671 538 1751 gratiam
561 1674 678 1752 quidem
702 1675 816 1736 habeut
842 1674 1090 1736 transmissarum
1120 1675 1160 1734 ad
1183 1693 1237 1735 uos
1263 1675 1310 1735 vel
1334 1684 1532 1738 conservate·

171 1777 245 1820 rum
266 1760 385 1821 illarum
407 1761 659 1838 speculationum:
690 1763 873 1842 peculiarem
893 1782 963 1823 vero
987 1763 1114 1841 gloriam
1139 1782 1193 1824 uec
1217 1763 1275 1824 sibi
1298 1783 1355 1824 neo
1376 1765 1532 1843 magistris

172 1848 243 1908 suis
265 1848 466 1909 redemerunt.
513 1848 596 1910 Male
619 1850 773 1911 nobiscum
798 1860 922 1930 agatur,
953 1851 978 1911 si
1003 1853 1164 1912 etiamnum
1189 1850 1425 1914 astronomiam
1445 1863 1534 1916 tauta

172 1935 391 1997 incertitudine
414 1945 560 2007 versetur,
583 1937 610 1997 si
633 1945 751 1999 tantum
775 1940 937 1999 etiamnum
962 1939 990 1998 in
1015 1939 1068 1999 illa
1083 1938 1317 2011 desideraretur,
1342 1938 1367 1999 si
1391 1940 1531 2002 latitudi-

177 2041 263 2097 num,
297 2024 322 2084 si
353 2024 564 2103 evagationem
594 2026 724 2086 Veneris
758 2034 791 2086 et
819 2026 960 2086 Mercurii
992 2026 1124 2104 cognitio
1153 2044 1211 2087 nou
1240 2027 1366 2088 certior:
1400 2028 1426 2089 si
1450 2028 1532 2091 Solis

176 2111 334 2173 circuitum
357 2113 519 2174 etiamnum
542 2114 684 2174 inflexum
708 2123 740 2174 et
762 2121 931 2176 contortum
954 2121 1108 2195 putemus:
1134 2114 1160 2174 si
1176 2133 1284 2175 causas
1308 2134 1405 2176 return
1429 2126 1532 2179 astro-

177 2201 363 2262 nomicarum
387 2219 445 2261 nou
469 2201 608 2263 meliores
631 2201 804 2276 habeamus,
829 2221 919 2282 quam
940 2201 978 2262 ab
993 2202 1055 2263 illis
1070 2202 1237 2264 didicimus.
1283 2202 1331 2263 Ac
1354 2203 1413 2264 nisi
1428 2205 1532 2284 Tycho

175 2288 236 2361 his,
262 2307 336 2368 quas
360 2288 418 2350 sibi
440 2288 547 2351 merito
569 2290 714 2362 vindicat,
740 2290 955 2371 hypothesibus
980 2289 1197 2350 astronomiam
1221 2290 1308 2350 nobis
1322 2293 1531 2368 perfectiorem
1627 2303 1630 2306 ’

178 2377 351 2450 tradiderit,
377 2396 465 2457 quam
488 2377 532 2438 illi
556 2378 721 2458 reliquere:
753 2397 811 2439 uon
835 2379 1013 2456 deprecatur
1040 2379 1175 2456 quamvis
1199 2385 1294 2438 totum
1317 2379 1367 2438 ille
1391 2381 1531 2442 muudum

179 2465 354 2545 complexus
377 2466 427 2538 sit,
452 2465 521 2545 quin
546 2467 758 2528 meditationes
783 2486 855 2527 suae
879 2467 957 2527 inter
979 2465 1120 2526 Pliniana
1143 2467 1286 2544 figmenta
1308 2467 1477 2530 referantur
1499 2479 1532 2531 et
1556 2495 1558 2498 ·

180 2549 306 2634 indigna
328 2554 506 2626 habeantur,
531 2555 638 2634 quibus
662 2533 866 2635 hypotheseon
890 2555 1158 2616 astronomicarum
1182 2573 1289 2614 nomen
1312 2554 1472 2617 tribuatur.

270 2641 331 2705 Sed
356 2642 432 2704 alios
456 2643 577 2721 iusuper
599 2643 736 2722 producit
758 2651 898 2704 auctores
922 2641 1134 2722 Tychoniauae
1157 2642 1373 2722 hypotheseos3
1397 2662 1455 2704 uon
1475 2663 1529 2705 so-

180 2730 227 2792 los
251 2731 295 2793 illi
318 2739 499 2809 geometras,
521 2732 673 2812 physicos,
698 2731 891 2804 architectos,
916 2730 1061 2791 historiae
1080 2731 1199 2791 navalis
1214 2730 1387 2809 scriptores,
1410 2740 1527 2810 poetas,

179 2820 404 2898 grammaticos,
429 2820 630 2881 astronomiae
653 2820 807 2900 imperitos
831 2818 951 2897 objicit:
977 2838 1050 2897 quos
1066 2827 1172 2880 contra
1191 2818 1433 2880 dissimilitudine
1456 2840 1529 2901 pro-

180 2908 322 2969 fessionis
350 2907 499 2987 excipiat:
529 2908 664 2988 sequitur
692 2916 725 2969 et
748 2915 1003 2981 astronomus,
1038 2917 1277 2968 astronomorum
1296 2907 1425 2969 omnium
1458 2919 1530 2988 post

181 2995 388 3059 Ptolemaeum
411 2996 638 3070 celeberrimus,
665 3016 719 3057 uec
743 2996 871 3057 scientia
889 3003 1024 3066 tautum,
1058 2996 1112 3056 sed
1137 3002 1167 3056 et
1191 3003 1300 3055 eventu
1324 2996 1424 3056 clarus
1447 2999 1529 3059 edito

179 3085 464 3147 Revolutiouum
492 3085 715 3146 coelestium
737 3103 842 3163 opere,
870 3084 947 3145 unde
976 3083 1098 3144 tabulae
1128 3084 1284 3144 derivatae
1308 3093 1391 3155 sunt,
1421 3086 1527 3163 quibus

179 3174 270 3235 hodie
292 3173 324 3262 ip
347 3193 418 3236 usus
441 3173 674 3253 Ephemeridum
699 3173 829 3252 receptis
852 3172 983 3251 priorum
1003 3171 1124 3233 tabulae
1140 3172 1315 3252 antiquatae
1330 3179 1409 3233 sunt.
1448 3175 1544 3252 Age,

177 3262 267 3337 Urse,
290 3261 386 3323 vimm
409 3270 440 3323 te
462 3271 601 3341 praesta:
631 3270 744 3323 rectam
768 3261 846 3322 enim
869 3260 948 3321 viam
972 3260 1098 3322 insistis.
1145 3261 1216 3335 Dio,
1242 3280 1312 3339 age,
1339 3260 1432 3322 fuitus
1457 3260 1527 3323 Oo-

178 3350 357 3430 peruicus
385 3351 519 3431 Tychoni
553 3358 811 3430 praemonstrator
843 3368 916 3410 suae
948 3349 1170 3429 hypotheseos?
1215 3348 1278 3410 Sed
1310 3368 1376 3411 cum
1407 3349 1528 3423 dixeris,

178 3438 363 3514 memineris,
397 3447 496 3500 tecum
523 3440 595 3501 mihi
624 3459 686 3500 rem
713 3440 844 3500 suturam
871 3438 990 3518 tuisque
1023 3458 1089 3499 cum
1112 3438 1230 3506 verbis,
1263 3456 1322 3499 nun
1353 3456 1420 3498 curn
1448 3440 1526 3502 aliis.

178 3529 258 3591 Nam
282 3535 428 3607 utsupra
451 3546 567 3608 quoque
590 3529 691 3589 innui:
720 3535 791 3606 post
813 3527 955 3604 vulgatas
979 3524 1138 3606 Caperuici
1162 3526 1345 3607 hypotheses
1369 3545 1426 3586 nun
1450 3545 1527 3606 uago

178 3635 247 3678 esse
270 3623 302 3678 et
324 3616 416 3677 fuisse
439 3617 560 3690 multos,
585 3635 659 3696 quos
682 3615 760 3677 iuter
783 3634 816 3676 se
839 3614 1119 3676 Rothumauuus
1142 3615 1314 3694 profitetur:
1340 3615 1446 3693 quibus
1463 3613 1527 3676 Gu-

177 3706 359 3786 peruieanae
386 3705 589 3786 hypotheseos
618 3703 833 3782 contemplatio
857 3702 984 3780 digitum
1013 3703 1143 3763 intendit
1166 3701 1204 3762 ad
1228 3701 1353 3763 eandem
1376 3721 1444 3764 cum
1463 3703 1526 3784 Ty-
1568 3710 1571 3716 '

178 3795 273 3856 chone
295 3794 379 3855 viam
401 3794 642 3873 ingrediendam:
667 3811 790 3871 quorum
813 3791 962 3852 nemiuem
985 3810 1040 3851 sua
1055 3790 1143 3851 laude
1157 3790 1331 3867 privandum
1347 3792 1526 3867 existimem,

178 3883 238 3945 etsi
261 3884 327 3964 quis
357 3882 387 3944 in
411 3882 468 3943 hoc
492 3882 634 3963 Tychone
660 3889 856 3960 praeceptore
884 3898 943 3939 nou
967 3879 1057 3940 fuerit
1085 3898 1167 3939 usus.
1215 3877 1359 3947 Quamvis
1383 3879 1526 3960 Tychoni,

177 3991 244 4034 cum
272 3990 360 4033 suam
389 3977 548 4050 quaereret
569 3969 764 4051 hypothesin,
799 3987 856 4029 non
887 3968 977 4029 luerit
1006 3967 1034 4028 in
1064 3967 1162 4027 auimo
1187 3964 1460 4045 Copernicanarum
1488 3969 1526 4029 ad

176 4061 287 4122 Terrae
315 4059 555 4122 immobilitatem
581 4057 742 4130 traductio,
770 4057 815 4119 uti
838 4055 921 4130 aliis,
951 4055 1004 4117 sed
1032 4055 1142 4117 Martis
1172 4055 1201 4117 in
1230 4056 1416 4134 oppositione
1444 4055 1526 4118 Solis

179 4150 217 4209 ad
246 4150 371 4210 Terram
399 4148 666 4228 appropinquatio,
698 4145 897 4228 epicyclorum
931 4146 969 4205 ad
993 4143 1096 4206 Solem
1127 4143 1264 4222 alligatio
1294 4151 1327 4203 et
1352 4145 1381 4204 in
1409 4162 1526 4205 summa

178 4238 285 4299 eadem
308 4255 394 4322 pene,
419 4255 495 4316 qnae
511 4234 677 4315 Copernico
696 4236 778 4315 prius
802 4235 921 4295 fueraut
943 4233 1107 4313 proposita
1153 4232 1202 4293 Ac
1220 4249 1288 4292 cum
1301 4230 1359 4310 ipsi
1382 4232 1463 4293 viam
1487 4232 1524 4293 ad

178 4345 264 4387 suam
293 4325 472 4406 hypothesin
504 4323 732 4402 intersepsisset
760 4322 873 4384 orbium
905 4322 980 4383 laiso
1005 4322 1126 4401 jactata
1154 4319 1305 4404 soliditas,
1340 4320 1525 4381 commodum

177 4414 365 4476 intervenere
388 4419 535 4488 cometae,
559 4412 609 4492 qui
633 4413 806 4473 transcursu
830 4429 883 4471 suo
908 4410 977 4471 illas
1000 4409 1163 4471 solidorum
1178 4406 1291 4467 orbium
1310 4406 1435 4467 nebulas
1460 4408 1525 4469 dis-

178 4509 316 4564 cuterent
348 4509 380 4563 et
407 4501 620 4582 impedimenta
649 4498 860 4579 Tychoniauae
893 4498 1095 4578 hypotheseos
1128 4495 1279 4556 tollerent.
1326 4494 1414 4556 Adde
1447 4496 1525 4575 quod

176 4610 235 4653 non
268 4591 334 4654 sola
365 4591 395 4651 in
424 4589 604 4670 Tyohouicis
633 4586 761 4648 mutatio
793 4594 826 4646 et
856 4585 1053 4664 transpositio
1082 4582 1354 4660 Coperuicauarum
1378 4590 1439 4655 est,
1471 4583 1526 4646 sed

175 4679 273 4742 multa
294 4697 374 4740 nova
394 4676 618 4757 peculiariaque
646 4694 683 4735 ex
711 4673 896 4752 appetentiis
920 4674 994 4752 ipsis
1022 4672 1166 4745 deducta,
1196 4689 1272 4751 quae
1291 4669 1317 4730 si
1341 4669 1525 4750 Copernicus

175 4785 320 4848 usurpare
343 4767 426 4842 velit,
452 4784 538 4828 suam
558 4765 624 4844 ipse
648 4762 826 4843 hypothesin
851 4761 985 4840 corrigat
1006 4768 1039 4821 et
1056 4761 1194 4821 immutet
1215 4776 1340 4820 necesse
1360 4767 1422 4834 est,
1447 4760 1525 4840 quod

175 4874 232 4937 ego
256 4855 386 4937 quidem,
411 4854 461 4935 qui
484 4852 684 4935 Ooperuicum
706 4850 737 4913 iu
760 4849 942 4929 capitalibus
966 4868 1082 4930 sequor,
1108 4847 1276 4909 laciendum
1291 4866 1413 4911 censeo.

1255 4948 1314 5001 18*
