3609 5634
696 333 996 460 mammonas
1456 384 1526 454 1111

168 550 250 613 Ram
273 550 304 612 in
325 550 434 632 impari
458 567 590 626 numero,
614 570 681 614 curn
695 551 761 632 pari
775 559 960 633 comparato,
985 562 1113 635 apparet
1126 554 1219 616 etiam
1233 569 1388 615 excessus
1422 549 1526 611 Marsa

165 640 263 720 igitur
284 640 488 721 Pythagoram
512 661 584 702 suas
607 640 721 702 babent
742 642 913 716 mentulas,
937 643 991 704 sed
1014 644 1153 706 femellae
1176 639 1398 724 ffitltagorioce
1420 643 1527 701 carent

164 727 277 790 vulvis.

260 817 330 879 Jarn
354 817 392 877 ad
417 817 515 898 ipsum
530 818 661 879 auctoris
683 818 854 880 institutum
878 821 977 891 renio,
1002 822 1052 902 qui
1072 828 1171 902 putat,
1196 839 1228 881 se
1251 818 1430 880 chordarum
1453 833 1526 894 pro·

150 906 322 987 ‘portiones
346 924 384 966 ex
407 907 545 985 sphaeris
557 907 753 969 cerambus
767 908 937 972 deduxisse.
978 909 1059 971 Mira
1075 909 1247 989 persuasi03
1273 926 1339 969 cnm
1359 906 1410 967 ille
1424 904 1526 984 potius

167 1015 208 1056 ex
245 994 375 1074 cognitis
411 995 587 1056 chordarum
623 996 865 1075 proportionibus
907 998 1074 1078 opinionem
1111 997 1283 1077 mucepcrit
1321 996 1358 1056 de
1397 1009 1524 1073 propor-

166 1084 251 1145 tione
287 1083 481 1164 sphaerarum
513 1084 707 1158 coelestium
746 1085 826 1146 unde
865 1087 1028 1149 musicales
1069 1107 1156 1150 veras
1181 1083 1373 1156 extruxerit,
1411 1079 1525 1143 nescio.

167 1174 286 1246 Video,
321 1161 443 1233 eos‘dem
472 1192 540 1233 esse
572 1189 711 1235 numeros
742 1191 809 1235 cum
837 1174 1041 1252 calvinianis,
1074 1184 1107 1238 et
1137 1194 1224 1240 aures
1251 1173 1391 1254 probant
1428 1169 1526 1232 Diffe-

168 1261 271 1323 rentia
301 1261 331 1322 in
363 1281 399 1323 eo
428 1270 495 1335 est,
532 1261 610 1340 quod
633 1258 786 1323 Calvisius
815 1263 876 1325 ab
903 1265 1011 1345 incipit
1032 1266 1157 1328 vocibus
1184 1253 1354 1325 adscribere
1377 1277 1525 1333 numeros,

166 1350 360 1412 Reinbardus
389 1350 428 1411 ab
449 1370 476 1412 e.
524 1349 591 1411 Etsi
615 1356 715 1411 autern
738 1351 846 1413 literae
870 1362 941 1415 sunt
962 1354 1120 1416 technioae
1142 1360 1329 1434 possuntque
1353 1366 1526 1412 accommo-

168 1439 235 1500 dari
258 1455 313 1517 pro
337 1447 492 1500 auctorum
516 1438 620 1513 lubitu,
644 1447 746 1501 tamen
771 1448 819 1502 sto
843 1460 909 1503 cnm
926 1440 1075 1519 Calvisi03
1101 1462 1195 1505 causa
1216 1447 1369 1521 sequetur,
1393 1438 1420 1499 si
1442 1435 1525 1516 prius

167 1528 225 1589 hoo
250 1527 402 1601 addidero,
428 1545 474 1587 me
499 1527 627 1588 libenter
648 1527 694 1589 nti
716 1527 840 1591 vocibus
863 1530 1013 1610 propriis:
1039 1540 1071 1594 et
1092 1549 1147 1612 pro
1162 1532 1303 1593 lemmate
1317 1528 1417 1590 dicere
1432 1523 1524 1587 semi*

86 1667 89 1670 .
166 1616 296 1688 tonium3
330 1617 441 1677 lemma
472 1615 550 1678 enirn
583 1625 672 1677 sonat
694 1616 832 1679 relictum
854 1628 926 1698 post
950 1620 1168 1683 abscissionem
1194 1616 1408 1700 proportionis.
1454 1613 1527 1677 Jam

167 1723 240 1766 vero
263 1705 375 1785 gradus
408 1723 512 1766 vocum
536 1704 671 1780 ἐμμιλοις
704 1725 762 1766 non
791 1715 955 1770 nascuntur
987 1727 1024 1771 ex
1052 1708 1257 1783 abscissione,
1290 1714 1325 1769 ut
1346 1702 1528 1786 opinabatur

166 1793 267 1867 Plato,
293 1793 346 1855 sed
370 1811 408 1854 ex
431 1794 656 1874 comparatione
680 1794 918 1859 harmonicorum
942 1800 1178 1877 proportionum.
1211 1797 1331 1859 Natura
1354 1793 1434 1856 euim
1452 1809 1526 1854 coe-

169 1881 271 1944 stituit
293 1881 480 1944 harmoniam
509 1877 540 1964 Ἴ,
572 1889 603 1945 et
633 1877 684 1964 ³1„
715 1903 837 1965 querum
861 1884 1031 1949 differentia
1060 1897 1109 1948 est
1135 1880 1192 1969 Ἃ,
1222 1904 1309 1966 quem
1333 1884 1400 1945 dico
1422 1891 1527 1943 tonum

167 1971 333 2052 majorem:
358 1971 402 2032 sio
425 1972 531 2032 eadem
555 1978 665 2033 natura
688 1972 845 2035 constitnit
873 1970 904 2053 Ἴ,
935 1984 966 2037 et
988 1970 1041 2056 ⁸1„
1067 1993 1191 2057 quarum
1207 1973 1376 2036 differentia
1390 1977 1440 2031 est
1458 1965 1526 2053 ⁹1¹„

168 2079 257 2141 quem
280 2060 347 2120 dico
368 2068 474 2121 tonum
497 2059 651 2134 minorem,
676 2069 710 2121 ut
728 2068 792 2136 est3
815 2062 944 2141 denique
958 2071 1067 2126 natura
1085 2064 1244 2126 comtituit
1269 2054 1304 2142 ⁴l,
1325 2067 1357 2122 et
1372 2054 1424 2141 Ji„
1449 2077 1525 2138 qua·

128 2191 134 2198 -
170 2165 236 2210 rnm
260 2147 429 2210 differentia
453 2157 501 2211 est·
532 2142 619 2229 “lm
645 2151 724 2230 qood
748 2150 814 2212 dico
838 2151 1040 2215 usitatissima
1054 2153 1177 2214 notione
1188 2150 1391 2214 semitonium.
1429 2145 1526 2209 Rein-

162 2236 281 2308 hardus
306 2237 456 2316 appellat:
481 2237 589 2298 lemma
611 2246 643 2298 et
666 2246 768 2299 tonum
792 2240 947 2319 majorem.
994 2241 1034 2302 Hi
1058 2248 1129 2303 sunt
1153 2241 1265 2320 gradum
1288 2256 1393 2299 vocum
1409 2234 1525 2308 usitati,

167 2332 201 2386 et
224 2324 404 2386 naturaliter
423 2325 564 2388 'omnibus
585 2328 758 2405 placentes,
783 2329 890 2406 quibus
914 2329 993 2391 addo
1017 2328 1304 2392 discriminationem
1327 2333 1435 2386 cantus
1459 2323 1525 2384 duri

167 2422 199 2475 et
222 2413 332 2475 mollis.
378 2412 500 2476 Natura
522 2415 600 2476 enim
624 2416 781 2477 constituit
808 2410 843 2499 ⁸),
872 2424 904 2478 et
932 2412 984 2496 ⁶l,‚
1017 2435 1141 2499 quarum
1170 2415 1340 2478 differentia
1363 2419 1411 2473 eet
1439 2405 1524 2493 ²⁴12„

169 2519 259 2582 qoam
284 2503 403 2581 appello
427 2503 539 2577 diesin,
573 2503 659 2583 quasi
684 2504 889 2567 remissionem
912 2507 1059 2569 chordae:
1094 2524 1131 2568 aa
1161 2523 1256 2584 neque
1288 2512 1396 2577 muns,
1430 2518 1526 2580 neque

168 2591 367 2665 semitonium,
393 2590 542 2671 quianon
567 2592 684 2654 canitur
708 2613 726 2653 a
768 2593 839 2654 bin
863 2594 897 2665 h,
926 2596 984 2657 nisi
1009 2595 1038 2663 in
1057 2595 1224 2656 mutatione
1247 2592 1330 2664 tuui;
1356 2587 1528 2668 agnoscitur

168 2687 271 2741 tamen
296 2679 491 2741 ababtibus.
538 2678 685 2759 Superest
707 2697 837 2757 omnma,
870 2677 960 2762 ‘llw
993 2685 1072 2764 quod
1095 2691 1144 2745 est
1171 2682 1341 2744 differentia
1364 2680 1442 2740 inter
1470 2670 1522 2757 7„

168 2776 200 2829 et
228 2760 286 2847 ⁹!,3
316 2787 371 2829 nec
395 2768 569 2847 agnoscitur
592 2769 733 2848 explicite
757 2770 795 2832 ab
819 2773 955 2846 auribus,
990 2773 1045 2835 aad
1069 2779 1184 2836 tantum
1208 2770 1353 2849 implicite
1375 2787 1430 2847 per
1452 2785 1523 2846 pro-

168 2873 306 2936 gressum
329 2863 359 2917 et
383 2858 605 2919 successionem
628 2876 752 2932 vocnm3
777 2860 885 2939 quippe
909 2879 1006 2941 neque
1029 2870 1077 2923 est
1100 2859 1270 2922 differentia
1290 2855 1525 2919 hummnioamm

169 2945 405 3025 proportionum,
430 2946 484 3006 sed
508 2945 743 3008 differentiarum
766 2949 946 3011 differentia.

256 3034 342 3095 Haec
365 3033 455 3113 igitur
479 3035 589 3095 addere
613 3035 703 3097 volui.
749 3037 836 3100 Nunc
859 3056 985 3100 cansam
1008 3037 1116 3104 dicam,
1140 3056 1195 3100 cur
1217 3034 1255 3097 ab
1278 3033 1298 3094 h
1322 3033 1424 3094 malim
1446 3031 1524 3093 inci-

167 3139 241 3202 pere
265 3139 403 3183 nnmeros
426 3123 606 3198 Reinbardi,
641 3143 729 3203 quam
753 3125 790 3185 ab
814 3145 841 3189 e.
888 3127 1043 3189 Usitatum
1073 3134 1122 3187 est
1149 3124 1178 3186 in
1200 3130 1308 3186 nostm
1329 3122 1459 3193 musica,
1492 3126 1526 3181 ut

166 3215 274 3271 cantus
297 3210 403 3272 molles
426 3211 524 3291 magis
548 3229 691 3275 canamus
715 3234 735 3274 a
776 3215 851 3276 cin
874 3215 910 3288 b,
935 3234 1068 3295 quama
1114 3214 1184 3276 cin
1208 3213 1265 3275 dis.
1313 3212 1419 3289 ltaque
1443 3210 1526 3271 loeus

160 3299 264 3360 diesis
294 3291 364 3378 ul„
395 3300 536 3363 usitatior
551 3308 600 3362 est
613 3301 694 3363 inter
716 3302 735 3363 b
759 3310 792 3364 et
814 3305 849 3377 h;
873 3324 943 3366 nam
968 3324 987 3365 a
1014 3303 1152 3366 emollis
1166 3313 1274 3365 cantus
1289 3319 1341 3381 per
1366 3299 1394 3372 b,
1419 3307 1451 3359 et
1468 3298 1526 3359 du·

166 3406 220 3449 rus
244 3388 341 3467 perh
365 3388 564 3450 usitatissime
588 3390 714 3452 canitur.
761 3389 837 3454 Com
861 3404 962 3455 antem
985 3393 1015 3455 in
1042 3392 1095 3455 illo
1123 3398 1289 3475 systemate
1313 3394 1527 3465 messapus,

171 3477 250 3557 qood
274 3476 367 3538 hahet
390 3476 468 3538 infra
491 3487 593 3539 tonum
616 3481 778 3559 majorem,
812 3482 911 3544 medio
934 3483 1001 3543 loco
1025 3482 1188 3555 minorem,
1214 3498 1304 3558 supra
1332 3476 1524 3538 semitonium

169 3559 214 3639 (in'
239 3566 388 3626 numeris:
427 3561 498 3640 181),
527 3562 598 3642 tto,
625 3564 697 3638 144,
726 3566 817 3641 135),
849 3579 957 3633 cantus
981 3569 1079 3632 mollis
1111 3577 1230 3631 statuat
1255 3567 1315 3629 imo
1335 3567 1400 3627 loco
1423 3563 1523 3643 nrojo-

169 3671 241 3728 rem,
265 3654 363 3715 medio
388 3653 453 3715 loco
477 3654 675 3730 semitonium,
701 3676 817 3719 summo
840 3660 985 3720 minorem
1001 3667 1102 3719 tonum
1127 3658 1171 3730 (in
1186 3655 1331 3718 numeris:
1361 3650 1432 3725 180,
1452 3648 1524 3726 160,

170 3739 243 3815 151),
271 3737 357 3815 135),
384 3741 553 3804 offerentia
575 3744 668 3821 igitur
690 3744 769 3806 inter
790 3765 882 3809 voces
907 3746 1015 3807 tertias
1042 3743 1105 3808 144
1126 3753 1161 3807 et
1185 3743 1248 3809 150
1273 3754 1321 3807 est
1346 3735 1428 3825 ²725.
1465 3739 1527 3801 Est

167 3831 260 3910 igitnr
282 3831 311 3892 in
337 3832 410 3892 duro
434 3832 526 3892 tertia
550 3849 608 3892 vox
632 3833 670 3893 ab
693 3832 773 3894 infra
796 3835 833 3910 h,
869 3836 899 3896 io
924 3835 1006 3896 molli
1031 3836 1059 3896 b.
1107 3833 1147 3896 si«
1164 3835 1241 3906 hoo,
1277 3851 1348 3904 ereo
1371 3831 1433 3892 ima
1455 3847 1523 3898 vox,

165 3935 223 3998 per
250 3917 311 3982 180
334 3919 473 3999 signata,
507 3928 556 3982 est
578 3939 607 3999 g.
654 3920 789 4000 Etonia
815 3920 878 3987 144
909 3931 958 3985 est
979 3924 1019 3996 h,
1051 3924 1143 4002 igitur
1160 3924 1268 3984 'etism
1291 3918 1460 3984 Reinbardi
1483 3915 1527 3981 48

169 4007 271 4088 (cnjus
294 4018 343 4070 est
368 4005 433 4071 144
457 4006 593 4087 triplum)
621 4010 680 4071 erit
701 4010 731 4072 h.
777 4011 951 4074 Differimns
973 4012 1066 4091 igitur
1087 4013 1117 4073 in
1143 4031 1195 4087 eo,
1229 4013 1308 4092 qnod
1332 4010 1383 4072 ille
1406 4008 1527 4085 interg

166 4097 240 4158 eth
263 4098 374 4159 statuit
404 4090 472 4178 ¹⁰1„
498 4115 553 4176 ego
580 4090 635 4178 ⁸!,3
660 4101 883 4162 eontraillea
925 4101 1044 4163 blacit
1070 4094 1105 4181 ’1,
1134 4119 1190 4180 ego
1219 4092 1287 4181 'lw
1338 4101 1442 4179 ltaque
1460 4095 1528 4157 sola
1612 4135 1625 4144 -

168 4203 228 4246 vox
253 4206 272 4247 a
294 4204 352 4247 nno
375 4194 524 4247 commate
548 4188 628 4264 apud
651 4205 699 4248 me
723 4195 772 4251 est
795 4189 895 4259 altior,
920 4208 1010 4270 quarn
1034 4191 1112 4270 apud
1136 4189 1231 4251 illum.
1270 4189 1312 4249 Et
1326 4185 1397 4268 qnia
1412 4183 1525 4258 nescio,

168 4275 246 4336 unde
260 4273 311 4336 ille
330 4274 377 4338 soi
391 4273 583 4337 monochordi
603 4273 781 4339 divisionem
801 4278 979 4351 extruxerit,
994 4278 1128 4357 aperiam
1148 4296 1204 4356 ego
1221 4296 1329 4339 causas
1344 4293 1431 4337 meae
1445 4272 1526 4334 ‹livi-

168 4362 272 4426 sionia
319 4363 398 4425 Nam
420 4362 448 4423 si
470 4370 584 4424 rectam
609 4381 665 4441 ego
688 4364 768 4426 viam
791 4365 910 4440 insisto,
934 4375 1064 4445 oportet,
1088 4375 1123 4427 nt
1144 4365 1212 4446 ipse
1227 4363 1390 4427 erraverit:
1414 4362 1452 4422 de
1467 4378 1525 4440 quo

168 4449 212 4514 sic
232 4449 393 4532 judicabis.
440 4449 569 4511 Aurium
586 4451 730 4529 judicium
750 4452 779 4514 in
804 4454 967 4516 harmoniis
990 4453 1159 4533 judicandis
1181 4452 1317 4515 admittit
1340 4450 1471 4530 aliquam
1495 4448 1525 4510 in

168 4540 293 4601 vocibus
316 4539 525 4613 latitudinem,
558 4538 640 4600 intra
662 4559 750 4620 quam
774 4541 906 4605 incertus
929 4544 1025 4604 fertur
1048 4541 1183 4614 auditus,
1215 4542 1365 4622 quodnam
1388 4537 1429 4600 sit
1451 4537 1526 4600 illud

169 4627 328 4707 genuinum
353 4637 543 4701 momentum,
568 4626 598 4687 in
622 4646 679 4708 quo
702 4630 780 4691 dnae
802 4649 893 4693 voces
916 4630 1030 4710 optime
1054 4629 1310 4702 concordaverint,
1336 4627 1434 4690 altera
1457 4644 1524 4687 ma-

168 4725 260 4779 nente
283 4736 367 4791 voce,
392 4715 670 4795 altera‘paullatim
691 4716 822 4780 intensa.
863 4718 931 4780 Hoc
956 4718 1199 4780 animadvertens
1218 4718 1413 4780 Ptolemaeus
1435 4713 1527 4794 pettit

171 4805 295 4868 auditui
310 4804 474 4866 subsidium
490 4825 515 4865 »a
540 4805 667 4868 ratione.
715 4806 831 4868 Verum
853 4806 950 4888 ipsius
972 4806 1069 4879 ratio,
1103 4806 1162 4867 etsi
1192 4804 1408 4887 utplurimum
1428 4803 1524 4865 satir·
