3609 5634
296 342 365 414 248
846 342 972 413 ΑΜ*
988 344 1113 409 Μ

298 506 485 571 confundens
508 525 564 569 nec
585 506 750 570 intervalla
771 505 976 587 distinguens,
1004 504 1091 569 nobis
1114 505 1277 568 deridiculo
1300 504 1359 567 ruit
1387 505 1580 568 exclamans:
1606 501 1668 564 mi·

298 597 441 670 taculum,
466 595 575 658 bovem
588 595 798 676 multipedem!
844 595 913 659 Nou
938 615 1011 658 sane
1035 597 1132 676 major
1154 603 1204 658 est
1226 594 1283 656 hoc
1301 594 1367 657 loco
1382 593 1508 656 Patricii
1530 591 1666 671 sapien·

298 686 359 758 tia,
393 684 463 787 dum
484 684 626 764 planetas
648 684 728 748 inter
750 686 841 762 bras,
871 684 915 747 ita
937 691 970 747 ut
984 683 1081 750 ,nobis
1104 692 1247 765 apparet,
1281 702 1387 746 eurem
1409 702 1481 746 suos
1513 699 1670 761 peragere

299 773 577 942 eoumiiblct'itaqne
599 862 734 926 Patricio
757 862 870 925 dimum
893 869 969 937 esto,
993 861 1061 925 vias
1082 860 1274 944 planetarum
1300 869 1484 941 apparentes
1506 858 1670 921 ethisto·

297 953 373 1015 riam
396 958 530 1014 motuum
553 950 637 1013 libris
659 970 806 1032 promere,
831 952 1033 1015 astronomiae
1057 950 1246 1030 potissimum
1269 950 1462 1012 mechanicae
1486 957 1518 1011 et
1541 947 1668 1027 practi-
1783 951 1784 966 ¹

298 1061 353 1104 cae
370 1048 489 1121 partem
504 1059 588 1102 esse:
613 1040 680 1102 vias
698 1058 770 1102 vero
784 1059 872 1102 veras
895 1050 928 1103 et
943 1040 1088 1120 genuinas
1103 1038 1246 1114 invenire,
1269 1058 1346 1119 opus
1367 1058 1437 1099 esse
1456 1035 1670 1100 astronomiae
1783 1103 1784 1106 Ἴ

297 1129 551 1208 contemplativae
574 1129 704 1202 (frustm
727 1128 878 1192 Osiandro
901 1138 934 1192 et
955 1130 1089 1193 Patricio
1113 1128 1380 1201 reclamantibus):
1405 1136 1439 1188 at
1456 1127 1566 1200 dicere,
1596 1126 1669 1206 qui·

298 1219 355 1282 bus
378 1218 499 1280 circulis
522 1225 554 1280 et
577 1218 664 1282 lineis
687 1218 889 1300 depingantur
911 1219 941 1281 iu
964 1237 1079 1301 papyro
1093 1217 1241 1297 imagines
1260 1218 1363 1298 Justae
1383 1235 1523 1278 verorum
1542 1215 1669 1276 illorum

298 1315 443 1382 motuum,
467 1308 507 1370 ad
530 1307 675 1370 inferiora
696 1315 921 1387 geometrarum
943 1308 1088 1371 subsellia
1101 1307 1264 1386 pertinere,
1309 1306 1395 1368 Haec
1409 1305 1460 1386 qui
1473 1305 1668 1382 dutingnere

300 1397 455 1471 didicerit,
479 1398 507 1459 is
529 1396 618 1460 facile
641 1416 709 1460 sese
731 1418 753 1459 a
775 1397 992 1460 somniantibus
1014 1394 1236 1459 abstractarum
1261 1397 1421 1457 tonnarum
1441 1391 1668 1473 captatoribus,
1783 1391 1784 1394 '

298 1485 348 1566 qui
379 1485 536 1548 materiam
565 1487 644 1557 (rem
673 1506 764 1548 unam
791 1495 825 1548 et
847 1486 944 1549 solam
973 1493 1045 1564 post
1067 1486 1182 1557 Deum)
1212 1485 1300 1546 nimie
1323 1503 1428 1545 secure
1456 1490 1669 1553 contemnunt,

302 1593 463 1655 eorumque
486 1575 665 1655 importunis
688 1575 884 1656 sophismatis
909 1575 1061 1656 expediet.
1106 1575 1209 1652 Atque
1233 1573 1307 1635 baec
1323 1570 1456 1634 Patricio
1479 1571 1669 1652 respondere
1783 1611 1784 1630 2

209 1693 215 1706 ·
301 1664 395 1738 volui,
419 1671 581 1743 propterea
604 1664 682 1743 quod
705 1665 784 1727 Urso
807 1672 839 1726 et
859 1663 1011 1727 Osiandro
1034 1661 1205 1726 enantibus
1228 1662 1259 1723 in
1274 1660 1451 1741 quibusdam
1465 1661 1665 1739 coungatur.
1783 1677 1784 1686 ¹

302 1753 353 1816 Ad
376 1753 487 1816 Ursum
510 1752 612 1813 redeo.

367 1841 553 1905 .Undecimc
576 1841 682 1915 Ursus,
707 1849 741 1903 ut
763 1840 885 1920 penitus
906 1848 1082 1920 prosternat
1104 1839 1321 1902 astronomiam
1344 1838 1439 1900 nostri
1463 1838 1565 1908 seculi,
1592 1837 1666 1899 lau-

236 1955 241 1968 1
299 1930 355 1993 dat
377 1929 541 2010 antiquam,
566 1947 649 1991 more
672 1930 860 2010 querulomm
883 1949 988 1993 senum
1016 1939 1070 1993 aut
1097 1928 1227 2009 siquod
1250 1929 1333 1990 aliud
1355 1936 1404 1989 est
1433 1946 1528 2007 genna
1550 1924 1667 1992 bonni<

299 2038 370 2082 num
391 2018 653 2098 desperabundum
675 2027 707 2080 et
730 2019 987 2082 melancholicum.
1034 2018 1097 2082 Sed
1121 2027 1153 2081 et
1171 2025 1349 2096 argumento
1368 2018 1463 2079 utitur
1485 2036 1525 2077 ex
1546 2016 1666 2094 optima

299 2115 428 2186 utputo
451 2107 568 2170 torma:
597 2107 775 2188 pleraeque,
806 2109 917 2189 inquit,
947 2115 1030 2170 artes
1054 2108 1125 2171 olim
1148 2106 1346 2186 perfectiores
1370 2107 1468 2179 luere,
1497 2104 1661 2177 medicina,

298 2197 422 2270 musica,
441 2196 586 2266 oratoria,
610 2196 713 2276 quidni
734 2203 768 2257 et
790 2197 995 2260 astronomia?
1039 2198 1087 2260 De
1105 2195 1254 2258 medicina
1267 2194 1446 2256 Thessalica
1466 2203 1555 2256 sunto
1573 2212 1663 2266 sane,

299 2284 349 2365 qni
372 2284 500 2347 divinius
524 2285 636 2365 aliquid
659 2285 839 2364 concipiant,
865 2305 955 2366 quam
979 2305 1017 2348 ex
1039 2285 1169 2349 residuis
1191 2284 1390 2347 monumentis
1414 2291 1559 2363 apparet:
1589 2290 1665 2343 suut

299 2374 433 2436 uicissim
455 2392 516 2435 non
538 2374 662 2436 minoris
676 2374 804 2436 nominis
829 2383 979 2450 auctores,
1002 2375 1159 2437 Femelius
1174 2382 1207 2435 et
1222 2373 1290 2447 alii,
1316 2373 1364 2453 qni
1387 2371 1455 2452 plus
1478 2380 1583 2434 nostro
1607 2388 1662 2432 se·

297 2464 365 2526 oulo
392 2462 530 2525 tribuunt
563 2462 671 2542 majori
706 2462 976 2526 verisimilitudine.
1029 2465 1077 2526 De
1105 2462 1222 2526 musica
1246 2461 1391 2541 judicium
1422 2462 1481 2522 lert
1503 2462 1601 2523 Ursus
1625 2478 1664 2520 ea

298 2560 422 2626 eventu,
455 2552 506 2631 qui
529 2570 589 2613 non
612 2560 661 2614 est
687 2553 736 2614 vel
759 2553 789 2613 in
813 2552 889 2614 artis
912 2553 961 2617 vel
984 2553 1015 2614 in
1038 2553 1164 2615 artilicia
1186 2558 1351 2631 potestate.
1400 2549 1515 2623 Credo,
1549 2551 1663 2611 multoe

297 2640 441 2703 admirari
462 2647 600 2703 veterum
626 2642 773 2704 musicam
800 2661 858 2703 uon
887 2642 980 2704 aliam
1002 2643 1042 2704 ob
1064 2660 1202 2715 eanum,
1236 2641 1326 2721 qnam
1350 2639 1421 2719 quia
1443 2639 1542 2718 qualis
1571 2638 1665 2700 fuant

296 2729 447 2808 ignorant.
495 2727 612 2800 Quibus
642 2748 715 2810 ego,
747 2730 774 2793 si
796 2730 881 2792 Dens
903 2731 999 2794 utam
1031 2730 1219 2793 concesserit
1252 2748 1307 2791 nec
1338 2727 1432 2789 otium
1461 2728 1606 2801 deluerit,
1632 2727 1660 2788 in

297 2818 531 2880 Harmouieis
563 2820 639 2880 meis
671 2820 899 2892 demonstrabo,
929 2828 1042 2901 quanto
1074 2820 1236 2881 intervallo
1263 2827 1352 2880 vetus
1379 2818 1496 2879 musica
1524 2825 1663 2878 metram

297 2915 452 2987 sequamr.
498 2906 587 2978 Quod
611 2916 712 2970 antem
735 2908 875 2970 clamitat
888 2908 996 2984 Ursus,
1021 2908 1111 2970 hodie
1132 2926 1191 2969 non
1215 2926 1283 2970 esse
1306 2914 1425 2968 tantum
1448 2906 1579 2968 musices
1603 2907 1660 2966 im-

297 2995 411 3076 perinm
434 2997 464 3058 in
488 2997 617 3072 animos,
641 2998 671 3058 id
695 2997 825 3079 Scythes
849 2998 914 3071 ille,
940 3015 1034 3078 aeque
1058 2998 1217 3076 antiquus,
1249 2995 1366 3058 hinnitu
1389 2996 1458 3076 equi
1485 2994 1532 3056 sui
1555 2997 1660 3074 (quem

298 3085 430 3164 optimae
454 3085 625 3147 cantilenae
647 3086 801 3164 praeferre
816 3086 950 3158 solebat)
973 3086 1062 3147 facile
1077 3087 1201 3148 refutat
1246 3085 1357 3146 Rarius
1376 3083 1577 3147 audiebantur
1592 3081 1661 3144 boni

301 3181 458 3244 cantores,
487 3192 562 3247 vox,
592 3184 626 3236 ut
651 3174 680 3235 iu
705 3175 869 3236 comoediis
900 3184 931 3237 et
960 3175 1125 3255 tragoediis
1153 3175 1198 3236 sic
1225 3174 1256 3235 in
1283 3181 1374 3235 cantu
1403 3189 1661 3253 quorsumcunque

296 3261 517 3335 iullectebatnr,
544 3263 644 3324 sensui
670 3263 828 3324 verborum
851 3265 1025 3343 aptabatur,
1049 3265 1176 3343 tempori
1192 3271 1225 3324 et
1250 3263 1388 3342 personis
1412 3271 1445 3324 et
1466 3263 1544 3335 loco,
1568 3260 1662 3322 verba

298 3348 398 3420 clara,
432 3349 595 3412 articulata
623 3359 656 3412 et
678 3352 858 3427 vernacula3
891 3371 1003 3432 magna
1025 3354 1126 3432 gentis
1150 3352 1289 3414 Graecae
1318 3351 1480 3424 mollities,
1515 3367 1662 3430 personae

299 3456 415 3519 qnoque
429 3439 652 3520 cytharistriae,
674 3440 831 3519 psaltriae,
857 3441 979 3504 Lesbia.
1006 3439 1130 3521 Sappho
1154 3442 1202 3502 vel
1227 3441 1357 3520 lapidem
1378 3440 1537 3502 mouerint.
1575 3436 1663 3509 Quae

298 3528 401 3589 omnia
422 3535 455 3588 et
476 3527 503 3588 si
526 3527 597 3608 qnid
620 3527 701 3590 aliud
726 3528 784 3591 luit
807 3529 887 3609 apud
906 3538 1028 3592 veteres
1043 3530 1194 3601 decorum,
1218 3531 1306 3591 hodie
1321 3548 1438 3609 quoqne
1457 3527 1571 3590 imitari
1587 3546 1663 3607 pos-

218 3609 225 3637 '
300 3635 421 3677 sumus:
455 3635 511 3677 nec
539 3636 688 3698 nunquam
716 3618 877 3680 imitamur.
924 3619 1071 3681 Nostrum
1098 3638 1169 3680 vero
1202 3619 1358 3681 artificium
1388 3618 1542 3679 veteribus
1573 3618 1663 3696 plnum
1731 3695 1734 3700 ἱ

299 3703 358 3764 luit
385 3704 578 3783 incognitum.
626 3705 689 3768 Sed
716 3707 804 3786 plura
831 3727 886 3769 auo
914 3708 990 3771 loco.
1036 3708 1083 3769 De
1107 3709 1240 3770 oratoria
1267 3726 1325 3769 non
1353 3708 1514 3769 contendo,
1562 3704 1664 3767 Causa

299 3799 401 3852 tamen
424 3811 537 3873 magna
559 3801 608 3855 eet
631 3794 659 3855 in
683 3803 793 3857 natura
814 3804 848 3857 'et
867 3798 1003 3860 moribus
1026 3798 1137 3875 gentis,
1162 3815 1238 3877 qnae
1252 3796 1431 3858 mollissima
1455 3796 1545 3860 facile
1569 3793 1664 3856 cuivis

300 3879 431 3941 cedebat
453 3882 585 3957 affectui,
609 3882 723 3962 gloriae
747 3903 819 3947 vero
842 3885 1047 3964 cupidissima,
1072 3885 1102 3947 id
1126 3888 1191 3966 ejus
1210 3885 1423 3964 adipiscendae
1446 3904 1541 3949 cauea
1565 3885 1663 3944 tacere

301 3986 361 4029 non
385 3969 546 4044 dubitavit,
570 3971 648 4049 quod
671 3979 774 4033 tamen
797 3973 860 4034 illis
874 3975 1037 4047 laudabile,
1060 3975 1149 4036 hodie
1169 3975 1247 4054 apud
1262 3992 1365 4034 omnes
1380 3984 1489 4051 gentes
1503 3975 1663 4034 detestan-

305 4057 375 4119 dum
399 4067 457 4127 eat,
480 4067 515 4120 ut
537 4059 604 4138 quis
627 4060 686 4120 sibi
709 4060 767 4140 ipsi
791 4060 941 4123 violentas
965 4083 1072 4125 manus
1096 4065 1212 4125 afferat
1260 4062 1306 4124 De
1321 4063 1506 4126 astronomia
1529 4081 1600 4123 vero
1614 4080 1663 4121 rea

302 4145 347 4208 ita
368 4147 454 4208 clara
475 4156 533 4222 est,
558 4156 592 4210 ut
614 4147 686 4209 nihil
710 4167 811 4227 supra.
860 4151 993 4213 Veniant
1017 4160 1163 4232 quotquot
1188 4160 1259 4215 aunt
1274 4151 1304 4214 iu
1318 4151 1441 4232 Europa
1458 4151 1548 4233 periti
1564 4169 1663 4212 rerum

303 4235 602 4298 mathematicorum:
627 4257 685 4298 non
709 4238 869 4300 habiturus
891 4240 934 4301 sit
956 4241 1053 4303 Ursus
1076 4241 1125 4301 vel
1147 4260 1251 4315 uuum,
1284 4241 1335 4320 qui
1357 4242 1414 4304 hoc
1440 4242 1484 4304 illi
1509 4240 1663 4317 largiatur,
1710 4279 1712 4282 .

301 4324 513 4405 perlecdorem
540 4325 635 4388 luisse
657 4335 795 4388 veterum
818 4330 1043 4391 astronomiam.
1090 4330 1198 4410 ltaque
1227 4328 1331 4410 quanti
1354 4330 1398 4392 sit
1423 4329 1607 4404 faciendum,
1637 4328 1663 4389 si

302 4411 370 4492 qnia
391 4421 530 4492 praestet
553 4416 633 4494 quod
655 4415 810 4496 pollicitus
833 4424 883 4479 eet
906 4419 1013 4492 Ursus,
1037 4436 1080 4478 sc.
1105 4419 1328 4482 restitutionem
1348 4419 1552 4482 astronomiae
1575 4425 1661 4478 vete·

303 4501 359 4575 ris,
393 4501 603 4565 consideratus
633 4505 730 4567 lector
763 4513 898 4567 cenacto.
946 4507 1031 4568 Haec
1058 4508 1223 4587 praecipua
1249 4507 1348 4582 inere,
1380 4528 1458 4587 qnae
1484 4509 1541 4569 hoe
1568 4507 1663 4586 primo

303 4587 404 4666 capite
427 4591 464 4651 de
487 4600 596 4654 natura
618 4593 832 4675 hypothesium
854 4594 1035 4658 dicerentur.

887 4838 1077 4851 *—
