3609 5634
734 359 818 426 ossae
833 361 899 414 m
1435 363 1496 445 §ll

96 506 307 581 *2²me
331 526 377 594 te,
401 518 497 583 lector
524 536 633 600 aeque,
667 519 695 582 si
718 518 830 600 aliquid
853 521 982 602 amplius
1005 521 1099 586 etism
1121 522 1259 599 munst,
1288 531 1500 589 conuenturum

95 606 211 679 atque
252 614 479 671 excusaturum.
526 607 631 687 Neque
664 608 734 671 mihi
759 609 851 689 digna
875 610 994 675 videtur
1026 612 1090 691 ejus
1119 620 1219 675 motus
1248 611 1428 687 diversitas,
1462 612 1500 676 ds

96 704 170 765 qua
209 711 368 775 magnam
400 697 486 760 litem
518 696 698 770 moveaml).
755 697 902 769 Quemvis
939 700 1047 762 melius
1083 720 1116 763 se
1149 702 1230 782 gerit
1263 720 1352 782 quam
1379 698 1498 765 Venus:

98 774 191 840 tacit
230 784 318 848 enim
349 787 434 848 unius
458 793 576 848 tantum
604 788 717 865 gradus
741 787 956 865 differentiam,
988 790 1067 871 qaod
1096 790 1203 853 mirum
1231 798 1295 853 est:
1320 790 1396 855 adeo
1420 809 1499 852 uun·
1549 801 1552 806 ’

96 883 213 945 quam
245 892 307 935 uon
332 874 435 938 fallaci
457 882 506 937 est
528 874 656 954 iugenio.
703 874 795 938 Certe
814 896 889 939 unus
914 877 961 943 hic
985 887 1042 955 est,
1068 879 1117 959 qui
1141 879 1364 959 astrologorum
1388 879 1500 941 famam

97 958 266 1024 maxime
298 964 456 1043 prostituit
487 971 519 1024 et
553 974 758 1027 meteororum·
783 966 930 1029 rationem
962 986 1079 1029 omnem
1112 968 1226 1030 turbat.
1272 968 1314 1029 Et
1339 967 1369 1029 in
1399 967 1499 1031 ventis

99 1046 253 1124 quidem
277 1052 487 1130 praedicendis
512 1054 602 1133 (qnos
626 1054 795 1117 certissime
819 1056 967 1131 renotat,
997 1057 1234 1138 quotiescunque
1259 1056 1332 1118 locis
1357 1064 1406 1121 est
1430 1057 1498 1118 ido-

101 1135 207 1210 neis)
240 1159 333 1223 saepe
364 1142 441 1204 adeo
464 1143 615 1205 constanti
646 1162 768 1206 numero
792 1144 909 1207 dierum
932 1146 1068 1221 aberrat,
1104 1155 1136 1207 ut
1168 1164 1271 1225 pamm
1296 1144 1391 1219 absit,
1428 1146 1497 1224 quin
1557 1176 1562 1185 ι

102 1231 186 1322 tum
218 1228 290 1307 ejus
313 1229 343 1291 iu
367 1230 556 1311 ephemeride
579 1231 688 1295 vitiose
702 1228 852 1312 preditum
868 1233 1011 1297 circulum
1031 1235 1181 1314 corrigere
1205 1233 1319 1313 possim
1327 1236 1370 1306 ο);
1395 1233 1497 1313 itaque

102 1330 136 1372 ει
167 1334 274 1394 quem
297 1326 500 1381 asnonomum
523 1337 677 1385 cernerem
701 1322 821 1385 nimium
844 1323 974 1385 sollicite
999 1323 1145 1386 rimandis
1162 1324 1309 1402 planetae
1332 1322 1420 1401 buius
1444 1341 1495 1383 er·

104 1402 252 1467 roribus
274 1407 458 1481 incumbere,
490 1408 574 1471 mum
597 1430 653 1489 ego
678 1430 842 1485 monerem,
876 1420 910 1474 ut
933 1420 1050 1492 tempus
1080 1413 1154 1477 illud
1184 1412 1296 1477 rectius
1321 1412 1496 1485 collocaret,

104 1499 146 1551 et
177 1493 340 1559 Tellurem
363 1506 453 1577 atque
478 1498 554 1560 hauc
578 1498 758 1561 ambientem
779 1501 906 1575 Lunam,
931 1499 1124 1581 isaepysgosoe
1143 1502 1238 1575 sidus,
1263 1519 1390 1580 quarum
1414 1499 1499 1563 illam

109 1581 277 1660 pedibus,
301 1585 380 1648 hauc
403 1587 497 1648 oculis
520 1589 654 1668 proxime
677 1589 867 1669 attingimus,
892 1590 982 1663 haec,
1006 1591 1143 1671 inquam,
1176 1590 1278 1655 sidera
1299 1587 1401 1670 potius
1425 1606 1499 1667 spe-

110 1671 262 1747 culetur,
286 1692 422 1756 quaeque
445 1675 474 1737 in
499 1695 601 1739 eorum
623 1676 754 1739 motibus
777 1679 865 1758 ioque
892 1679 1055 1759 eclipsibus
1080 1680 1176 1745 adhuc
1199 1696 1367 1760 peccamus,
1393 1677 1497 1739 limet:

112 1766 197 1822 tum
222 1761 343 1825 demum
361 1782 484 1845 operam
506 1766 546 1828 ad
564 1766 745 1829 Mercurium
771 1768 946 1831 transferat
995 1769 1117 1831 Interea
1145 1768 1173 1830 si
1199 1767 1287 1831 venia
1316 1766 1397 1844 digni
1428 1773 1500 1829 suut

116 1868 254 1911 errores
277 1851 358 1914 circa
381 1853 509 1916 Telluris
528 1862 560 1916 et
582 1856 688 1917 Lunae
711 1862 823 1931 motus,
857 1858 951 1919 molto
979 1858 1076 1938 magis
1111 1858 1140 1919 id
1164 1856 1354 1920 merebuntur
1378 1873 1495 1919 errores

117 1939 154 2000 in
185 1940 350 2016 Mercurio,
376 1941 426 2022 qni
449 1950 482 2004 et
505 1945 648 2006 remotior
671 1965 690 2005 a
713 1945 798 2006 uobis
823 1952 880 2021 est,
905 1954 938 2008 et
961 1947 1023 2009 lere
1047 1965 1165 2026 semper
1188 1945 1244 2007 sub
1267 1944 1339 2006 Sole
1365 1946 1452 2005 latet.

225 2029 329 2110 Atque
362 2031 412 2092 hic
441 2051 557 2097 rursum
588 2041 622 2095 nt
655 2034 753 2113 priore
784 2035 884 2113 capite
922 2036 1073 2101 coronidis
1112 2036 1177 2097 loco
1201 2032 1349 2114 epistolae
1379 2042 1498 2115 partem
1535 2066 1538 2071 ·

123 2118 304 2193 ascribam,
339 2138 429 2200 qoam
452 2122 636 2183 Maestlinns
659 2123 697 2184 ad
721 2123 890 2185 meminit:
924 2124 1012 2205 idque
1041 2125 1158 2187 duabus
1181 2124 1218 2186 de
1242 2123 1357 2197 causis,
1391 2121 1499 2200 prima,

125 2207 207 2358 {uia
230 2208 268 2269 de
290 2210 517 2371 rpvnecessaria
539 2217 570 2272 te
593 2220 711 2281 mouet,
745 2213 859 2284 altera,
890 2213 961 2294 quia
983 2222 1075 2293 caput
1106 2214 1162 2275 hoc
1189 2212 1304 2292 passim
1332 2211 1498 2273 coufirmat.

159 2295 189 2357 io
213 2295 235 2356 il
277 2312 285 2357 t

231 2296 327 2459 Ibem
350 2385 496 2448 mirabilis
520 2386 756 2463 estMercnrius,
781 2395 815 2450 ut
836 2408 942 2469 pamm
965 2389 1105 2463 abfuerit,
1130 2389 1198 2469 quin
1223 2388 1315 2450 etiam
1338 2406 1385 2448 me
1409 2385 1499 2448 lelel-

131 2472 237 2537 lisset.
284 2475 350 2537 Nec
377 2475 501 2547 mirum,
534 2476 605 2557 qnia
633 2477 724 2539 etiam
748 2475 915 2557 Copernico
944 2486 976 2540 et
998 2477 1188 2539 Rheinholdo
1219 2477 1380 2538 admodum
1403 2475 1499 2536 mols-

132 2572 218 2623 stum
234 2563 328 2625 luisse
344 2564 561 2631 animadverto.
610 2564 794 2644 Copernicus
812 2568 868 2629 hoc
888 2567 926 2628 de
941 2586 974 2628 se
992 2567 1058 2647 ipso
1078 2566 1201 2641 latetur,
1227 2564 1372 2642 „multis
1389 2563 1501 2644 (iuquit

133 2651 190 2714 lib.
216 2652 258 2714 V.
283 2671 350 2732 cap.
371 2650 441 2726 30.)
464 2652 642 2732 ambagibus
666 2664 698 2718 et
720 2655 874 2718 laboribus
897 2674 954 2717 uos
976 2656 1067 2718 torsit
1089 2656 1146 2717 hoc
1170 2655 1264 2732 sidus,
1291 2653 1408 2732 atejus
1431 2669 1497 2714 mo-

132 2748 187 2803 tus
211 2742 470 2805 scrutaremur.““
517 2743 606 2806 Unde
629 2752 841 2824 praeterquam
857 2744 935 2824 quod
950 2745 1051 2809 nullas
1075 2764 1147 2806 snas
1165 2743 1305 2825 proprias
1319 2741 1430 2805 recitet
1443 2740 1499 2803 ob·

135 2830 326 2893 musmones
347 2831 379 2892 iu
403 2835 424 2907 d
447 2831 584 2905 habitas,
616 2834 671 2895 sed
699 2855 719 2895 a
740 2833 918 2895 Bernhardo
941 2834 1081 2896 Waltero
1104 2833 1302 2913 Non'bergico
1330 2836 1498 2895 mutuatur:

136 2917 230 2980 etiam
244 2918 274 2980 iu
294 2921 423 2999 apogsei
441 2921 538 2998 ipsius
552 2921 619 2986 loco
634 2923 797 2984 statuendo
820 2922 877 2983 sibi
902 2941 961 2983 uon
975 2930 1107 2984 constat.
1140 2922 1221 2984 Nam
1234 2940 1321 3001 quem
1333 2922 1416 2998 (esp.
1429 2913 1499 2991 ab.)

138 3006 168 3067 in
192 3008 296 3086 primis
319 3008 465 3071 Antonini
490 3010 587 3083 aunis,
612 3011 693 3073 circa
717 3029 825 3073 aunum
849 3009 964 3072 Christi
991 3008 1064 3075 tulo.
1086 3011 1177 3090 juxta
1200 3009 1367 3072 Ptolemaei
1390 3008 1499 3069 obser·

137 3097 275 3158 vationes
315 3098 431 3160 invenit
462 3099 491 3160 in
534 3093 594 3160 10ο
624 3110 672 3165 να·
712 3108 744 3161 et
771 3099 826 3161 snb
854 3100 979 3161 stellato
1007 3099 1078 3162 orbe
1107 3101 1136 3160 in
1164 3094 1245 3162 183ο
1267 3094 1320 3160 20’
1355 3119 1373 3158 a
1402 3095 1501 3176 prima

54 3200 57 3205 ·
138 3185 230 3247 stella
253 3185 302 3260 Y:
336 3188 461 3249 eundem
492 3182 575 3251 183ο
603 3186 658 3250 20’
682 3191 762 3270 (cap.
791 3186 861 3261 29.)
892 3189 1009 3269 reponit
1038 3188 1077 3249 ad
1110 3186 1162 3250 21.
1192 3206 1302 3250 annum
1331 3183 1499 3249 Ptolemaei

138 3273 339 3354 Philadelphi,
363 3276 486 3356 perinde
511 3295 545 3337 ae
570 3277 595 3338 si
621 3278 675 3339 hoc
700 3283 721 3357 p
744 3284 911 3358 apogaeum
936 3274 1104 3341 intraret)
1119 3296 1213 3339 annos
1232 3276 1427 3338 intermedius
1442 3274 1497 3335 sub

139 3364 270 3443 sphaera
299 3364 423 3428 lixarum
456 3365 611 3427 stellarum
644 3366 797 3429 immotum
823 3366 1003 3448 quievisset;
1037 3386 1103 3428 eum
1136 3376 1241 3427 tamen
1271 3366 1352 3446 (cap.
1382 3358 1435 3426 30.
1468 3362 1499 3425 iu

139 3452 210 3526 line)
235 3448 277 3515 63
301 3454 387 3525 annis
410 3473 465 3534 per
488 3462 576 3517 buum
600 3456 726 3536 gradum
748 3466 863 3520 motum
887 3456 980 3519 fuisse
1005 3456 1062 3536 ipsi
1085 3456 1239 3529 videntum
1268 3454 1354 3517 addit
1377 3460 1497 3514 autem:

138 3541 276 3603 simodo
299 3544 434 3622 aequalis
459 3542 559 3606 fuerit.
606 3544 826 3608 Rheinboldum
850 3547 879 3607 in
899 3545 1007 3608 iisdem
1021 3544 1250 3607 difficultatibus
1270 3541 1408 3607 haesisse
1432 3540 1499 3605 cal-

138 3630 224 3693 culus
257 3631 483 3695 Proteoicarum
516 3633 684 3696 tabularum
714 3635 830 3714 prodit,
868 3653 926 3714 quo
958 3635 1108 3714 arquitur,
1146 3631 1369 3697 Rbeinholdum
1402 3631 1500 3695 locum
1623 3666 1635 3673 -

138 3720 267 3799 apogaei
290 3720 377 3801 hujus
401 3723 440 3783 ad
469 3729 586 3800 tempus
618 3722 694 3786 illud
714 3723 907 3803 Philadelphi
937 3723 1118 3785 assumsisse
1141 3722 1268 3784 eundem
1292 3721 1410 3800 quidem
1434 3736 1500 3783 cem

83 3884 85 3887 Ι
139 3806 320 3887 Copernico,
344 3809 405 3873 vid.
436 3805 516 3874 183⁰
537 3806 592 3873 20‘
616 3831 635 3872 s
658 3813 755 3891 prima
778 3812 869 3874 stella
892 3811 943 3887 Y}
973 3820 1007 3874 at
1030 3812 1069 3873 ad
1092 3810 1260 3873 Ptolemaei
1283 3820 1402 3889 tempus
1425 3807 1499 3869 illud

12 3894 30 3979 '¹
137 3897 166 3958 in
191 3898 287 3958 locum
312 3898 400 3979 longe
424 3899 553 3961 alienum
578 3919 597 3960 a
619 3900 792 3962 manifestis
807 3900 975 3963 Ptolemaei
1000 3898 1261 3962 observationibus
1284 3905 1316 3959 et
1340 3894 1499 3974 Copernici

135 3986 367 4049 resumtionibns
401 3988 493 4050 eadit.
552 3989 597 4050 Ibi
627 3990 704 4051 enim
738 3992 820 4051 locus
851 3991 918 4069 ejus
946 3997 1137 4069 computatur
1165 4006 1223 4049 non
1255 3981 1340 4050 183⁰
1361 3983 1416 4047 20‘
1444 4002 1500 4045 nec

142 4070 200 4136 10⁰
222 4085 283 4150 ἑ,
307 4076 362 4138 sed
390 4070 471 4140 188θ
493 4073 547 4140 50¹
570 4078 890 4152 submonentem,
916 4086 947 4140 et
973 4075 1033 4141 15⁰
1055 4074 1111 4142 30¹
1134 4086 1196 4150 ἓ,
1227 4076 1353 4155 ideoque
1385 4071 1500 4134 numeri

137 4164 180 4225 illi
204 4165 261 4227 mei
285 4166 324 4228 ad
346 4166 515 4230 Ptolemaei
539 4167 658 4248 quidem
672 4168 815 4231 'seculum
839 4167 1057 4231 accommodati
1082 4164 1208 4240 snot‚*)
1241 4184 1299 4226 non
1324 4170 1441 4235 autem,
1466 4167 1511 4221 ut.

136 4253 229 4316 ceteri
251 4256 424 4334 peremnia
446 4256 562 4319 calculo
585 4257 755 4319 tabularum
779 4257 1016 4332 Pruteuicarum,
1043 4256 1096 4317 sed
1114 4252 1283 4319 Ptolemaei
1306 4248 1497 4314 observatio-

135 4342 223 4405 nibus
250 4344 444 4418 eonveniuut,
478 4365 531 4407 eas
562 4345 641 4408 enim
665 4344 849 4426 Copernicus
877 4365 993 4427 quoque
1022 4354 1054 4407 et
1081 4344 1205 4408 retinuit
1233 4350 1266 4407 et
1292 4349 1415 4403 secutus
1438 4346 1497 4412 est,

85 4434 91 4445 '
137 4440 226 4513 atque
257 4434 379 4495 eosdem
412 4433 481 4496 iude
508 4452 646 4497 numeros
677 4434 829 4513 produxit.
877 4434 928 4497 Ad
956 4441 1091 4497 uestram
1120 4440 1222 4495 autem
1249 4430 1314 4493 sive
1339 4426 1498 4507 Copernici

136 4530 269 4583 amamur
305 4541 444 4584 numeros
477 4523 569 4587 hosce
602 4534 777 4602 computare
816 4541 874 4585 uon
910 4523 1004 4598 uolui,
1040 4530 1203 4601 propterea
1235 4520 1314 4601 qnod
1343 4518 1363 4577 ii
1409 4517 1497 4595 longe

101 4682 105 4686 Α
137 4609 188 4671 alii
211 4611 330 4679 dorent.
361 4620 485 4693 propter
508 4611 764 4674 ecceutricitstem
788 4610 870 4673 orbis
893 4612 995 4691 magni
1026 4611 1221 4685 diminutam
1253 4615 1292 4671 et
1315 4605 1394 4687 quod
1417 4605 1497 4685 apud

138 4696 333 4778 Copernicum
367 4699 456 4763 nullis
489 4700 704 4763 recentioribus
737 4696 1000 4763 observationibus
1037 4699 1214 4780 investigati
1248 4708 1279 4761 et
1312 4695 1498 4774 comprobati

144 4831 181 4839 ...-

214 4888 291 4955 ‘)Hi
309 4897 405 4947 numeri
423 4904 481 4947 sunt
498 4898 524 4946 in
542 4895 629 4947 mula
646 4895 677 4945 V.
698 4892 745 4961 (23
764 4849 790 4946 et
808 4890 854 4957 ll)
872 4900 995 4962 quaeest
1013 4865 1079 4962 Gap.¹
1094 4894 1150 4947 XV.
1169 4895 1203 4946 ad
1222 4892 1250 4959 Q.
1320 4892 1355 4943 Κ.
