3609 5634
852 346 976 414 ΔΜ*
993 343 1117 409 m

305 515 513 598 hypotheseos
536 533 555 575 a
576 519 642 574 tam
664 508 822 590 praeclaro
843 524 938 587 opere
960 506 1091 568 locares
1115 503 1369 568 absterrerentur.
1392 500 1455 562 ista
1477 496 1563 577 quad
1592 493 1681 557 leui-

305 611 409 669 meuta
441 603 524 686 operi
552 599 760 679 Cepernicauo
792 596 989 677 praemittere
1017 593 1160 657 uoluisse.
1206 589 1391 672 Ceperaicus
1423 588 1541 667 quidem
1570 584 1683 646 stoica

305 693 459 773 rigiditate
482 691 656 753 obfirmatus
681 686 770 749 animi
794 705 886 747 sensa
909 683 1037 747 candide
1061 682 1119 745 sihi
1142 680 1313 761 profitenda
1335 677 1468 759 putavit,
1494 675 1589 737 etiam
1604 691 1680 734 cura

307 781 464 862 dispendio
487 780 574 859 hujus
598 776 755 839 scientiae.
800 773 967 847 Osiander,
996 773 1085 835 utilia
1105 770 1205 850 magis
1229 769 1287 831 arti
1311 776 1451 841 secutus,
1479 763 1681 827 sedecimam

308 868 468 950 copemict
492 875 524 929 et
547 866 658 929 seriam
680 864 863 926 seutentiam
885 862 1075 943 praefatione
1099 880 1154 922 sua
1183 858 1290 929 maluit
1316 856 1478 919 occultare.
1525 850 1679 914 Valnerit

310 978 385 1023 saae
417 957 575 1020 consssium
602 956 659 1017 hoc
680 951 826 1015 Osiandri
853 970 909 1033 per
940 952 997 1013 hos
1021 948 1065 1014 60
1088 967 1198 1011 annos:
1232 957 1350 1026 tempus
1378 946 1445 1023 jam
1471 943 1597 1005 tandem
1628 948 1683 1001 est

308 1050 386 1110 hanc
406 1045 646 1119 simulationem,
677 1049 713 1104 ut
735 1041 807 1104 mihi
843 1041 965 1122 quidem
985 1039 1120 1113 ridetur,
1153 1056 1191 1098 ex
1213 1036 1342 1118 privatis
1365 1032 1508 1096 Osiaudri
1532 1029 1683 1111 epistolis

306 1138 378 1199 dete
417 1154 461 1198 re.

379 1151 477 1288 gletiam
499 1240 566 1284 cum
589 1218 774 1301 Cuperuicus
806 1203 886 1279 auno
911 1213 1009 1281 1540.
1034 1213 1103 1277 Cal.
1126 1213 1188 1276 Jul.
1217 1214 1256 1275 ad
1278 1210 1462 1275 Oeiaudmm
1486 1208 1681 1291 scripsisset,

308 1314 352 1377 sic
378 1312 424 1375 illi
450 1313 531 1374 inter
557 1316 661 1372 cetera
686 1307 851 1390 respondet
873 1304 1025 1368 Osiauder
1052 1321 1130 1366 anuo
1151 1299 1246 1366 1541.
1270 1299 1324 1364 20.
1348 1303 1440 1381 Apa:
1475 1299 1542 1373 „De
1573 1298 1682 1379 hypo-

306 1402 447 1465 thesibus
470 1415 527 1480 ego
551 1399 595 1461 sic
618 1398 700 1460 sensi
723 1387 853 1477 semper,
877 1413 937 1456 unu
961 1412 1030 1455 esse
1054 1392 1196 1455 articulos
1210 1391 1289 1464 hdei,
1314 1392 1368 1452 sed
1388 1390 1583 1450 laudamenta
1603 1385 1680 1448 cal-

266 1501 270 1516 '
307 1490 377 1563 culi,
402 1490 448 1552 ita
469 1497 518 1562 ut,
549 1487 669 1549 etiamsi
692 1487 791 1547 falsae
813 1484 888 1557 sint,
916 1483 1005 1545 modo
1027 1490 1160 1544 motuum
1184 1487 1473 1559 campanenses
1499 1477 1683 1548 exhibeant,

308 1578 386 1641 mihil
409 1579 539 1650 referat3
563 1576 630 1657 quis
653 1575 733 1636 enim
756 1593 811 1636 nne
834 1573 977 1635 certiores
1000 1572 1116 1644 reddet,
1141 1589 1180 1630 au
1195 1568 1278 1631 Solis
1300 1567 1469 1647 inaequalis
1491 1574 1591 1630 motus
1616 1579 1681 1628 no·

206 1681 212 1696 '
310 1668 392 1728 mine
420 1665 548 1749 epicyoli
581 1682 619 1724 su
642 1663 760 1725 nomine
785 1661 1022 1724 eceentrieitatis
1046 1660 1216 1737 contingat,
1247 1658 1274 1719 si
1297 1657 1464 1719 Ptolemaei
1487 1654 1683 1736 hypotheses

314 1771 489 1834 sequamur,
508 1771 575 1815 com
596 1751 627 1812 id
650 1753 750 1832 possit
772 1758 939 1830 utromque.
986 1746 1089 1819 Quare
1112 1747 1273 1827 plausibile
1298 1746 1362 1808 lore
1380 1746 1542 1820 videretur,
1566 1745 1592 1805 si
1617 1745 1681 1806 hac

310 1844 351 1904 de
374 1862 407 1905 re
430 1844 460 1905 iu
483 1842 673 1922 praelatione
695 1839 830 1901 nonnihil
844 1840 1024 1919 attingeres.
1072 1836 1124 1898 Sic
1139 1838 1217 1898 euim
1232 1836 1413 1916 placidiores
1432 1835 1575 1896 redderes
1588 1834 1680 1913 peri-

312 1933 485 2014 pathetioos
518 1938 551 1992 et
577 1930 751 2006 theologos,
786 1945 861 2008 quos
884 1927 1124 1989 contradicturos
1148 1925 1291 1987 metuis.“
1340 1924 1390 1986 Ad
1418 1923 1578 1985 Rheticm
1600 1941 1680 1984 vero

312 2021 418 2084 eodem
432 2020 481 2081 die
496 2019 540 2081 sic
555 2017 660 2080 scribit
674 2016 841 2079 Osiandsr:
866 2015 1106 2096 „Peripathetiei
1138 2023 1170 2076 et
1193 2013 1327 2093 theologi
1351 2013 1440 2075 facile
1463 2012 1679 2094 placabantur,

311 2109 530 2181 claudicant,
564 2107 699 2186 ejusdem
728 2105 903 2185 apparentis
925 2113 1026 2166 motus
1048 2104 1151 2166 varias
1176 2122 1244 2164 esse
1275 2121 1365 2182 posse
1388 2102 1586 2182 hypotheses,
1620 2119 1680 2161 nec

314 2213 370 2259 eas
399 2196 499 2259 afferri
524 2196 602 2275 quod
626 2203 708 2256 certo
730 2196 777 2256 ita
800 2195 877 2267 sint,
901 2193 956 2254 sed
984 2194 1063 2274 quod
1086 2192 1233 2254 calculum
1257 2191 1432 2270 apparentis
1462 2197 1494 2251 et
1515 2188 1679 2269 compositi

313 2292 414 2349 motus
437 2303 527 2366 quam
550 2283 800 2345 commodissime.
815 2283 971 2363 gubernet,
996 2291 1029 2343 et
1050 2282 1113 2343 fieri
1136 2299 1235 2361 posse,
1256 2277 1294 2341 'ut
1308 2280 1385 2341 alius
1400 2281 1466 2360 quis
1481 2279 1557 2341 alias
1576 2279 1678 2360 hypo-

312 2375 417 2437 theses
442 2373 610 2453 eucogitet3
635 2379 666 2433 et
689 2373 836 2452 imagines
860 2371 909 2433 hic
933 2379 1031 2450 aptas,
1056 2370 1106 2432 ille
1131 2369 1278 2449 aptiores,
1304 2370 1430 2430 eandem
1455 2378 1554 2429 tamen
1574 2376 1677 2429 motus

315 2461 525 2544 apparentiam
554 2468 732 2535 causantes,
765 2479 800 2522 ac
822 2478 891 2522 esse
920 2460 1077 2537 unicuique
1107 2459 1247 2534 liberum,
1280 2458 1339 2519 imo
1362 2457 1614 2538 gratificaturum,
1649 2456 1677 2517 si

314 2552 533 2615 commodiores
560 2550 730 2630 excogitm
762 2549 806 2610 ita
829 2569 848 2609 a
870 2549 1041 2610 vindicandi
1066 2547 1230 2609 severitate
1260 2549 1298 2609 ad
1321 2547 1494 2626 exquirendi
1518 2546 1677 2608 illecebras

313 2641 436 2703 avocati
468 2658 504 2701 ac
526 2638 682 2718 provocati
705 2639 832 2719 primum
856 2638 1028 2718 aequiores,
1070 2645 1133 2698 tum
1159 2637 1272 2699 frustra
1295 2643 1474 2716 quaerentes
1496 2635 1623 2715 pedibus
1646 2636 1677 2696 ia

313 2730 446 2793 auctoris
470 2727 653 2790 seutentiam
675 2727 795 2789 ibunt.“
839 2726 896 2788 His
925 2727 1058 2788 auctoris
1081 2725 1191 2800 verbis,
1215 2733 1425 2804 praeteream
1449 2743 1538 2805 quam
1560 2724 1620 2786 dixi
1645 2725 1677 2785 io

314 2817 503 2899 praelatione
525 2824 700 2895 usurpatam
724 2816 945 2877 simulationem
972 2815 1137 2877 manifesta
1165 2833 1282 2894 quoque
1313 2821 1442 2892 apparet
1468 2814 1677 2893 aequivocatio

314 2907 399 2968 vocis
430 2904 618 2987 hypothesis.
666 2903 765 2983 Supra
787 2923 916 2985 namque
940 2904 1069 2977 dictum,
1094 2903 1242 2983 quaedam
1267 2920 1336 2963 esse
1360 2903 1446 2981 quasi
1469 2902 1573 2965 minuti
1598 2902 1679 2963 aeris
1714 2912 1720 2921 '

313 2995 513 3077 hypotheses,
538 2994 590 3054 via
617 2992 726 3071 dignas
749 2993 805 3054 hoc
839 2993 972 3067 nomine,
1007 2992 1154 3071 quasdam
1182 2992 1286 3071 justas
1309 2999 1341 3052 et
1361 3009 1433 3051 vere
1456 2991 1676 3052 astronomicas

314 3084 509 3165 hypotheses.
555 3082 600 3144 Ut
623 3099 690 3141 cum
712 3081 742 3141 iu
766 3082 903 3160 exemplo
927 3079 1071 3142 Osiandri
1094 3080 1327 3142 determinamus
1350 3088 1382 3141 et
1397 3078 1588 3141 enunciamus
1601 3097 1674 3159 por-

313 3172 425 3233 tionem
448 3170 552 3232 circuli
574 3169 745 3248 planetarii,
771 3185 847 3249 quae
872 3169 914 3230 sit
936 3170 966 3230 in
994 3188 1052 3231 uuo
1076 3169 1192 3230 zodiaci
1216 3169 1417 3242 semicirculo,
1442 3169 1534 3247 digua
1556 3167 1672 3229 nomine

315 3259 491 3341 hypothesis
515 3265 577 3327 eet,
605 3275 661 3318 nec
685 3257 795 3319 variari
828 3265 883 3319 aut
903 3260 1024 3319 omuino
1054 3258 1133 3319 falsa
1155 3277 1224 3319 esse
1251 3265 1364 3338 potest.
1413 3259 1458 3319 At
1480 3276 1547 3318 curu
1570 3258 1672 3318 calcu-

315 3348 377 3409 lum
409 3365 555 3408 aseensus
587 3354 619 3408 et
641 3345 805 3407 descensus
836 3346 980 3425 planetae
1013 3347 1042 3407 iu
1073 3347 1135 3408 illis
1163 3346 1372 3425 inaequalibus
1400 3346 1588 3426 portionibus
1618 3363 1673 3406 ea·

314 3435 472 3509 struimus,
503 3452 593 3513 saepe
621 3432 652 3495 id
675 3435 761 3496 varia
790 3436 886 3496 torma
907 3444 1010 3517 potest
1041 3436 1157 3515 perfici,
1186 3436 1218 3496 et'
1244 3436 1428 3517 hypotheses
1453 3435 1572 3515 quidem
1600 3434 1676 3495 alias

314 3525 353 3586 ad
376 3523 564 3585 efficiendam
586 3523 717 3602 priorem
743 3523 827 3586 illam
851 3531 884 3585 et
906 3525 1141 3586 astronomicam
1156 3525 1336 3605 hypothesin
1353 3541 1560 3603 comparamus
1583 3522 1675 3595 (alius

314 3613 413 3693 posito
437 3620 540 3674 centro
565 3611 666 3672 circuli
690 3613 852 3692 planetarii
880 3632 973 3693 supra
997 3620 1130 3675 centrum
1154 3613 1265 3688 mundi,
1290 3614 1367 3674 alies
1390 3612 1525 3694 epicyclo
1548 3611 1587 3673 in
1600 3631 1674 3673 con·

314 3700 478 3762 centricum
500 3701 648 3775 inserto),
673 3702 726 3762 sed
746 3721 822 3781 quae
846 3719 904 3763 uon
928 3702 1013 3782 ipsae
1037 3720 1090 3781 per
1113 3721 1181 3763 sese
1205 3701 1439 3775 astronomicae,
1472 3719 1574 3762 uerum
1597 3718 1672 3778 geo-

314 3789 459 3851 metricae
480 3789 583 3868 potius
607 3788 791 3870 hypotheses
815 3800 896 3853 suut.
942 3792 992 3853 lta
1016 3791 1043 3852 si
1067 3791 1133 3871 quis
1153 3799 1341 3853 astronomus
1357 3790 1448 3864 dicat,
1473 3790 1554 3851 viam
1570 3791 1697 3858 Lunae,

314 3878 433 3940 ovaleru
457 3878 624 3956 exprimere
648 3880 784 3953 formam,
809 3880 986 3960 hypothesis
1009 3887 1059 3940 est
1073 3880 1292 3952 astronomica3
1316 3897 1382 3940 cum
1400 3879 1542 3952 ostendit,
1567 3878 1674 3957 quibus

314 3965 434 4027 circulis
462 3966 631 4044 hujusmodi
662 3967 759 4028 uvalis
789 3967 885 4046 tlgura
908 3967 1012 4029 confici
1039 3969 1151 4048 possit,
1185 3967 1403 4049 hypothesibus
1432 3968 1526 4028 utitur
1549 3985 1673 4046 geome-

313 4054 409 4116 tricis.
454 4053 497 4114 Et
510 4053 713 4130 Ptolemaeus,
739 4074 804 4116 cum
828 4056 943 4117 diceret
965 4057 1155 4135 planetarum
1170 4065 1268 4119 motus
1292 4057 1321 4118 in
1337 4075 1473 4137 apogaeo
1496 4056 1672 4129 lentescere,

313 4143 344 4206 in
367 4142 509 4224 perigaeo
538 4144 718 4215 accelerari,
751 4143 933 4225 hypothesin
964 4145 1039 4206 tecit
1061 4146 1309 4217 astronomicam,
1342 4165 1409 4208 com
1433 4164 1504 4207 vero
1532 4153 1674 4224 puuctum
1761 4207 1767 4216 ,

314 4231 510 4311 aequalitatis
538 4231 715 4306 introducit,
749 4232 779 4293 id
803 4241 837 4292 ut
859 4240 1014 4312 geometra
1043 4235 1132 4306 lacit,
1166 4235 1274 4296 calculi
1298 4253 1410 4309 causa,
1445 4243 1479 4295 ut
1505 4235 1585 4295 ratio
1607 4234 1674 4296 iniri

312 4321 425 4398 possit,
459 4327 603 4398 wantum
637 4322 787 4381 lentescat
817 4320 868 4382 ille
898 4322 1040 4401 planetae
1072 4331 1172 4385 motus
1202 4324 1308 4403 quovis
1340 4332 1490 4385 momento
1519 4323 1676 4402 temporis.

312 4408 399 4469 Hauc
431 4407 642 4489 hypothesium
671 4407 880 4470 diversitatem
914 4429 1001 4471 asmo
1030 4412 1241 4474 consideratus
1273 4419 1323 4474 est
1355 4413 1405 4493 qui
1436 4431 1498 4473 nou
1530 4421 1682 4491 agnoscat

313 4495 510 4576 manibusque
530 4496 647 4575 palpet.
694 4497 740 4558 At
762 4513 834 4558 vero
858 4496 1010 4560 Osiaoder
1035 4499 1234 4580 Copemicnm
1257 4501 1306 4562 vel
1331 4501 1431 4580 potius
1455 4502 1521 4580 ejus
1546 4501 1674 4562 lectores

314 4582 561 4663 aequivocatione
592 4584 763 4647 luditicatus
786 4591 848 4661 est,
883 4607 936 4662 ea,
970 4607 1047 4668 qnae
1079 4589 1110 4650 iu
1141 4591 1334 4669 geometricis
1362 4589 1579 4670 hypothesibus
1602 4607 1674 4650 vera

314 4679 393 4745 sunt,
419 4671 457 4731 ad
481 4673 699 4734 meouomicas
723 4674 919 4748 transferens,
945 4695 1013 4738 cum
1036 4678 1244 4740 diversissima
1267 4679 1308 4740 sit
1330 4687 1522 4757 utrarumque
1548 4678 1635 4761 ratio.

403 4756 540 4833 Summa,
575 4761 635 4821 tria
659 4769 730 4823 suut
752 4762 781 4822 in
802 4765 1005 4826 aoonomta:
1040 4766 1222 4847 hypotheses
1246 4769 1459 4847 geometricae,
1491 4766 1674 4846 hypotheses

316 4847 534 4909 astronomicae
560 4855 591 4909 et
614 4848 671 4929 ipsi
696 4841 879 4931 ‘apparentes
902 4854 1058 4916 stellarum
1081 4863 1197 4930 motus;
1220 4865 1382 4937 propterea
1405 4865 1435 4920 et
1449 4857 1507 4918 duo
1531 4854 1673 4918 distincta
