3609 5634
674 343 976 411 uersum
1443 348 1511 416 ars

150 497 193 562 rai
216 497 298 564 bano
319 519 399 575 creo,
424 502 502 580 quoi
526 501 641 566 coslum
663 502 735 564 uun
756 509 876 568 tantum
898 501 1026 566 noumsa
1047 502 1108 575 sit,
1131 501 1193 578 cni,
1226 504 1252 568 si
1274 523 1336 584 qua
1358 523 1397 572 ex
1419 508 1511 576 sociis

150 587 253 648 causis
277 588 367 663 desit,
392 590 518 652 effectus
541 590 682 654 intereat.
731 588 812 661 Quid
836 591 922 670 agis,
948 590 988 652 mi
1010 590 1151 653 Fabrici?
1174 611 1212 653 au
1237 611 1293 672 ego
1316 595 1434 658 meliori
1457 617 1510 660 ar·

151 685 295 755 gementu
324 678 438 755 possim
466 679 611 759 probare,
645 678 862 758 experientium
886 698 954 741 esse
978 680 1154 741 confusam?
1199 679 1285 743 Scito
1314 682 1430 765 itaque,
1462 704 1509 748 me

150 765 242 843 plane
266 774 364 828 tecum
388 767 559 829 consentire
583 768 613 828 iu
637 768 694 829 hoc
717 776 903 846 argumento.

220 868 408 921 Fabricius:
427 871 638 921 ‘transitibus
657 871 736 922 mults
754 872 839 921 trlbuis
857 847 1113 936 propter⁰subjectum
1131 872 1207 931 reale,
1227 875 1277 925 sire
1289 875 1416 939 planetam
1429 880 1509 943 ipsum

149 948 311 1004 praesentem
330 948 356 990 et
374 943 539 1000 namnum
557 944 813 1007 profectionibus
831 957 887 992 vero
907 942 1013 992 eandem
1032 943 1062 993 ob
1082 957 1183 994 causam
1201 945 1262 995 nibil
1280 946 1333 996 das.
1371 948 1425 1015 Ego
1439 950 1507 1001 dico:

150 1013 275 1062 transitus
293 1012 383 1063 nullius
401 1014 496 1064 virtutis
515 1021 562 1072 est,
581 1016 629 1064 nisi
648 1014 732 1080 aliqua
749 1015 845 1079 species
863 1015 1017 1078 profectuum
1035 1014 1107 1065 simul
1126 1016 1259 1066 coincidet

240 1084 444 1163 Keplerus:
468 1085 535 1165 Ego
559 1106 681 1148 causam
706 1086 777 1162 dixi,
802 1096 835 1148 tu
849 1087 933 1147 nulla
948 1085 1029 1148 dicta
1043 1106 1138 1148 causa
1161 1089 1341 1151 contrarium
1361 1090 1505 1154 affirmas.

107 1193 113 1204 ·
147 1171 214 1233 Hoc
240 1172 316 1235 habe
341 1192 395 1253 pro
419 1183 517 1248 certo,
550 1193 699 1256 nunquam
723 1175 795 1237 mihi
818 1174 947 1237 transire
972 1175 1153 1237 Mercurium
1176 1195 1231 1257 per
1255 1185 1352 1240 ortum
1376 1186 1429 1241 aut
1452 1199 1506 1242 oc-

147 1281 267 1339 casum,
304 1263 373 1342 quin
397 1264 547 1327 catarrhis
575 1271 629 1327 aut
651 1263 713 1326 alvi
736 1267 817 1326 fluxu
841 1263 983 1326 infestet:
1011 1284 1160 1345 nunqnam
1183 1266 1329 1342 Martem,
1354 1269 1424 1349 quin
1447 1288 1505 1350 pa·

147 1359 236 1412 ratae
262 1351 333 1413 mihi
358 1352 419 1413 sint
444 1353 513 1414 lites
537 1362 567 1413 et
591 1352 750 1433 dispositio
775 1353 875 1415 inme
899 1352 966 1433 ipso
989 1353 1149 1417 cholerica.

222 1458 403 1508 Fabricius:
425 1457 566 1519 Quaeritur,
586 1473 618 1510 au
638 1457 689 1509 Sol
707 1460 873 1511 transiens
897 1458 978 1509 loca
991 1460 1146 1524 aphetica
1164 1459 1314 1527 molegica
1331 1461 1370 1512 rel
1388 1462 1503 1515 mauo-

145 1543 208 1578 uum
226 1529 319 1595 gradus
337 1530 433 1579 morbos
451 1529 541 1580 inferre
559 1527 655 1594 possit?
691 1530 745 1596 ligo
763 1531 815 1582 tale
834 1530 891 1596 quid
910 1531 1082 1580 ammadverti.

236 1600 441 1679 Keplerus:
466 1602 575 1664 Nullus
598 1603 724 1681 planeta
747 1603 786 1663 ad
809 1603 867 1664 boc
891 1610 939 1664 est
963 1602 1112 1665 conditus.
1160 1602 1203 1665 Ut
1217 1620 1289 1682 ergo
1314 1604 1425 1666 ceteris
1448 1604 1505 1668 hoc

144 1697 201 1770 pe'r
225 1689 365 1752 accidens
390 1690 508 1765 evenit,
546 1690 643 1752 itaet
666 1689 745 1767 Soli,
777 1700 810 1753 ut
843 1689 872 1752 iu
896 1710 952 1753 sno
976 1710 1102 1753 excessu
1126 1698 1234 1753 noceat
1256 1689 1501 1757 inflammatione.
1594 1759 1595 1766 ,

145 1776 210 1839 Sed
242 1798 279 1839 ne
309 1779 512 1858 proportionis
535 1779 738 1855 obliviscaris,
772 1779 854 1842 Solis
878 1781 992 1842 reditus
1016 1779 1097 1843 iutra
1120 1799 1243 1854 anuum,
1277 1779 1402 1844 Saturni
1424 1782 1505 1846 intra

146 1862 191 1930 30
214 1886 319 1928 anuos.
366 1866 565 1948 Experientia
587 1875 687 1931 tamen
714 1870 741 1931 in
764 1877 884 1950 promtu
908 1887 967 1930 nou
991 1879 1048 1944 est,
1074 1889 1110 1931 ac
1133 1869 1235 1932 nescio
1258 1889 1297 1931 an
1321 1871 1422 1933 fuerit.

217 1974 398 2023 Fabricius:
426 1972 492 2034 Quid
511 1975 542 2023 de
567 1974 807 2040 intelligentiis
833 1974 1002 2025 stellarum
1021 1976 1124 2033 sautu,
1152 1975 1215 2024 scire
1233 1976 1315 2039 cupio.
1351 1975 1405 2041 Ego
1423 1987 1505 2043 ungar

145 2057 203 2093 aare
221 2050 290 2107 puto.
328 2043 397 2094 Idem
417 2046 497 2094 muno
516 2045 547 2095 de
565 2046 672 2111 geniis
690 2047 741 2096 rire
760 2046 846 2105 bonis,
874 2045 926 2095 rire
944 2046 1025 2096 malis.
1062 2046 1090 2097 Si
1109 2047 1213 2111 angelos
1230 2052 1258 2096 et
1275 2045 1386 2097 diabolos
1404 2047 1503 2108 (liseur,

145 2116 243 2179 mipio
263 2121 288 2165 et
304 2116 426 2181 intelligo,
445 2116 510 2167 alias
527 2117 635 2168 minime.
684 2164 690 2178 ,

235 2186 440 2266 Keplerus:
465 2186 572 2251 Stellio
595 2198 719 2269 praeest
742 2188 838 2251 virtus
861 2188 976 2267 aliqua,
1001 2187 1185 2267 geometriae
1209 2205 1307 2267 capax
1329 2187 1421 2269 globi,
1445 2208 1502 2272 po-

144 2283 214 2338 tens
238 2276 278 2338 ad
296 2284 422 2348 motum,
445 2284 564 2355 tempus
587 2296 759 2342 numerans.
805 2276 883 2357 Ego,
908 2277 944 2347 si,
970 2277 1049 2356 quod
1068 2276 1169 2356 jubes,
1193 2277 1339 2356 scapham
1358 2280 1502 2360 scapham

144 2365 298 2444 appellare
323 2365 432 2439 debeo,
457 2385 515 2428 non
538 2383 662 2445 possum
686 2367 775 2428 aliter
797 2365 890 2439 hauc,
915 2384 1005 2446 quam
1027 2364 1275 2445 intelligentiam,
1300 2367 1348 2428 vel
1371 2376 1501 2431 mentem

143 2454 311 2534 appellare.
358 2453 391 2516 Si
422 2455 503 2516 aliud
535 2454 590 2516 tibi
613 2474 721 2520 nomen
749 2453 985 2534 praeplacuerit,
1019 2453 1122 2515 dicito.
1168 2453 1295 2515 Interim
1319 2454 1375 2517 hoc
1399 2469 1501 2520 manet

143 2542 321 2617 discrimen,
356 2544 432 2623 quod
457 2543 688 2606 ratiocinatione
722 2562 780 2604 non
805 2552 941 2615 utuntur,
972 2541 1029 2603 boc
1053 2540 1131 2603 bono
1156 2539 1238 2604 Gnil.
1265 2540 1396 2605 Gilberti
1419 2544 1501 2608 illius
1539 2549 1546 2556 ’

144 2641 332 2712 argumento,
352 2633 432 2711 quod
456 2633 716 2695 ratiocinationem
740 2639 883 2712 sequatur
906 2630 935 2692 in
960 2630 1079 2692 actione
1103 2630 1321 2706 inconstantia,
1352 2632 1498 2713 inaequa-

143 2720 217 2782 litas
241 2728 273 2784 et
295 2721 449 2793 titubatio,
474 2722 554 2800 apud
567 2721 703 2786 homiues
727 2719 856 2801 quidem.
905 2718 1007 2791 Quare
1031 2727 1065 2781 nt
1084 2738 1196 2781 cornua
1216 2720 1312 2791 bovis,
1332 2729 1385 2783 aut
1398 2723 1498 2783 scien-

141 2810 187 2870 tia
209 2809 344 2885 namatii,
369 2818 423 2872 aut
446 2809 541 2888 primo
565 2810 669 2872 statim
693 2810 742 2871 die
766 2818 847 2870 recte
865 2808 1034 2884 incedendi,
1058 2825 1117 2870 non
1141 2818 1212 2870 suut
1230 2818 1408 2889 argumenta
1430 2831 1497 2874 ma·
1596 2881 1602 2894 ,

137 2898 217 2977 juris
239 2897 418 2972 nobilitatis,
447 2918 537 2980 quam
560 2899 590 2962 iu
613 2898 743 2973 bomine,
768 2897 879 2979 quibis
894 2906 996 2971 caret;
1020 2897 1074 2960 sed
1088 2897 1291 2971 statuendum,
1316 2900 1498 2962 succurrisse

140 2994 279 3048 naturam
303 2988 389 3049 bovis
414 2987 580 3050 infirmitati
604 2987 772 3067 congenitis
797 2986 844 3047 bis
867 2986 1061 3065 adjumentis,
1086 2985 1157 3067 quia
1180 2986 1235 3048 bos
1259 3005 1343 3048 arma
1366 2985 1423 3050 sibi
1448 2989 1497 3050 ia·

140 3076 273 3150 brioare,
306 3076 439 3139 sobolem
463 3077 601 3147 educare,
634 3085 772 3139 natatum
793 3075 962 3137 exercendo
986 3076 1093 3136 docere
1116 3092 1174 3136 uon
1198 3082 1312 3155 potest,
1336 3086 1369 3138 ut
1392 3076 1496 3140 homo:

139 3164 184 3226 sic
208 3164 283 3226 haec
306 3164 408 3228 circuli
433 3167 480 3227 sui
503 3165 668 3228 intellectio
692 3165 836 3227 facultati
859 3165 903 3227 ilb
936 3164 1041 3226 itidem
1065 3171 1113 3225 est
1136 3164 1312 3245 congenita,
1346 3184 1402 3228 nec
1423 3184 1496 3248 pro-

138 3255 228 3318 licere
251 3263 365 3334 potest,
390 3274 445 3317 nec
469 3255 551 3319 aliud
576 3274 666 3336 qnam
689 3254 745 3316 hoc
769 3273 870 3334 agere,
895 3254 986 3316 mium
1010 3272 1099 3335 quam
1114 3252 1193 3315 bunc
1208 3253 1350 3316 circulum
1369 3255 1496 3319 discere.

227 3343 275 3404 De
299 3341 407 3405 Geniis
438 3363 497 3405 nou
531 3344 642 3407 acriter
674 3353 773 3406 tecum
795 3357 907 3424 paguo.
953 3342 1019 3404 Res
1052 3352 1100 3404 est
1133 3342 1256 3405 lubrica
1301 3342 1384 3424 Ego,
1418 3347 1499 3426 quod

139 3430 316 3493 inanimatis
345 3433 434 3495 rebus
458 3432 497 3495 ob
520 3433 671 3495 delectum
695 3432 835 3507 rationis,
869 3430 987 3512 angelis
1020 3431 1059 3492 ob
1087 3430 1212 3493 liberam
1236 3451 1322 3494 suam
1349 3433 1497 3496 rationem
1541 3510 1547 3520 ¹

138 3538 197 3582 uon
209 3540 330 3600 possnm
346 3520 488 3596 tribuere,
499 3522 746 3601 gubernationem
758 3523 895 3583 fortunae
906 3520 1034 3582 hominis
1049 3521 1089 3581 ad
1102 3519 1321 3600 praescriptum
1333 3522 1494 3598 coelorum,

139 3608 180 3684 io,
205 3610 334 3690 inquam,
352 3611 450 3689 geniis
465 3609 573 3673 tribuo.
621 3610 700 3682 Quid
716 3611 814 3672 euim?
838 3611 883 3671 Tu
898 3608 1209 3688 angelorumtntelam
1223 3608 1316 3670 coelis
1327 3610 1495 3689 allegabis?

209 3715 397 3766 Fabrloiur:
426 3715 530 3767 Solem
548 3716 688 3767 nulicaudi
715 3724 741 3767 et
758 3714 892 3782 vegetandi
916 3716 965 3763 rim
992 3713 1083 3763 babere
1110 3714 1235 3771 aninmo,
1262 3713 1413 3779 planetas
1438 3732 1494 3768 vero

129 3801 188 3836 suna
207 3802 292 3837 omues
310 3802 349 3837 rea
367 3787 448 3844 simul,
466 3796 495 3838 nt
513 3787 562 3850 Sol,
584 3788 701 3839 sedilias
719 3794 827 3844 tantum,
845 3800 911 3850 quae
929 3786 1030 3850 imperio
1048 3785 1156 3849 ipsorum
1173 3786 1286 3844 subsunt,
1305 3786 1437 3838 viritem.

226 3859 427 3939 Keplerus:
452 3860 535 3923 Nihil
559 3879 615 3941 ego
638 3871 712 3941 puto
731 3860 761 3920 in
784 3858 896 3931 Terris,
925 3856 971 3919 cui
995 3856 1123 3919 seorsim
1147 3856 1256 3938 aliquis
1279 3858 1404 3937 planeta
1427 3861 1492 3922 col·

137 3948 255 4010 locatus
283 3948 326 4009 sit
348 3948 377 4010 iu
400 3950 502 4012 coelo:
532 3949 587 4010 sed
611 3949 750 4011 extitisse
773 3948 843 4009 illos
867 3955 915 4008 tot
938 3954 971 4007 et
993 3945 1072 4008 tales
1101 3965 1138 4007 ex
1162 3947 1224 4008 suis
1253 3947 1384 4027 propriis
1406 3950 1492 4030 priu-

136 4037 232 4118 cipiis,
258 4037 348 4099 etiam
373 4039 437 4100 siue
452 4048 591 4118 respectu
607 4038 795 4101 terrestrium
810 4055 925 4109 rerum3
949 4035 1120 4098 consentire
1139 4054 1210 4106 vero
1230 4053 1288 4097 uon
1303 4055 1352 4098 res
1366 4038 1493 4099 seorsim

137 4126 319 4206 compositas
344 4145 410 4188 cum
433 4128 576 4206 planetis,
602 4128 655 4189 sed
675 4147 778 4189 omnes
803 4126 939 4188 omnibus
954 4132 1081 4188 naturae
1096 4124 1270 4199 elementis3
1295 4143 1363 4186 nam
1378 4143 1490 4206 prope-

137 4215 257 4277 modum
281 4216 381 4277 omnia
404 4215 594 4278 in'omnibos
616 4215 767 4290 invenies,
799 4215 868 4295 plus
893 4223 994 4276 tamen
1019 4214 1095 4276 certi
1118 4214 1246 4293 alicujus
1270 4214 1410 4277 elementi
1442 4215 1491 4276 rel

135 4305 315 4385 quantitatis
338 4304 369 4367 in
392 4323 451 4367 uno
475 4324 564 4386 qnam
588 4306 618 4367 iu
642 4307 749 4367 altero.

206 4411 392 4462 Fabricius:
412 4410 477 4473 Quid
496 4411 527 4461 tls
547 4412 697 4462 autlrciir
714 4410 872 4475 planetarum
888 4408 998 4470 iudicer,
1017 4409 1080 4459 scire
1098 4407 1179 4458 velim.

224 4500 432 4581 Keplerus:
457 4500 568 4564 Eorum
588 4501 647 4561 vim
670 4499 712 4562 ibi
737 4516 878 4579 agnosco,
903 4496 954 4559 nbi
969 4504 1039 4559 sunt
1053 4495 1192 4558 antistis.
1238 4497 1379 4558 Arausa
1402 4498 1490 4576 primi

79 4643 83 4654 .
136 4597 235 4652 motus
259 4599 330 4651 suut
359 4590 489 4654 antiscia
519 4598 624 4671 partes
651 4587 781 4662 zodiaci,
817 4605 874 4648 non
898 4585 1015 4649 ratione
1048 4585 1178 4646 siderum
1196 4583 1360 4649 mobilium.
1406 4586 1489 4666 Ergo

134 4679 161 4739 iu
186 4679 351 4741 directione
375 4680 568 4742 ascendentis
592 4688 623 4741 et
645 4678 688 4740 M.
714 4676 750 4740 G.
774 4683 847 4757 puto
870 4675 931 4736 vim
969 4693 1037 4736 esse
1059 4692 1217 4754 maguam,
1250 4681 1284 4737 at
1307 4693 1364 4736 uon
1388 4675 1418 4738 in
1438 4676 1488 4737 di·

134 4767 265 4830 rectione
289 4766 371 4831 Solis
394 4777 426 4830 et
449 4768 589 4831 Veneris.
1056 4809 1060 4814 -

204 4874 386 4924 Fabricius:
415 4873 564 4937 Quaeritur,
592 4888 626 4925 au
645 4873 788 4936 eclipses
807 4869 870 4921 Solia
889 4876 915 4921 et
933 4868 1021 4920 Lunae
1046 4883 1073 4919 re
1094 4882 1154 4920 vera
1174 4868 1305 4935 generales
1323 4871 1387 4921 aeris
1405 4877 1487 4925 muta·
