3609 5634
773 379 857 445 cue
873 379 930 431 ιιι·
1473 379 1534 451 ιιι
1585 385 1586 388 ‘

152 541 286 608 planura
299 542 400 596 dlctum
413 540 564 596 incidentes
587 539 743 612 diotimus
762 540 903 596 zodiacum
924 542 952 596 in
973 542 1161 605 irrationalia,
1187 549 1267 613 patet
1285 545 1358 600 hano
1376 545 1535 602 divisionem

153 637 225 674 non
249 640 312 676 esse
332 622 472 692 propriam
491 621 609 692 quinque
629 621 789 693 agnarum.
830 622 901 676 Eam
922 622 1010 694 igitur
1032 623 1060 677 in
1074 624 1194 694 Epitom
1209 628 1286 679 Astr.
1301 626 1350 680 lib.
1365 627 1399 680 11.
1423 629 1533 682 demon·

154 702 259 755 stravi
273 702 415 772 propriam
427 719 490 755 esse
502 702 654 772 figurarum
662 701 817 770 planamm,
836 702 1009 773 regularium
1023 704 1283 770 demonstrabiliusn,
1304 705 1328 760 si
1349 707 1416 762 illae
1431 707 1534 762 circulo

156 780 358 836 inscribantur
372 783 408 836 ab
422 799 477 836 uno
491 781 552 850 ejus
565 788 678 850 puncto.

245 877 279 946 e)
301 880 372 935 Solis
394 880 521 950 intellige
536 894 646 933 annum.
674 878 745 933 Nam
759 881 821 933 dnm
835 877 883 933 Sol
897 894 999 936 annum
1012 889 1146 950 permeat,
1168 881 1249 937 Luna
1266 883 1407 938 duodecim
1425 901 1532 938 menses

160 961 282 1014 conficit
301 962 368 1015 fere.
396 961 527 1030 Adeoque
546 959 619 1012 banc
640 959 860 1013 distributionem
884 961 950 1014 anni
973 969 1003 1015 et
1023 963 1300 1016 accommodationem
1319 971 1442 1018 motuum
1460 964 1531 1019 Solis

160 1048 198 1095 et
212 1041 324 1105 Lunae,
349 1040 448 1094 saltem
470 1040 498 1094 in
519 1039 607 1109 primo
627 1040 812 1109 proportionis
832 1039 942 1096 illorum
955 1047 1105 1110 conceptu,
1127 1059 1181 1114 ego
1203 1043 1411 1114 archetypicam
1425 1051 1528 1109 statuo,

162 1138 263 1192 exque
283 1122 336 1175 hac
357 1120 528 1175 ordinatione
551 1127 581 1173 et
604 1137 641 1173 ex
661 1136 794 1174 concursu
817 1121 988 1176 naturalium
1010 1137 1157 1176 cansarum
1179 1123 1322 1177 matricum
1342 1137 1442 1177 causas
1464 1141 1531 1179 eruo

163 1203 341 1272 quarundam
361 1201 594 1271 inaequalitatum
615 1201 642 1253 in
656 1200 759 1258 Luna:¹
769 1207 802 1254 ιιι
814 1201 907 1254 monui
921 1201 948 1255 in
961 1201 1165 1273 prolegomenis
1178 1202 1390 1272 premeridum
1404 1211 1434 1258 et
1447 1206 1531 1259 doceo

164 1283 253 1351 plene
268 1284 295 1336 in
308 1281 384 1352 Epit
400 1284 475 1335 Astr.
490 1281 539 1335 lib.
555 1281 601 1334 lV.
629 1280 724 1335 Simile
737 1282 801 1353 quid
815 1281 915 1336 ibidem
934 1282 1056 1336 invenies
1070 1281 1156 1336 etiam
1175 1285 1210 1336 de
1223 1284 1402 1354 proportione
1416 1285 1482 1338 anni
1497 1285 1533 1339 ad

164 1363 356 1416 revolutiones
370 1361 482 1415 diurnas
497 1361 556 1415 360
576 1355 619 1429 (in
632 1362 723 1430 prima
741 1357 909 1429 ἰιιιειιιιοιιι)
929 1363 1029 1434 quibus
1046 1365 1182 1417 accedunt
1200 1364 1298 1417 deinde
1317 1364 1352 1417 ob
1372 1379 1532 1420 concursum

165 1458 316 1497 naamam
329 1441 519 1496 revolutiones
532 1437 585 1501 tt.
596 1461 605 1496 ε
617 1442 690 1495 unde
703 1442 815 1496 elicitur
827 1458 900 1497 nora
914 1443 1045 1514 aequatio
1059 1445 1199 1514 temporis.
1227 1444 1290 1498 Etsi
1303 1444 1427 1498 delibero
1442 1446 1532 1500 adbsm

165 1523 432 1592 obserrationesque
455 1524 592 1593 expendo.

249 1617 275 1689 l)
302 1622 363 1675 Hoc
381 1620 489 1690 quidem
503 1619 716 1674 accidentarium
729 1627 781 1683 est,
801 1636 856 1673 non
870 1620 1086 1691 archetypicum.
1115 1621 1187 1676 Nam
1198 1627 1232 1676 ιιι
1245 1622 1329 1676 doceo
1343 1622 1391 1677 lib.
1406 1621 1441 1677 V.
1457 1623 1528 1676 Har·

166 1702 348 1764 monioorum,
379 1699 520 1770 periodica
541 1700 719 1771 planetarum
740 1708 867 1769 tempora
889 1708 956 1755 sunt
980 1719 1017 1755 ex
1044 1701 1208 1756 harmonicis
1231 1702 1530 1772 contemperationibus

167 1788 292 1835 motarum
313 1788 514 1835 extremorum:
544 1780 571 1833 in
596 1781 714 1850 apheliis
737 1781 809 1834 enim
830 1780 926 1835 debuit
948 1797 1010 1834 esse
1038 1789 1159 1836 motuum
1188 1782 1330 1854 proportio
1359 1799 1430 1854 quae
1454 1783 1471 1837 2
1496 1784 1531 1836 ad

168 1861 270 1924 5sere,
293 1860 321 1915 in
333 1860 476 1930 periheliis
491 1876 572 1923 vero,
597 1876 669 1930 quae
689 1860 706 1914 5
729 1862 764 1913 ad
788 1860 833 1924 l2,
857 1868 890 1914 nt
909 1860 1016 1915 scilicet
1036 1861 1108 1916 inter
1122 1862 1235 1917 Saturni
1256 1863 1398 1933 aphelium
1411 1863 1530 1919 etJovis

167 1940 333 2011 peribelium
356 1947 453 2009 posset
475 1955 537 1993 esse
568 1941 905 2010 diapente-epi·diapason
935 1938 1047 2012 (quinta
1070 1958 1155 2012 supra
1177 1939 1336 2012 octavam),
1365 1945 1437 1998 inter
1464 1960 1531 1997 vero

168 2021 281 2075 Saturni
302 2020 464 2098 peribelium
487 2025 516 2072 et
529 2020 605 2073 Josis
629 2020 770 2090 aphelium
793 2021 946 2090 perfectum
969 2023 1104 2091 diapason
1126 2018 1271 2093 (octava),
1295 2024 1361 2094 quia
1381 2024 1436 2077 hae
1459 2025 1531 2076 duae

167 2101 328 2156 barmoniae
343 2101 413 2153 cubo
428 2107 567 2171 cognatae
582 2107 656 2153 sunt.
684 2102 762 2154 Haec
776 2101 847 2154 enim
861 2100 951 2170 prima
964 2109 994 2156 et
1008 2102 1189 2173 archetypica
1202 2103 1231 2157 in
1245 2105 1363 2157 motibus
1378 2110 1423 2158 est
1435 2119 1529 2158 causa.

168 2183 246 2243 Quod
261 2182 283 2234 si
299 2181 385 2252 igitur
398 2188 431 2233 ut
445 2180 618 2258 apheliorum
633 2186 766 2244 motuum,
789 2181 828 2233 sic
848 2188 969 2235 totarum
987 2181 1160 2251 periodorum
1180 2184 1322 2253 proportio
1337 2191 1412 2237 esset
1426 2199 1497 2254 quae
1512 2182 1529 2237 2

166 2263 202 2315 ad
217 2261 250 2325 b,
273 2269 340 2315 tunc
354 2262 383 2314 in
396 2261 475 2314 annis
490 2261 528 2314 60
543 2262 738 2331 contingerent
750 2261 876 2330 praecise
891 2262 963 2314 duae
981 2262 1168 2316 revolutiones
1182 2263 1308 2328 Saturni,
1331 2266 1450 2334 quinque
1463 2280 1530 2317 vero

164 2342 258 2402 Jnrir:
273 2341 301 2394 in
315 2342 395 2394 annis
412 2339 448 2395 12
463 2356 519 2393 una
531 2341 624 2394 Jovis:
646 2348 676 2393 et
689 2340 824 2396 Saturnus
839 2347 870 2394 et
881 2341 993 2411 Jupiter
1006 2341 1146 2411 conjuncti
1160 2343 1237 2397 verbi
1252 2359 1338 2398 causa
1350 2343 1379 2397 in
1395 2343 1529 2413 principio
1618 2411 1626 2420 ι

165 2421 264 2476 arietis
282 2422 407 2490 praecise
421 2427 487 2489 post
501 2420 538 2474 20
553 2437 640 2474 annos
656 2420 757 2491 inipso
772 2422 906 2491 principio
921 2422 1062 2493 sagittarii
1077 2422 1184 2477 coirent
1197 2423 1305 2477 iterum.
1334 2423 1445 2492 Jupiter
1458 2425 1529 2477 enim

164 2510 297 2571 superato
311 2500 432 2555 Saturno
451 2502 514 2554 dum
535 2501 675 2553 zodiacum
689 2517 816 2555 emensus
831 2501 980 2555 Saturnum
994 2502 1147 2572 hsgientem
1159 2504 1342 2574 persequitur,
1358 2503 1406 2555 ille
1420 2502 1530 2557 interim

163 2600 203 2636 ex
217 2583 306 2635 ariete
323 2580 393 2634 abiit
407 2589 524 2644 tantum,
546 2587 579 2634 nt
591 2582 702 2650 Jupiter
717 2582 743 2634 in
758 2582 876 2651 quinque
890 2581 1110 2636 revolutionibus
1125 2589 1168 2637 ter
1183 2582 1350 2636 solummodo
1364 2590 1530 2652 assequatur

164 2663 268 2731 ipsum,
292 2660 357 2731 qnia
377 2661 477 2731 effugit
489 2660 624 2715 Saturnus
638 2678 691 2730 per
704 2663 773 2715 duas
788 2679 825 2715 ex
839 2662 974 2732 quinque:
999 2662 1040 2716 ita
1060 2670 1170 2717 restant
1192 2670 1249 2717 tres
1272 2661 1478 2731 conjunctiones
1500 2662 1529 2716 in

164 2742 287 2812 quinque
300 2741 455 2796 Jovialibus
473 2741 592 2811 periodis
611 2741 736 2811 perlecto
756 2742 898 2812 triangulo
919 2742 1094 2796 distributae.
1122 2743 1208 2806 Ecce,
1233 2749 1265 2796 ut
1282 2743 1327 2796 hio
1347 2742 1528 2814 triangularis

162 2821 389 2891 conjunctionum
412 2820 481 2874 situs
505 2822 543 2874 sit
565 2822 752 2875 necessarium
778 2839 948 2891 consequens
971 2838 1074 2876 causae
1098 2823 1295 2893 archetypioae
1319 2841 1356 2876 ex
1378 2821 1527 2876 harmoniis

163 2904 324 2964 desumtae;
346 2901 455 2956 accidat
467 2917 533 2954 vero
548 2901 700 2956 trisectioni
715 2901 833 2965 zodiaci,
854 2919 903 2955 seu
917 2919 969 2972 per
981 2903 1137 2973 pyramida,
1161 2920 1210 2957 seu
1229 2919 1280 2972 per
1293 2903 1479 2973 triangulum,
1504 2902 1528 2955 si

163 2982 225 3053 quis
245 2981 336 3046 illam,
361 2981 443 3034 utin
466 2982 518 3035 hoo
541 2982 633 3051 capite
656 2982 806 3053 ponebam,
832 2982 1040 3053 archetypioam
1061 2999 1123 3036 esse
1142 2984 1322 3040 contenderit.
1356 2982 1483 3036 Vicissim
1503 2981 1527 3035 si

164 3069 288 3116 totarum
302 3060 475 3131 periodorum
489 3061 504 3122 h
518 3068 549 3114 et
562 3066 584 3128 lt
597 3063 740 3131 proportio
755 3071 831 3116 esset
843 3062 906 3126 illa,
930 3079 1001 3133 quae
1021 3070 1137 3132 propter
1149 3063 1323 3117 harmonicas
1338 3070 1526 3131 contempera·

164 3142 256 3196 tiones
270 3142 366 3196 debuit
379 3158 441 3194 esse
454 3149 578 3195 motuum
591 3143 794 3211 peribeliorum,
810 3160 848 3196 sc.
866 3142 883 3197 5
899 3144 934 3197 ad
952 3142 996 3205 12,
1020 3151 1085 3197 tunc
1099 3144 1126 3212 in
1141 3145 1220 3198 annis
1239 3144 1294 3197 lto
1308 3143 1421 3212 Jupiter
1433 3159 1526 3197 rerer·

164 3231 273 3275 teretur
286 3222 439 3285 duodecies,
455 3220 541 3275 semel
555 3221 583 3274 in
597 3223 676 3276 annis
695 3217 776 3282 1222.
804 3222 917 3277 Abiatis
932 3223 1018 3294 igitur
1033 3223 1050 3277 5
1065 3225 1099 3277 de
1116 3223 1164 3288 12,
1184 3231 1326 3278 restarent
1341 3223 1367 3287 7,
1390 3224 1472 3277 toties
1488 3239 1527 3277 so.

161 3303 275 3372 Jupiter
288 3309 483 3372 assequeretur
496 3301 654 3356 Saturnum.
683 3303 781 3374 ltaque
802 3302 930 3357 zodiacus
948 3320 1000 3372 per
1019 3304 1070 3378 bas
1087 3303 1295 3373 conjunctiones
1317 3304 1485 3358 divideretur
1498 3303 1526 3357 in

161 3389 260 3452 partes
276 3382 302 3445 ’1,
317 3398 431 3453 quarum
446 3381 550 3452 quinis,
571 3383 596 3435 id
612 3393 656 3436 est
670 3382 727 3438 257
743 3383 889 3455 gradibus,
912 3384 995 3438 binae
1010 3383 1216 3452 conjunctiones
1232 3402 1250 3440 a
1264 3403 1295 3439 se
1309 3383 1425 3438 invicem
1438 3399 1525 3437 remo·

160 3468 309 3525 serentum
324 3463 401 3516 verbi
415 3477 509 3524 cansa,
524 3471 590 3532 post
602 3479 684 3517 unam
698 3465 727 3518 in
742 3458 815 3522 0⁰t
836 3465 1014 3534 contingeret
1031 3464 1124 3519 altera
1139 3465 1167 3525 in
1183 3460 1233 3520 11ο
1242 3461 1279 3530 s,
1295 3464 1382 3519 tertia
1395 3465 1424 3518 in
1437 3459 1470 3518 4⁰
1482 3459 1525 3536 ψ.

162 3541 217 3596 Sed
232 3543 297 3611 qnia
310 3542 449 3611 periodica
470 3537 596 3611 tempora
616 3552 816 3613 componuntur
834 3562 872 3598 ex
891 3545 1011 3598 motibus
1031 3553 1089 3599 tarn
1112 3545 1245 3615 apheliis,
1271 3560 1353 3616 quam
1372 3543 1524 3614 peribeliis,

162 3638 255 3691 exque
269 3620 420 3689 interjectis
435 3621 575 3685 omnibus,
596 3622 660 3677 hinc
677 3624 802 3679 nascitur
816 3623 900 3678 etiarn
915 3624 1079 3678 intermedia
1092 3626 1264 3694 periodorum
1283 3624 1439 3699 proportio,
1461 3640 1524 3677 con·

156 3701 384 3771 junctionumque
398 3718 449 3771 per
463 3703 605 3757 zodiacum
619 3703 792 3766 distributio;
817 3712 849 3759 nt
866 3704 956 3774 prima
976 3705 1004 3757 iu
1025 3703 1158 3774 principio
1182 3706 1278 3759 arietis
1301 3705 1456 3768 collocata,
1481 3719 1523 3757 se·

160 3783 251 3835 cunda
264 3799 353 3852 neque
367 3782 397 3835 in
409 3782 498 3851 ipsum
511 3783 674 3852 principium
688 3784 830 3855 sagittarii
844 3784 940 3837 veniat
958 3800 1008 3837 neo
1022 3785 1106 3837 etiam
1125 3801 1212 3856 nsque
1230 3785 1259 3839 in
1276 3778 1326 3839 17⁰
1339 3780 1367 3844 tl*
1382 3791 1522 3848 excurrat,

161 3863 209 3914 sed
224 3861 315 3916 media
328 3869 358 3915 et
371 3862 511 3931 aequabili
526 3862 635 3916 ratione
650 3865 685 3917 ad
700 3871 756 3918 tres
776 3867 879 3935 gradm
900 3865 978 3917 ultra
997 3862 1199 3934 triangularem
1213 3866 1303 3919 locum
1316 3864 1522 3935 progrediatur.

161 3942 277 4004 Quodsi
299 3942 361 4011 ipsa
381 3941 485 3995 zodiaci
506 3942 644 3998 distinctio
666 3943 693 3997 in
715 3953 772 3999 tres
796 3945 911 3999 trientes
939 3960 992 4014 per
1013 3945 1117 4014 figuras
1139 3945 1321 4018 geometricas
1351 3943 1475 4017 genuina
1493 3948 1525 3995 et

160 4022 342 4093 archetypica
356 4038 442 4076 causa
455 4021 556 4076 fuisset
575 4022 658 4091 hujus
679 4025 865 4095 dispositionis
885 4024 1120 4093 conjunctionum,
1144 4026 1240 4097 utique
1262 4024 1451 4096 expressisset
1473 4022 1524 4076 illa

159 4102 314 4172 perlectum
328 4102 513 4173 triangulum
536 4120 590 4156 non
611 4105 727 4159 aberrat
740 4107 812 4160 enim
825 4105 947 4160 divinum
961 4119 1029 4175 opus
1045 4107 1081 4160 ab
1096 4106 1249 4177 archetypo
1263 4121 1322 4160 suo.
1355 4105 1417 4158 Non
1435 4103 1523 4174 igitur

160 4182 277 4251 amplius
301 4183 397 4237 mirum
420 4199 482 4236 esse
505 4183 600 4247 debet,
623 4201 672 4239 cur
684 4185 798 4240 Saturni
811 4187 943 4256 Jovisque
962 4201 1127 4256 congressus
1143 4189 1178 4240 ad
1193 4185 1364 4256 triangulum
1378 4184 1521 4245 alludantt

160 4262 226 4332 qnia
248 4279 300 4316 nec
322 4264 449 4332 perlecta
471 4271 502 4316 et
522 4264 606 4332 plane
630 4266 819 4320 accidentaria
837 4275 883 4322 est
905 4264 1015 4319 allusio.

240 4337 275 4413 g)
295 4343 349 4396 Hic
367 4350 432 4397 sunt
445 4342 584 4412 ipsissima
596 4344 732 4415 principia
750 4346 802 4402 mei
816 4347 909 4418 operis
922 4345 1093 4410 Harmonici,
1121 4361 1210 4416 eaque
1228 4362 1283 4398 non
1297 4349 1406 4400 tanum
1424 4341 1520 4413 opina·

160 4421 279 4484 tionum,
303 4439 375 4492 quae
397 4422 597 4493 posterioribus
613 4426 784 4496 temporibus
805 4427 988 4498 corrigendae
1002 4425 1117 4492 fuerint,
1142 4428 1190 4480 aad
1213 4425 1298 4479 etiam
1316 4422 1461 4478 verissima
1480 4422 1521 4477 rei

158 4501 254 4572 ipsius.
283 4503 376 4557 Omnis
391 4503 463 4557 enim
476 4502 669 4573 philosophica
689 4507 845 4577 speculatio
868 4507 953 4560 debet
974 4504 1082 4559 initium
1104 4521 1204 4576 capere
1226 4521 1245 4560 a
1262 4520 1392 4560 sensuum
1409 4502 1520 4572 experi-

159 4581 272 4637 mentis:
292 4583 337 4637 bic
350 4599 429 4647 rere,
452 4599 524 4654 quae
544 4599 641 4639 sensus
656 4588 766 4640 audibis
782 4594 902 4641 testetur
915 4588 949 4638 de
963 4602 1076 4640 numero
1090 4603 1186 4642 vocum
1204 4602 1265 4640 cum
1277 4601 1336 4639 una
1349 4585 1443 4655 aliqua
1456 4601 1520 4638 con·

158 4663 330 4728 sonantium,
350 4678 422 4734 quae
437 4663 503 4718 item
516 4680 614 4717 sensus
628 4667 767 4721 oculorum
781 4669 815 4720 de
829 4664 1002 4738 longitudine
1017 4666 1179 4721 chordarum
1192 4665 1412 4732 consonantium,
1428 4682 1520 4719 emen·

158 4742 300 4797 datissime
323 4751 353 4797 et
374 4745 456 4813 plene
480 4761 643 4814 expressum
665 4747 763 4802 habes.
1002 4801 1004 4808 ,

237 4818 272 4892 h)
299 4823 399 4878 Mirum
416 4832 461 4878 est
481 4824 618 4896 equidem,
642 4845 703 4882 cum
721 4834 764 4882 tot
782 4842 819 4880 ex
839 4825 954 4896 antique
968 4825 1117 4881 extiterint
1129 4824 1276 4895 scriptores
1291 4826 1518 4893 harmonicorum,

157 4904 285 4974 nuspiam
302 4919 389 4975 penes
410 4904 486 4976 ipsos
508 4921 652 4962 cucumere
673 4906 894 4965 observationem
916 4908 988 4963 bauo
1015 4909 1051 4962 ds
1072 4923 1185 4964 numero
1207 4907 1360 4964 sectionum
1382 4908 1520 4964 harmoni·
