3609 5634
292 361 335 432 60
880 355 1042 408 aaaron
1140 372 1147 388 ·

287 541 344 578 reso
363 525 475 590 Keplerl,
493 520 729 590 quaeProdromum
746 520 880 570 macuta
897 523 963 580 sunt,
982 531 1023 574 eu.
1040 530 1106 584 quae
1123 530 1154 568 ss
1171 516 1244 567 dous
1262 513 1422 566 rularu‘uibus
1439 516 1553 567 Μία
1568 513 1644 572 addis

288 599 381 655 dimus,
399 596 467 647 haud
484 595 552 661 parri
570 599 628 643 sunt
644 592 772 642 momenti.

357 668 424 730 Jam,
443 669 575 719 redeuntes
588 665 621 715 ad
632 663 838 718 Herwartum.
857 660 930 719 haee,
949 660 1124 712 concludentes
1141 660 1208 710 hanc
1225 658 1384 723 praefationis
1401 664 1506 722 partem,
1525 656 1646 708 addenda

287 743 434 793 mamimus.
470 741 579 791 Primum
597 736 660 785 adiit
676 734 813 799 Keplerum
830 732 983 791 Henartus,
1002 731 1179 797 chronologicis
1197 731 1284 782 studiis
1302 736 1451 794 occupatus,
1469 745 1513 794 per
1531 728 1643 779 christo·

287 814 389 878 phorom
407 813 610 877 Grienbergerunr
628 822 643 857 e
661 805 718 857 soe.
737 805 812 860 Jesu.
837 811 890 854 tum
908 804 1024 869 temporis
1042 803 1148 854 Grastiis
1172 803 1328 854 mamam
1344 802 1516 866 profitentem,
1541 806 1644 852 aestate

287 886 347 935 anni
366 871 704 941 lihi,1,ucanidicts1m
722 877 755 927 ad
773 884 867 927 certum
885 890 978 926 uuum
995 875 1086 926 referre
1105 877 1220 940 cupiens,
1247 890 1294 940 quo
1314 874 1446 933 ,Lucanus
1465 880 1578 924 recenset
1595 873 1642 922 ob·

288 957 451 1006 sanationem
470 951 671 1008 constellationis,
691 963 765 1015 quam
777 948 891 1014 Nigidius
904 947 1006 1013 figulus
1019 945 1212 999 Mathematicus
1230 953 1290 999 ante
1308 946 1398 997 bellurn
1412 945 1483 997 civile
1496 944 1524 995 C.
1537 944 1561 995 J.
1574 943 1643 996 Cae·

288 1029 366 1084 sads,
385 1027 423 1078 rel
442 1027 530 1077 sutem
548 1023 669 1088 Augusti,
690 1020 840 1071 essemus
861 1018 949 1082 (rerba
965 1016 1110 1081 Honesti).

362 1172 400 1222 ed
417 1172 484 1223 hanc
501 1173 671 1244 quaestionem
688 1170 815 1235 respoudit
831 1168 987 1233 Keplerus
1004 1169 1071 1220 huuc
1087 1169 1115 1218 in
1131 1168 1244 1219 modum:

379 1277 454 1342 Cum
478 1281 508 1342 iu
531 1282 587 1342 boc
609 1280 767 1359 dignitatis
792 1277 915 1357 fastigio
938 1276 1104 1340 collocatus
1134 1275 1324 1340 nihilominus
1351 1275 1505 1338 literarum
1528 1274 1642 1347 studia,

287 1369 446 1432 lectionem
469 1370 661 1432 historiarum
684 1377 717 1431 et
739 1368 911 1431 matheseos
934 1366 1135 1447 cognitionem
1157 1384 1250 1440 ames,
1275 1385 1333 1428 non
1357 1383 1479 1446 possum
1502 1363 1641 1443 equidem

287 1458 350 1534 tibi,
376 1459 433 1520 Vir
455 1460 523 1522 nob.
540 1467 572 1521 et
594 1459 693 1537 ampl..
719 1477 777 1519 non
800 1457 956 1538 gratulari,
979 1463 1084 1535 utpote
1107 1457 1154 1518 cui
1177 1455 1250 1517 nibil
1273 1453 1402 1517 omnium
1424 1472 1523 1516 rerum
1542 1452 1639 1524 deest,

287 1567 363 1629 quae
387 1549 435 1609 vel
458 1548 522 1627 ipse
545 1546 730 1610 Aristoteles
763 1546 791 1608 in
824 1565 879 1608 sua
911 1545 1066 1608 felicitatis
1092 1546 1162 1608 idea
1189 1543 1350 1606 desideret.
1397 1541 1464 1614 Quo
1488 1540 1641 1604 lubentius

287 1637 434 1699 desiderio
458 1646 519 1712 tuo,
544 1638 622 1719 quod
637 1636 732 1698 literis
747 1636 785 1697 ad
800 1635 838 1699 D.
854 1633 1106 1714 Grienbergerum
1129 1634 1210 1697 datis
1234 1641 1366 1695 testatus
1389 1653 1431 1708 es,
1456 1631 1635 1693 satisfacere

286 1727 442 1800 contendo,
465 1726 638 1807 propositae
653 1725 838 1807 quaestionis
853 1723 1052 1808 explicatione
1068 1725 1199 1805 scripta:
1223 1742 1282 1785 nou
1297 1723 1425 1803 quidem,
1451 1722 1528 1801 quod
1548 1721 1593 1783 ita
1608 1741 1637 1802 a

287 1815 402 1877 nemine
427 1834 516 1895 quam
539 1837 559 1877 a
581 1834 628 1877 me
651 1816 763 1878 rectius
785 1814 849 1876 fieri
871 1833 962 1893 posse
986 1832 1147 1893 sperarem,
1172 1813 1225 1876 sed
1244 1812 1314 1892 quia
1327 1811 1515 1874 occasionem
1530 1812 1636 1873 deme-

287 1905 371 1967 rendi
394 1904 464 1966 mibi
487 1905 567 1967 tanti
589 1904 663 1980 viri,
698 1904 783 1983 cujus
806 1903 877 1966 mihi
900 1922 984 1982 spem
1007 1903 1121 1966 faciunt
1142 1903 1212 1966 illae
1238 1901 1324 1982 ipsae
1355 1901 1480 1970 literae,
1513 1900 1636 1962 mirifice

289 1994 481 2056 deosculatus
504 2014 578 2056 sum.
612 1993 839 2056 Resolutionem
863 2000 964 2056 autem
987 1992 1083 2073 ipsam
1102 2011 1160 2054 non
1175 1991 1237 2053 alia
1250 1991 1357 2071 scripsi
1371 1990 1522 2066 methodo,
1547 2008 1636 2070 quam

286 2103 332 2158 ea,
357 2101 415 2163 qua
438 2090 530 2145 natae
553 2082 625 2145 mihi
648 2090 718 2145 sunt
740 2084 777 2145 de
799 2082 868 2163 ipsa
890 2082 1065 2162 quaestione
1088 2080 1302 2162 cogitationes:
1334 2099 1409 2160 quae
1437 2080 1534 2141 forma
1557 2078 1635 2142 scri·

285 2171 375 2234 bendi
399 2172 456 2234 etsi
480 2171 562 2234 rudis
586 2179 617 2235 et
639 2171 761 2252 indigna
784 2173 914 2235 fortasse
937 2177 1023 2234 tanto
1045 2173 1159 2234 lectore
1183 2178 1240 2243 est,
1263 2176 1364 2232 tamen
1383 2170 1421 2231 ob
1442 2168 1472 2229 id
1485 2167 1557 2229 mihi
1576 2187 1635 2247 po·

286 2259 433 2322 tissimum
458 2260 568 2335 arrisit,
592 2267 625 2322 ut
647 2280 701 2341 per
723 2280 790 2322 eam
812 2269 932 2342 pateret
954 2281 1020 2323 cum
1043 2261 1117 2324 fides
1139 2279 1207 2322 mea
1228 2260 1259 2321 in
1277 2260 1335 2320 hac
1354 2257 1552 2339 explicatione
1575 2257 1634 2319 ad-

285 2349 382 2412 hibita
404 2359 466 2412 tum
490 2350 652 2413 difficultas
674 2349 704 2412 in
729 2350 791 2412 alia
813 2350 1017 2430 confingenda
1060 2348 1176 2422 Quibus
1198 2349 1228 2410 in
1251 2347 1379 2430 pagellis
1403 2348 1429 2409 si
1452 2346 1522 2427 quid
1543 2366 1635 2429 repe-

285 2439 370 2514 reris,
395 2441 473 2521 quod
496 2440 625 2520 placeat,
649 2446 682 2501 et
704 2439 742 2502 ob
765 2440 843 2520 quod
865 2458 913 2502 me
936 2447 988 2501 tuo
1008 2438 1128 2519 dignum
1143 2440 1246 2501 favore
1260 2457 1395 2512 censeas,
1420 2437 1498 2517 quod
1521 2437 1635 2498 utinam

286 2548 343 2591 non
367 2529 453 2591 irrita
476 2530 548 2592 mihi
571 2529 751 2592 confidentia
777 2529 1007 2610 persuaderem,
1040 2529 1106 2609 ejus
1138 2528 1181 2590 rei
1208 2526 1458 2589 demonstrandae
1486 2526 1636 2605 geminam

286 2618 474 2681 occasionem
496 2637 563 2681 cum
586 2618 706 2699 optione
728 2637 880 2699 propono,
914 2625 949 2680 ut
972 2625 1025 2679 aut
1047 2637 1094 2680 me
1118 2617 1156 2679 D.
1179 2616 1336 2689 Ficklero,
1369 2615 1433 2678 viro
1457 2615 1633 2688 clarissimo,

286 2706 335 2788 qui
359 2707 622 2785 consanguinitate
644 2714 787 2787 parentes
802 2727 885 2770 meos
900 2706 1032 2786 attingit,
1057 2706 1256 2779 commendes,
1282 2713 1335 2768 aut
1356 2704 1635 2767 mathematicorum

284 2796 462 2858 vestratium
480 2796 595 2876 judicia
618 2797 655 2858 de
678 2814 745 2859 meo
768 2815 861 2876 nuper
883 2796 966 2858 edito
990 2794 1106 2870 libello,
1138 2813 1197 2858 nou
1230 2794 1324 2858 refert
1356 2813 1443 2875 quam
1467 2793 1538 2856 mibi
1560 2811 1634 2875 pro·

283 2883 369 2965 pitia,
394 2892 582 2965 extorqueas,
607 2893 697 2966 atque
721 2886 760 2947 ad
778 2905 826 2947 me
838 2884 964 2965 perferri
983 2885 1024 2957 (si
1038 2904 1097 2946 nou
1112 2893 1288 2965 arroganter
1301 2886 1387 2962 peto)
1401 2902 1454 2962 pro
1470 2883 1634 2944 autoritate

284 2982 338 3036 tua
355 2974 474 3054 jubeas.
521 2975 557 3036 Id
581 2994 670 3054 quam
691 2975 766 3036 meis
794 2974 883 3036 rebus
911 2974 1097 3054 profuturum
1129 2974 1188 3047 sit,
1221 2973 1420 3053 conjecturam
1444 2991 1482 3033 ex
1504 2971 1557 3032 illa
1580 2978 1633 3032 tua

285 3061 415 3143 epistola
438 3064 534 3142 capio,
559 3083 634 3144 quae
659 3063 734 3125 adeo
758 3063 936 3144 quibusdam
959 3081 996 3124 ex
1018 3083 1084 3125 meo
1099 3063 1278 3142 magistratu
1295 3062 1417 3142 placuit,
1441 3069 1475 3123 ut
1497 3060 1568 3122 nihil
1593 3060 1631 3120 ad

284 3170 380 3213 meum
409 3153 548 3214 honorem
581 3152 804 3220 convenientius
837 3153 973 3215 accidere
1005 3153 1141 3232 potuisse
1169 3151 1349 3213 existimem.
1396 3150 1475 3212 Vale
1498 3148 1575 3212 Nob.
1600 3155 1634 3210 et

284 3239 384 3318 Ampl.
400 3240 466 3312 Vir,
491 3240 571 3302 etsi
595 3241 664 3319 quid
688 3241 749 3303 dixi
771 3241 867 3304 minus
891 3243 956 3304 foro
976 3241 1240 3315 accommodatum,
1265 3239 1541 3301 mathematicorum
1563 3257 1631 3300 mo·

284 3328 365 3390 ribus
387 3329 533 3392 condona.
574 3328 612 3392 17
632 3327 716 3408 Sept.
745 3327 838 3395 1597.

653 3417 732 3481 Nob.
757 3428 788 3482 et
812 3420 912 3500 Ampl.
937 3418 972 3480 T.
1218 3417 1421 3479 deditissimus

1132 3506 1177 3570 Μ.
1201 3507 1362 3571 Johcarreo
1382 3503 1510 3588 Kepler.

996 3595 1042 3657 ill.
1067 3593 1189 3675 Styriae
1211 3615 1366 3676 procerum
1389 3595 1632 3659 Mathematicus.

353 3768 410 3818 Hae
440 3768 542 3837 Kepleri
567 3772 654 3823 literae
689 3774 779 3826 desunt
806 3777 831 3825 iu
858 3773 1001 3824 collectione
1033 3771 1230 3837 Petropolitanar
1265 3773 1426 3823 desumsimus
1454 3786 1497 3822 eas
1529 3789 1543 3825 e
1572 3773 1633 3824 libro

284 3841 310 3891 F.
332 3839 434 3890 Paula
458 3840 493 3891 de
523 3842 680 3901 Schranlr,
708 3863 780 3912 quem
807 3847 946 3909 inscripsit:
974 3844 1118 3909 Sammlung
1142 3844 1298 3894 naturbistor.
1327 3860 1351 3894 u.
1383 3844 1477 3909 physilr.
1505 3846 1633 3895 Aufsttae.

284 3911 367 3962 Norib.
383 3908 460 3967 iret,
477 3914 503 3962 in
522 3929 568 3978 quo
587 3915 633 3965 has
651 3931 706 3967 cum
725 3919 801 3968 trihus
820 3923 938 3980 sequente
957 3930 1021 3965 anno
1040 3916 1072 3965 ad
1089 3915 1244 3966 Herwartnm
1262 3916 1358 3979 scriptis
1376 3916 1451 3965 literis
1469 3916 1570 3980 Kepleri
1587 3918 1632 3966 irn-

220 4001 224 4008 ·
284 3982 422 4047 primendas
441 3987 547 4042 curarit,
567 3986 691 4037 desumtas
710 4004 724 4039 e
742 3989 914 4051 manuscriptis
932 3986 1054 4037 Hervarti
1071 3988 1097 4037 in
1115 3987 1263 4036 bibliotheca
1275 3985 1463 4037 Landshutiana
1482 3985 1559 4049 (nunc
1577 3987 1632 4037 alo-

283 4051 379 4116 nachii)
400 4059 556 4106 conservatis.
595 4058 665 4119 Quae
684 4060 780 4111 addidit
796 4059 919 4122 Keplerus
938 4058 984 4107 illis
1002 4058 1093 4113 literis,
1112 4060 1232 4120 separetis
1251 4061 1389 4122 conscripta
1406 4059 1469 4108 foliis
1486 4059 1559 4123 plane
1577 4075 1632 4122 per·

283 4127 364 4176 tinent
390 4126 423 4175 ad
450 4130 619 4191 quaestionem
646 4132 678 4181 ab
701 4132 830 4182 Herwarto
852 4131 1017 4194 propositam,
1036 4144 1112 4193 qnare
1130 4129 1170 4180 hic
1189 4130 1326 4180 omittenda
1344 4131 1387 4180 illa
1405 4145 1541 4181 censemus.
1577 4131 1633 4181 Hoc

284 4203 381 4248 tantum
399 4197 509 4248 addimus
527 4203 686 4264 respicientes
705 4204 737 4252 ad
756 4201 937 4253 conclusionem
955 4202 1080 4250 literarum
1098 4200 1217 4265 Kepleri,
1245 4200 1380 4265 Keplerum
1403 4210 1535 4264 cognatum
1558 4202 1633 4252 inisse

283 4269 322 4318 Jo.
347 4268 421 4318 Micb.
445 4270 572 4332 ficklero,
601 4273 650 4322 filio
677 4273 716 4324 Jo.
745 4274 850 4324 fickleri
876 4272 1006 4329 Wilensis,
1039 4275 1108 4334 culus
1139 4279 1219 4323 mater
1249 4287 1316 4322 soror
1341 4273 1388 4322 fuit
1411 4273 1521 4330 Mirlleri,
1549 4275 1634 4337 proavi

284 4340 393 4404 Kepleri.
440 4341 479 4392 Jo.
510 4342 586 4393 Mich.
619 4345 759 4402 riselam,
788 4359 896 4394 assessor
926 4358 1040 4394 camerae
1071 4343 1203 4408 Spirensis,
1240 4343 1356 4394 fundator
1385 4344 1498 4408 stipendii
1535 4344 1633 4395 Fickle·

283 4413 361 4472 rlani,
389 4426 435 4476 quo
461 4413 564 4476 posthac
582 4416 707 4467 fruebatur
729 4417 829 4479 Kepleri
853 4415 917 4463 filins
935 4415 1090 4472 Ludoricus,
1114 4416 1221 4465 decessit
1244 4429 1309 4465 anno
1331 4413 1405 4466 1587.
1443 4414 1498 4464 Joh.
1518 4415 1634 4479 Baptista

284 4483 418 4542 ficklerus,
436 4499 508 4549 quern
526 4501 601 4549 supra
618 4488 740 4552 Keplerns
759 4489 827 4544 dicit,
846 4487 922 4536 frater
941 4491 994 4535 erat
1012 4488 1064 4535 sine
1083 4486 1155 4536 dubio
1173 4487 1246 4542 illius,
1265 4488 1338 4536 theol.
1353 4494 1378 4537 et
1388 4487 1516 4551 jurisprud.
1530 4486 1632 4546 Doctor,

285 4553 397 4604 electoris
423 4554 585 4607 Maximiliani
609 4558 628 4608 1.
656 4565 821 4623 praeceptor,
847 4558 997 4607 consiliarius
1025 4564 1051 4606 et
1072 4558 1252 4622 protonotarius
1280 4558 1478 4624 salisburgensis.
1499 4583 1531 4593 —
1551 4556 1634 4607 Prima

285 4625 440 4688 epistolarum
462 4627 634 4688 flerwarti,
663 4646 726 4694 quae
751 4632 834 4680 insunt
859 4629 937 4680 ecdici
955 4628 1155 4692 Petropolitano,
1184 4629 1245 4677 dats
1266 4629 1393 4679 Monachii
1416 4630 1440 4678 d.
1460 4627 1494 4677 24
1513 4628 1569 4679 Oct.
1588 4626 1632 4686 97,

206 4743 209 4750 ,
284 4695 349 4744 haec
372 4697 460 4748 habet:
488 4698 574 4750 Salute
597 4707 622 4751 et
638 4701 772 4752 officiorum
794 4701 975 4764 studiorumque
1000 4699 1122 4750 oblatione
1149 4702 1288 4763 praemissis
1324 4704 1451 4751 certiorem
1478 4706 1504 4749 te
1531 4700 1633 4750 reddere

285 4765 358 4822 volui.
370 4767 421 4887 digis
437 4769 596 4855 Doctissime,
621 4773 705 4824 literas
722 4790 761 4823 me
780 4781 835 4823 tuas
856 4771 896 4822 17.
916 4772 984 4836 Sept
1003 4771 1076 4821 datae
1093 4773 1156 4821 bene
1174 4771 1289 4834 quidem,
1316 4779 1427 4822 attamen
1448 4772 1565 4822 hesterna
1588 4771 1631 4821 de·

286 4851 712 4981 mumhazt’alircaoefbimseummopera
732 4929 803 4975 cum,
822 4916 868 4965 nisi
886 4929 926 4964 me
944 4914 1039 4963 animus
1057 4911 1131 4977 plane
1148 4911 1233 4970 fallat,
1251 4914 1427 4978 perspexerim,
1455 4914 1499 4963 tihi
1524 4912 1589 4963 haec
1607 4919 1633 4966 at
