3609 5634
728 349 815 393 oontn
832 343 930 394 Ursum.
1387 369 1390 384 ‹
1441 347 1505 413 257

104 510 163 554 nec
192 492 310 574 ipsum
342 507 468 580 potest.
514 500 594 563 Nam
622 500 667 564 sic
695 501 815 582 quidem
843 497 970 582 planeta
997 502 1191 583 retrogradus
1220 503 1319 581 tieret,
1353 513 1388 568 at
1419 507 1505 570 simul

105 580 325 650 latitudinem
366 590 529 671 aequalem
560 591 696 653 efficeret
726 591 990 673 retrogradatioui.
1043 591 1109 655 Nec
1139 591 1264 654 tertium
1292 613 1360 656 esse
1392 603 1505 675 potest.

103 670 192 734 Nam
221 674 378 753 planeta
405 679 435 740 in
464 678 559 741 latum
580 681 740 742 veheretur
763 680 808 742 cis
838 689 870 741 et
891 681 972 743 ultra
995 682 1175 760 eclipticam.
1222 681 1257 742 In
1285 681 1332 745 his
1356 684 1506 764 angustiis

106 760 205 861 aliter
232 771 399 830 statuere
422 786 482 830 non
501 786 638 848 possum,
664 787 753 850 quam
778 770 857 851 quod
880 778 935 832 aut
956 770 1142 832 Aristoteles
1166 768 1206 832 ad
1227 768 1347 834 Eudoxi
1369 772 1507 835 delinea-

105 861 232 912 nonem
265 857 470 936 respiciens,
503 858 554 937 qui
582 858 693 920 lineam
726 878 764 920 ex
786 859 881 921 Terra
907 876 969 939 per·
991 867 1097 921 centra
1120 858 1320 939 epicyclorum
1348 861 1505 938 educebat,

104 939 199 1003 illam
231 961 341 1006 axem
370 946 518 1026 sphaerae
548 965 602 1009 seu
626 947 752 1028 epicycli
771 947 1008 1023 existimaverit,
1041 948 1168 1028 ideoque
1196 947 1282 1027 polos
1306 948 1360 1011 illa
1382 959 1504 1029 puncta,

106 1029 228 1108 quibus
256 1032 357 1096 linea
381 1036 546 1115 epicyclum
565 1038 706 1111 secahat3
730 1043 783 1098 aut
797 1043 889 1112 certe,
915 1037 985 1116 quia
1007 1038 1123 1099 ratione
1140 1036 1241 1117 optica
1264 1038 1325 1099 tale
1341 1038 1504 1118 episphae-

108 1117 181 1182 riou
208 1119 246 1183 in
269 1121 371 1202 justo
395 1124 457 1186 situ
479 1124 519 1186 ad
542 1125 663 1204 planum
687 1125 846 1205 eclipticas
860 1125 937 1187 visui
951 1125 1240 1206 perpendiculariter
1255 1125 1407 1206 objectum
1422 1128 1504 1209 pingi

109 1209 242 1289 nequit,
278 1213 364 1291 quin
385 1213 449 1292 poli
472 1222 505 1275 et
527 1222 663 1277 centrum
693 1215 827 1295 adeoque
860 1222 944 1277 totus
968 1215 1034 1276 axis
1049 1216 1087 1280 iu
1111 1211 1200 1278 unum
1222 1224 1366 1296 punctum
1390 1217 1504 1280 coinci-

112 1297 204 1373 dant,
233 1298 316 1380 ipse
346 1302 440 1364 etiam
453 1303 640 1365 Aristoteles
664 1312 769 1365 centm
791 1312 824 1364 et
845 1303 933 1383 polos
956 1304 1135 1378 contuderit,
1158 1323 1225 1366 cum
1243 1304 1370 1377 videret,
1395 1305 1505 1368 lineam

112 1406 155 1448 ex
180 1388 293 1451 Terra
326 1410 386 1471 per
413 1391 539 1474 epicycli
568 1402 704 1455 centrum
731 1402 832 1455 actam
860 1393 890 1455 in
919 1393 1089 1473 eclipticam
1116 1393 1193 1456 duci.
1239 1394 1346 1475 Itaque
1380 1395 1503 1472 iactum,

113 1483 151 1538 ut
176 1477 405 1556 existimaret,
430 1490 544 1543 motum
567 1481 717 1561 sphaerae
741 1484 790 1555 (ut
812 1483 840 1544 is
863 1483 1030 1564 epicyclum
1053 1483 1202 1563 appellat)
1226 1501 1294 1544 esse
1318 1482 1399 1546 circa
1420 1484 1505 1546 illam

116 1565 248 1629 lineam
304 1569 506 1632 Necessitate
529 1571 631 1650 itaque
655 1571 757 1634 adacti
782 1571 838 1633 hoc
861 1572 898 1633 de
914 1572 1082 1633 Aristotele
1106 1570 1299 1650 suspicemur,
1325 1579 1357 1634 et
1380 1572 1424 1633 sic
1448 1591 1504 1633 ex-

116 1654 282 1734 plicemus
310 1656 484 1729 Eudoxum,
508 1659 617 1722 tertiae
640 1660 791 1740 sphaerae
815 1661 908 1740 (quae
923 1659 1075 1744 epicyclus
1094 1659 1185 1723 fuerit
1207 1678 1270 1733 seu,
1296 1666 1331 1721 ut
1343 1660 1505 1722 Aristoteli
1540 1707 1546 1712 -

118 1745 331 1825 placeamus,
356 1747 591 1828 episphaerium)
616 1757 750 1812 centrum
774 1758 807 1810 et
839 1751 960 1830 planum
987 1749 1117 1810 medium
1147 1747 1177 1809 in
1200 1748 1322 1828 planum
1346 1749 1505 1830 eclipticas

122 1836 356 1915 competisse,
388 1845 423 1899 ut
445 1837 542 1899 lineae
566 1856 604 1899 ex
626 1838 723 1900 Terra
744 1856 799 1918 per
822 1847 957 1900 centrum
986 1837 1074 1917 huius
1098 1836 1223 1918 epicycli
1248 1838 1363 1918 ejectae
1386 1837 1416 1899 iu
1440 1838 1506 1900 sin-

124 1923 208 2001 gulis
238 1925 387 2004 planetis
417 1925 554 2006 singulae
579 1926 704 2001 iueriut,
739 1927 769 1989 in
800 1926 825 2000 Ω
854 1945 925 1988 vero
953 1928 1030 2004 etti
1058 1926 1253 1988 coinciderint
1281 1933 1313 1987 et
1339 1946 1399 1988 una
1426 1926 1507 1989 linea

128 2013 263 2076 fuerint.
319 2015 355 2076 Iu
378 2013 435 2077 hac
459 2017 529 2078 v'ero
552 2015 644 2078 tertia
667 2015 747 2079 aliud
771 2015 993 2096 episphaerium
1007 2016 1101 2076 fuisse
1115 2016 1322 2090 coustitutum,
1348 2017 1431 2095 cujus
1445 2015 1508 2096 poli

128 2122 147 2162 a
176 2103 268 2182 polis
302 2102 416 2166 tertiae
444 2104 625 2167 declinarint
656 2113 741 2167 tanto
770 2105 885 2185 spatio,
920 2111 1063 2185 quantum
1086 2104 1257 2167 sufficiehat
1285 2104 1506 2168 latitudinibus.

128 2189 173 2252 Et
204 2192 318 2272 quarti
348 2191 467 2273 quidem
496 2201 579 2256 motu
609 2194 641 2255 in
669 2195 885 2274 consequentia
910 2193 1065 2273 planetam
1096 2201 1129 2255 et
1157 2194 1187 2254 in
1218 2194 1312 2255 latum
1335 2192 1452 2273 digredi
1475 2201 1508 2254 et

130 2282 360 2361 retrogradum
383 2282 413 2344 in
437 2282 497 2345 imo
521 2282 646 2364 epicycli
669 2283 745 2357 lieri,
779 2283 861 2345 tertii
884 2300 956 2344 vero
980 2290 1063 2344 motu
1085 2281 1117 2343 id
1140 2281 1232 2355 effici,
1262 2290 1298 2344 ut
1318 2282 1445 2362 planeta
1467 2282 1509 2345 sit

133 2367 164 2429 in
189 2369 334 2434 maxima
357 2370 535 2446 latitudine,
559 2372 626 2451 jam
648 2371 728 2452 apud
751 2370 868 2446 Solem,
892 2372 957 2452 jam
980 2371 1011 2434 in
1034 2371 1100 2451 ejus
1123 2371 1278 2452 opposito,
1297 2371 1362 2451 jam
1384 2371 1416 2432 iu
1439 2380 1507 2433 sta-

134 2457 280 2522 tionibus
305 2460 360 2523 dcc.

232 2547 382 2629 Sequitur
403 2547 434 2610 in
448 2548 632 2611 Aristotele:
657 2545 825 2629 „Calippus
849 2553 950 2610 autem
973 2545 1154 2628 positionem
1177 2546 1296 2628 quidem
1311 2547 1507 2628 sphaerarum

138 2638 277 2701 eandem
300 2656 367 2699 cum
389 2635 517 2699 Eudoxo
539 2638 650 2717 posuit,
675 2646 738 2699 turn
761 2646 794 2699 et
817 2637 979 2699 intervalla
1001 2636 1121 2698 eadem:
1150 2654 1239 2715 porro
1263 2636 1301 2706 ei,
1325 2655 1402 2717 quae
1420 2635 1507 2699 Jovis

140 2733 174 2787 et
206 2745 291 2807 quae
319 2725 458 2799 Saturni,
491 2727 618 2789 eandem
646 2725 841 2805 sphaeramm
872 2724 1095 2788 multitudinem
1126 2724 1358 2805 (quantitatem)
1391 2725 1508 2788 dedit.“

142 2815 179 2876 In
203 2811 226 2894 ij
252 2823 287 2878 et
308 2815 339 2890 ll
361 2814 482 2896 penitus
505 2815 579 2878 nihil
603 2814 739 2890 mutavit,
764 2835 834 2878 uam
858 2815 1092 2895 inaequalitates
1111 2832 1213 2877 eorum
1236 2834 1330 2877 causa
1352 2816 1399 2876 sui
1414 2816 1506 2891 orbis,

141 2905 411 2984 propter'tardum
434 2923 536 2966 eorum
557 2904 696 2980 reditum,
721 2923 777 2966 nec
799 2903 865 2986 ips'e
889 2904 1018 2984 quidem,
1043 2904 1178 2985 quamvis
1201 2903 1388 2984 professione
1403 2913 1507 2965 astro-

144 3010 265 3069 nomus,
292 2994 532 3056 mimadvertere
554 3001 685 3074 poterat.
732 2992 821 3069 „Soli
843 3011 916 3055 vero
938 3002 970 3055 et
988 2994 1093 3055 Lunae
1117 2991 1192 3056 duas
1215 2992 1338 3072 iusuper
1360 2992 1505 3073 adjicien·

145 3081 204 3145 das
229 3082 432 3158 existimavit,
457 3081 483 3143 si
506 3083 572 3162 quis
595 3088 754 3162 praestare
777 3083 881 3157 dehet,
907 3101 983 3163 quae
1007 3088 1172 3162 apparent:
1197 3081 1320 3162 reliquis
1343 3101 1414 3144 vero
1436 3083 1507 3163 pla·
1534 3075 1539 3086 ’

147 3172 230 3236 netis
254 3172 412 3252 unicuique
435 3171 559 3235 unam.“
605 3170 750 3252 Galippus
774 3192 833 3233 uon
856 3170 1100 3253 philosophorum
1128 3170 1218 3234 alicui
1241 3180 1344 3233 sectae
1368 3171 1508 3234 addictus

148 3260 224 3333 (non
249 3269 422 3324 recensetur
446 3260 525 3323 enim
548 3281 567 3322 a
589 3261 716 3323 Laertio
739 3261 819 3324 iuter
840 3261 1066 3343 philosophos),
1096 3262 1151 3323 sed
1178 3268 1213 3323 ut
1236 3260 1298 3323 dixi
1321 3261 1507 3341 professione

149 3359 358 3426 mhonomus,
388 3349 591 3412 astronomica
622 3350 769 3413 tractavit
797 3369 891 3431 eaque
920 3349 1091 3412 accuratius
1120 3368 1208 3431 quam
1231 3349 1375 3411 Eudoxus
1407 3350 1509 3429 philo-

150 3442 281 3521 sophus,
311 3457 458 3520 quaerens
482 3438 711 3502 concinnitates.
758 3440 986 3502 Animadvertit
1012 3438 1104 3519 igitur
1126 3437 1338 3501 observatione
1361 3437 1507 3518 diligenti,

152 3524 208 3606 Θ,
231 3533 272 3604 d,
296 3536 338 3605 d,
362 3527 440 3606 SM
472 3528 574 3608 plures
596 3528 965 3609 inesse‘inaequalitates,
991 3545 1079 3609 quam
1092 3526 1212 3589 Eudoxi
1235 3527 1335 3588 iemut
1356 3526 1508 3607 hypothe-
1622 3573 1629 3594 .

109 3693 115 3706 ι
150 3635 216 3681 ses:
241 3636 309 3681 eam
332 3636 375 3680 sc.
400 3636 476 3697 quae
499 3625 668 3696 respectum
692 3617 786 3680 habet
813 3618 850 3679 ad
871 3624 976 3697 partes
998 3616 1123 3690 zodiaci,
1149 3634 1238 3696 quam
1252 3615 1509 3704 eccentricitatem

152 3706 287 3770 dicimus.
332 3707 440 3787 ltaque
469 3706 572 3768 orbem
600 3725 688 3769 unum
715 3706 843 3786 singulis
870 3705 1004 3780 addidit,
1033 3704 1083 3785 qui
1113 3713 1211 3767 utrum
1240 3702 1391 3785 epicyclus
1420 3703 1510 3766 fuerit

152 3816 191 3859 an
215 3798 354 3860 deterens
377 3795 576 3857 eccentricum
595 3796 767 3876 (auumque
791 3795 870 3857 enim
892 3793 956 3855 deri
979 3792 1092 3874 potnit,
1122 3792 1219 3872 magis
1250 3801 1352 3855 tamen
1376 3793 1447 3868 hoc)
1471 3811 1510 3855 ex

27 3927 30 3940 ·
151 3884 199 3949 his
221 3885 322 3949 verbis
345 3884 465 3947 decerni
487 3883 600 3964 nequit

240 3975 299 4038 Hic
327 3973 419 4054 igitur
446 3973 641 4053 incongruam
664 3974 883 4035 Fracastoreus
917 3972 1005 4035 affert
1032 3968 1328 4052 interpretationem
1355 3969 1451 4051 primo
1477 3970 1509 4032 iu

153 4061 224 4127 Sole
248 4072 280 4127 et
302 4065 401 4136 Luna,
426 4062 479 4137 ait,
504 4061 591 4124 binos
614 4062 752 4142 utrinque
777 4061 898 4124 additos
923 4081 942 4123 a
965 4059 1103 4141 Calippo,
1128 4060 1271 4141 quisunt
1294 4057 1413 4139 singoli,
1438 4078 1509 4120 eos-

154 4173 209 4235 que
235 4154 279 4215 sic
302 4159 503 4232 comparatos,
528 4158 562 4212 ut
584 4151 761 4214 tarditatem
784 4159 816 4213 et
838 4151 1043 4225 velocitatem,
1068 4169 1143 4231 quae
1166 4148 1196 4210 in
1220 4157 1346 4228 utroque
1370 4155 1538 4227 apparet„

154 4261 300 4324 quamque
331 4241 481 4322 positione
513 4239 750 4303 eccentricitatis
780 4259 835 4302 nos
867 4239 1027 4315 efficimus,
1061 4237 1217 4299 inveheret
1249 4236 1444 4298 luminaribus
1478 4243 1511 4297 et

155 4332 273 4394 ordinet
295 4331 441 4411 sphaeras
464 4329 503 4390 ad
527 4329 647 4391 modum
675 4328 934 4390 homocentromm
955 4346 1084 4391 suorum.
1133 4322 1228 4396 Quasi
1248 4325 1336 4387 modo
1356 4334 1423 4386 ‚tam
1446 4325 1508 4386 dii·
1580 4363 1583 4370 ,

154 4421 221 4484 ticili
245 4420 356 4483 inerint
378 4418 423 4481 usi
445 4426 576 4493 veteres,
601 4419 686 4499 isque
710 4415 830 4479 silentio
854 4438 873 4479 a
895 4415 1110 4478 recentioribus
1134 4413 1225 4476 luerit
1248 4414 1395 4493 sepultus.
1441 4413 1508 4474 Ve-

33 4537 35 4570 ι
154 4529 217 4572 mm
240 4517 299 4584 est,
321 4509 410 4570 orbes
432 4507 488 4569 hos
511 4526 580 4574 esse
603 4515 727 4587 propter
750 4504 1017 4579 eccentricitatem‚
1043 4504 1096 4565 sed
1112 4502 1220 4583 singuli
1244 4500 1403 4577 sufficiunt,
1429 4500 1509 4583 quod

34 4603 35 4626 ¹
154 4600 272 4662 videtur
300 4599 462 4676 desperare
484 4597 719 4672 lhacastoreus,
751 4595 862 4675 singuli
886 4613 930 4656 sc.
955 4592 1081 4676 epicycli
1109 4598 1162 4653 aut
1189 4590 1302 4653 cirtelli
1330 4590 1410 4653 circa
1433 4611 1507 4654 cen·

154 4697 242 4764 mum,
266 4687 293 4751 si
315 4685 404 4750 simul
426 4703 618 4765 progressum
633 4702 842 4763 apogaeomm.
855 4683 975 4745 efficere
988 4682 1134 4746 Eudoxus
1147 4679 1252 4742 voluit.
1295 4679 1359 4742 Nec
1378 4680 1416 4741 de
1430 4680 1508 4743 binis
1563 4733 1565 4736 .

155 4777 299 4857 trinisque
326 4772 506 4839 Aristotelis
532 4774 628 4837 verba
658 4780 778 4837 sonant.
827 4772 945 4835 Deinde
978 4771 1063 4833 illum
1094 4770 1125 4831 in
1153 4768 1262 4832 ceteris
1289 4768 1508 4832 lhacastoreus

154 4874 241 4949 putat
263 4865 409 4939 additum,
432 4871 556 4945 propter
578 4882 681 4929 earum
704 4865 743 4927 ab
766 4870 930 4946 aequatore
953 4858 1194 4935 declinationem,
1219 4858 1259 4920 ad
1276 4876 1411 4921 normam
1425 4858 1508 4923 Solis

205 4968 407 5023 nasama
1263 4960 1297 5016 rt
