3609 5634
689 1336 724 1454 J
725 1334 933 1455 OANNlS
969 1334 1210 1451 KEPLERI

496 1560 738 1658 luouoon
766 1563 995 1659 rvcuonrs
1022 1562 1206 1657 conum
1237 1561 1399 1655 ossen

615 2048 684 2121 An
711 2046 969 2122 merom
995 2044 1290 2120 remano.

360 2220 467 2282 Edidit
500 2228 570 2283 ante
604 2223 763 2285 triennium
795 2222 975 2285 Nicolans
999 2223 1132 2298 Ursus,
1167 2219 1337 2285 Caesareae
1361 2219 1537 2301 Majestatis
1561 2219 1630 2280 dum

271 2308 387 2371 viveret
419 2310 669 2384 mathematicus,
701 2311 835 2373 libellum
863 2310 900 2371 de
924 2310 1151 2392 Hypothesibus
1179 2309 1398 2379 astronomicis,
1431 2310 1540 2389 inquo
1563 2328 1629 2370 oum

269 2397 426 2459 historiam
450 2399 833 2481 texuissethypothesium
857 2399 1038 2479 tandemque
1063 2399 1102 2460 ad
1121 2398 1296 2460 Helisaeum
1315 2396 1501 2471 Roeslinum,
1526 2396 1628 2458 Medi-

270 2485 356 2546 cinae
380 2485 557 2561 Ductorem,
592 2489 720 2550 amicum
747 2507 845 2549 meum
873 2487 1057 2567 singularem
1087 2486 1274 2555 devenisset,
1309 2496 1341 2548 et
1368 2486 1406 2547 ad
1438 2486 1627 2547 refutandam

267 2574 334 2654 ejus
358 2573 537 2654 opinionem,
563 2577 695 2639 adducta
718 2577 845 2655 quadam
868 2575 1004 2637 Euclidis
1028 2575 1246 2656 propositione,
1278 2576 1425 2636 rationem
1450 2574 1627 2636 tradidisset

270 2682 309 2723 ex
332 2662 504 2724 dedomeuis
533 2665 713 2727 necessariis
740 2663 925 2745 geometrica
951 2664 1092 2726 methodo
1121 2664 1356 2743 planetariorum
1380 2662 1494 2725 orbium
1519 2662 1627 2742 ampli-

270 2750 390 2813 tudines
422 2749 596 2815 dimetiendi
631 2755 708 2827 (rem
746 2753 850 2815 tritam
884 2753 964 2832 apud
993 2755 1212 2827 astronomos),
1247 2751 1417 2831 subjunxit,
1451 2771 1489 2812 ex
1520 2751 1628 2814 iisdem

271 2839 473 2901 fundamentis
496 2840 588 2903 etiam
613 2841 777 2903 examinari
800 2860 891 2921 posse
914 2860 984 2902 mea
1006 2840 1130 2922 placita,
1155 2859 1231 2921 quae
1251 2858 1328 2902 anno
1348 2840 1445 2920 priore
1470 2840 1524 2901 snb
1540 2839 1626 2901 titulo
1667 2832 1673 2841 ’

268 2926 408 3009 Mysterii
432 2925 679 3011 cosmographici
707 2929 817 3011 publici
837 2930 915 3009 juris
938 2931 1084 3001 leceram;
1122 2947 1217 3009 eaque
1250 2929 1408 2991 occasione
1437 2936 1528 3008 capta
1561 2929 1627 3008 epi-

269 3016 379 3078 stolam
403 3018 562 3097 quandam,
588 3038 647 3098 qua
670 3015 789 3079 biennio
814 3027 884 3078 aute
911 3036 1000 3096 super
1023 3017 1195 3080 inventione
1210 3036 1277 3080 mea
1296 3018 1392 3098 ipsum
1408 3018 1626 3092 consulueram,

270 3103 370 3165 libello
395 3124 448 3166 suo
470 3104 606 3168 insemit
651 3100 964 3186 Pessimam'quidem
987 3105 1044 3167 hoc
1068 3106 1184 3168 nomine
1208 3105 1339 3186 gratiam
1363 3106 1442 3184 apud
1465 3125 1513 3167 me
1530 3106 1627 3168 Ursus

269 3191 345 3253 iniit.
392 3190 590 3272 Scripseram,
616 3202 720 3274 utpote
743 3194 851 3271 viginti
875 3195 966 3256 trium
993 3212 1137 3256 annorum
1160 3195 1290 3274 juvenis,
1315 3194 1434 3256 minime
1458 3214 1530 3255 sane
1554 3213 1626 3273 gra·

268 3279 356 3340 viter.
402 3280 483 3341 Nam
506 3282 589 3342 etin
612 3282 692 3345 Urso
715 3282 864 3343 laudando
889 3290 921 3342 et
942 3284 972 3345 iu
996 3302 1043 3344 me
1067 3282 1111 3344 illi
1134 3281 1320 3361 subjiciendo
1345 3282 1464 3344 modum
1488 3283 1624 3363 utrinque

269 3368 394 3429 multum
417 3366 546 3431 excessi.
593 3367 808 3433 Securissimus
837 3370 918 3431 euim
940 3371 977 3432 de
1000 3372 1057 3433 hoc
1081 3379 1190 3432 eventu
1219 3372 1249 3433 id
1273 3371 1383 3433 saltem
1407 3371 1559 3450 spectavi,
1593 3377 1627 3432 ut

269 3473 445 3535 responsum
466 3456 669 3537 impetrarem.
714 3458 757 3521 Et
779 3458 816 3521 iis
839 3459 992 3521 serebatur
1015 3480 1083 3521 esse
1106 3459 1239 3522 moribus
1263 3460 1375 3532 Ursus,
1404 3467 1438 3522 ut
1460 3459 1509 3521 his
1533 3458 1625 3520 armis

269 3561 344 3623 opus
363 3551 446 3607 esset
469 3546 508 3607 ad
530 3548 761 3627 expugnandum
784 3548 849 3626 ejus
873 3548 1034 3609 silentium.
1080 3548 1125 3609 At
1152 3548 1178 3610 si
1203 3547 1308 3627 quibus
1324 3548 1370 3609 de
1392 3549 1535 3610 instituto
1558 3566 1625 3608 meo

269 3650 328 3692 nou
361 3642 496 3710 constat,
529 3635 550 3696 ii
583 3636 655 3698 mihi
683 3637 790 3698 merito
818 3636 1051 3711 succensebunt,
1086 3637 1164 3716 quod
1192 3637 1358 3698 immodicis
1387 3636 1459 3698 Ursi
1485 3635 1626 3698 laudibus

270 3720 408 3799 injuriam
423 3721 526 3784 multis
540 3724 569 3786 in
584 3723 707 3807 Europa
721 3724 905 3786 doctissimis
920 3724 1141 3786 mathematicis
1162 3724 1299 3800 fecerim3
1322 3724 1509 3788 mirabuntur
1522 3725 1624 3800 etiam,

270 3807 319 3888 qni
347 3827 394 3869 me
426 3810 548 3890 propius
576 3822 697 3887 norunt,
731 3832 777 3874 me
807 3831 861 3892 pro
885 3813 1048 3875 Maestlino
1071 3814 1180 3876 Ursum
1209 3821 1436 3893 praeceptorem
1460 3814 1623 3888 celebrare,

269 3895 372 3976 illique
404 3899 622 3961 transscribere
646 3901 701 3962 hoe
725 3903 900 3981 quantulum
934 3909 983 3962 est
1004 3901 1184 3980 cognitionis
1215 3902 1243 3964 in
1268 3903 1504 3975 mathematicis,
1537 3920 1624 3982 quem

269 3991 369 4045 tamen
393 3985 450 4047 nisi
473 3986 503 4047 in
517 3987 744 4062 „Fundamento
759 4009 813 4052 suo
828 3989 1052 4052 astronomico“
1075 3990 1245 4069 loquentem
1269 4009 1419 4071 uunquam
1442 3990 1623 4061 audiveram,

269 4080 419 4155 nunquam
442 4073 585 4138 videram.
633 4075 696 4138 Sed
718 4078 793 4140 haec
817 4078 913 4140 adhuc
937 4078 1017 4138 levia
1039 4077 1134 4138 videri
1156 4088 1298 4158 possuut;
1330 4080 1470 4157 graviora
1492 4097 1623 4157 sequun-

268 4168 327 4223 tur.
374 4162 453 4224 Nam
477 4163 535 4225 etsi
558 4164 655 4228 Ursus
677 4164 818 4229 honorem
843 4185 939 4228 meum
964 4165 1063 4244 egisse
1086 4165 1181 4229 videri
1206 4167 1271 4229 vult
1293 4167 1448 4247 publicata
1470 4186 1538 4228 mea
1557 4167 1623 4246 epi-

267 4249 358 4324 stola,
383 4252 450 4313 dum
475 4270 541 4314 eam
568 4253 634 4316 luce
658 4254 779 4333 dignam
802 4255 974 4336 praedicat:
999 4262 1100 4315 tamen
1115 4256 1184 4335 quid
1209 4256 1401 4335 quaesiverit,
1428 4275 1487 4317 uon
1512 4255 1623 4316 obscu-

268 4356 332 4399 rum
355 4339 487 4421 reliquit.
514 4372 555 4382 -
584 4342 715 4404 Primum
738 4343 769 4405 iu
792 4344 881 4405 titulo
906 4342 1000 4405 libelli
1022 4342 1124 4405 Nobili
1153 4351 1184 4405 et
1207 4345 1321 4405 illustri
1340 4343 1468 4406 Domino
1490 4342 1623 4426 Tychoui

268 4426 369 4488 Braho
388 4427 486 4503 Dauo,
510 4428 638 4493 Domino
656 4431 688 4493 iu
702 4430 898 4511 Kuudstorpp
923 4439 954 4493 et
967 4431 1141 4512 Urauiburg
1156 4433 1230 4506 hc,
1254 4433 1466 4512 hypothesium
1480 4451 1624 4495 novarum

269 4514 472 4578 inventionem
499 4518 646 4599 praeripit
671 4537 794 4600 eamque
823 4519 880 4582 sibi
909 4515 1082 4599 arrogat.⁸)
1127 4520 1252 4582 Putavit
1279 4522 1379 4600 itaque
1412 4523 1469 4583 hac
1496 4522 1625 4601 epistola

269 4620 352 4678 mea,
380 4604 410 4664 in
434 4623 494 4683 qua
516 4605 591 4668 baec
614 4615 686 4669 suut
713 4608 821 4670 verba:
848 4608 1061 4691 „Hypotheses
1088 4615 1158 4671 tuas
1189 4610 1287 4683 amo“‚
1312 4610 1548 4672 demonstratum
1577 4610 1623 4684 iri,

269 4708 337 4751 esse
365 4699 397 4753 et
419 4692 569 4766 homines,
602 4696 651 4776 qui
675 4696 745 4759 Ursi
768 4698 933 4759 bonitatem
953 4714 1063 4759 causae
1092 4705 1271 4777 agnoscant,
1305 4717 1399 4779 eaque
1428 4699 1544 4760 ratione
1578 4717 1624 4759 me

270 4776 387 4839 alienae
410 4779 456 4841 liti
479 4779 640 4846 immiscuit
654 4791 686 4846 et
698 4785 903 4847 testimonium
914 4786 952 4847 ab
967 4785 1072 4864 ignaro
1087 4785 1223 4847 extorsit
1269 4786 1385 4848 Deinde
1409 4806 1476 4848 cum
1498 4787 1528 4848 in
1543 4786 1625 4848 calce

270 4865 351 4928 tituli
374 4867 571 4933 eruditionem
593 4891 679 4935 suam
707 4870 736 4934 iu
760 4874 816 4936 boo
839 4874 941 4936 libello
969 4892 1024 4935 een
1055 4875 1092 4936 ad
1117 4892 1248 4955 agonem
1272 4875 1420 4956 quendam
1444 4875 1624 4957 olympicum
