3609 5634
701 339 784 406 Caput
799 339 928 398 xt—m.
1435 339 1500 410 139
1613 393 1617 398 .

120 502 233 567 habet,
246 517 297 560 our
309 519 396 573 prosa
407 489 453 568 sit
469 520 552 576 quam
567 501 628 572 eim
643 503 791 568 muana
806 505 859 560 hoo
872 503 942 576 ipso,
963 504 1029 576 quia
1041 503 1183 562 matraria
1196 502 1258 573 ejus
1273 504 1426 577 concipitur
1439 522 1501 564 erse

122 583 160 637 in
188 599 244 637 nou
267 590 348 638 ente:
373 601 444 656 quae
467 584 491 639 si
504 583 589 638 etiam
612 600 697 654 prosa
719 584 795 638 iacta
818 591 902 648 esset,
927 586 1040 639 mundus
1056 591 1148 638 tamen
1163 583 1258 638 similis
1282 585 1346 639 huic
1359 585 1502 654 praesenti

123 663 229 717 factus
243 669 328 719 esset.
371 663 547 734 Comparatio
570 665 659 718 locum
673 681 727 718 non
742 665 830 720 habet
843 667 1011 728 mundorum,
1033 665 1081 720 ubi
1101 682 1172 719 unus
1193 664 1269 719 solus
1284 672 1337 720 est.
1378 666 1502 720 Valeant

124 743 234 813 itaque
254 745 432 814 quaestiones
455 744 611 814 hujusmodi
630 745 801 809 materiales,
825 753 855 799 et
878 763 939 799 cum
953 745 1049 799 iisdem
1071 746 1157 799 etiam
1179 746 1294 799 metatio
1313 745 1427 810 zodiaci,
1452 762 1503 800 seu

124 823 232 893 potius
247 818 327 894 (quia
336 824 381 878 bic
395 824 461 880 locis
472 824 532 879 suis
547 825 658 879 excedit
675 825 737 878 aeri
756 819 899 895 successu)
914 824 977 880 riae
990 824 1087 896 regiae
1111 842 1130 879 a
1143 824 1248 880 Solaria
1262 826 1385 896 corporis
1400 825 1502 881 circulo

53 965 56 970 ,
125 904 210 958 inter
224 903 286 974 ejus
307 906 385 975 polos
403 905 493 960 medio
506 911 688 960 monstratae.
732 907 804 962 Nam
827 907 851 961 si
864 905 922 976 poli
945 912 976 960 et
994 904 1057 961 axis
1081 907 1204 975 corporis
1217 905 1323 964 Solaria
1346 906 1375 961 in
1397 908 1502 978 plagas

127 984 230 1040 muudi
255 984 327 1038 alias
350 985 423 1040 versi
444 986 569 1048 fuissent,
594 986 679 1040 etiam
702 986 749 1041 via
762 984 844 1059 regia
867 986 926 1041 alia
948 985 1047 1040 ffiiaaat
1060 988 1199 1041 traducta
1241 986 1318 1049 Quod
1340 986 1411 1041 idern
1424 988 1502 1041 etde

126 1063 235 1136 figuris
250 1066 420 1120 dodecaedro
434 1073 464 1121 et
477 1066 619 1120 icosaedro
634 1066 784 1121 dicendum.
824 1067 927 1122 Demus
949 1065 1029 1130 enim,
1054 1083 1149 1120 munus
1171 1065 1294 1137 ipsarum
1307 1083 1377 1129 esso,
1402 1066 1503 1122 metari

130 1144 281 1198 zodiacum
304 1145 470 1200 sectionibus
493 1147 594 1201 mutuis
618 1149 746 1211 laterum,
770 1153 799 1201 et
813 1147 881 1201 certi
895 1147 1004 1217 quidem
1027 1147 1137 1209 ordinis,
1161 1164 1278 1210 exrex,
1303 1163 1370 1216 quos
1384 1145 1501 1201 diximus

131 1241 200 1278 esse
215 1224 377 1294 possibiles:
402 1233 477 1282 certe
492 1228 630 1282 translato
644 1228 795 1300 figurarum
817 1226 872 1281 situ
895 1227 923 1282 iu
942 1228 1040 1282 mundo
1058 1226 1154 1280 aemili
1177 1228 1257 1280 sedes
1276 1226 1361 1281 etiam
1384 1226 1442 1282 alia
1456 1243 1501 1280 zo·

130 1304 217 1359 diaco
239 1304 408 1379 obtingeret.

736 1494 908 1504 ——ffl

706 1713 826 1813 Caput
852 1711 940 1788 XII.

568 1872 700 1938 Divisio
722 1873 849 1937 zodiaci
870 1881 900 1936 et
922 1880 1074 1955 aspectio.

229 2015 321 2079 Multi
354 2015 531 2079 divisionem
563 2016 706 2080 zodiaci
739 2016 768 2079 iu
802 2016 959 2078 duodecim
990 2013 1131 2097 praecisa
1160 2012 1248 2093 sigua
1274 2031 1329 2094 pro
1360 2011 1502 2092 figmento

138 2106 271 2168 humano
299 2105 450 2180 habuere,
480 2106 535 2168 tali
563 2125 687 2187 nempe,
719 2105 766 2168 cui
795 2106 868 2168 nibil
896 2107 939 2168 rei
969 2103 1116 2167 naturalis
1141 2102 1248 2164 subsit.
1296 2102 1401 2183 Neque
1425 2100 1503 2162 enim

138 2197 218 2257 haec
250 2215 342 2274 μορια
371 2195 484 2257 viribus
517 2203 571 2257 aut
598 2195 806 2259 affectionibus
839 2195 957 2258 differre
990 2192 1178 2255 naturalibus
1210 2191 1414 2263 arbitrantur,
1449 2188 1503 2250 sed

140 2291 279 2348 assumta
301 2293 424 2364 propter
448 2283 562 2346 numeri
585 2285 624 2346 ad
647 2285 781 2347 rationes
804 2283 1014 2363 aptitudinem.
1061 2278 1179 2353 Quibus
1208 2279 1267 2342 etsi
1295 2299 1353 2341 nou
1382 2278 1502 2340 omnino

140 2391 293 2453 repugno,
324 2380 426 2435 tamen
454 2391 491 2434 ue
519 2371 589 2453 quid
619 2382 732 2436 temere
763 2374 932 2454 rejiciatur,
966 2392 1004 2434 ex
1032 2370 1138 2433 iisdem
1166 2367 1320 2450 principiis
1345 2366 1502 2430 divisionis

141 2462 230 2542 hujus
261 2481 386 2524 causam
419 2479 603 2542 proponam,
637 2462 677 2525 ad
709 2482 799 2544 quam
822 2461 999 2526 Creatorem
1028 2458 1230 2539 proprietates
1263 2457 1304 2528 (si
1334 2476 1408 2537 quas
1432 2455 1503 2518 illae

142 2551 307 2613 distinctas
330 2550 459 2625 habeut)
483 2551 729 2640 accommodasse
754 2571 825 2615 vero
849 2569 908 2614 uon
932 2550 989 2611 erit
1013 2546 1161 2611 absimile.
1177 2549 1204 2621 ⁸)

231 2640 433 2703 Numeromm
455 2639 621 2720 subjectum
645 2641 793 2721 quoduam
821 2640 877 2712 sit,
907 2657 1000 2719 sopra
1029 2635 1167 2699 vidimus.
1213 2634 1256 2697 Et
1278 2641 1358 2695 certe
1383 2637 1504 2734 praeter
1563 2673 1567 2682 ι

143 2737 288 2810 quantum
312 2737 366 2791 aut
384 2738 495 2810 quanto
514 2730 623 2805 simile,
647 2729 786 2809 potentia
799 2728 997 2810 qualicunque
1011 2725 1190 2808 praeditum
1215 2723 1287 2786 nibil
1312 2729 1361 2782 est
1382 2719 1412 2783 in
1437 2727 1503 2781 toto

144 2818 284 2879 universo
307 2817 501 2894 numerabile,
524 2827 647 2898 praeter
669 2818 777 2891 Deum,
801 2819 850 2899 qui
873 2816 1028 2900 ipsissima
1049 2814 1221 2877 veneranda
1243 2811 1377 2874 Trinitas
1399 2816 1457 2870 est.
1471 2805 1502 2881 b)

142 2906 215 2969 Jam
238 2903 330 2987 igitur
353 2925 479 2986 corpora
502 2908 602 2969 omnia
627 2907 823 2970 disseruimus
846 2927 900 2988 per
928 2906 1095 2968 zodiacum.
1111 2908 1137 2977 ⁰)
1183 2900 1368 2972 Videamus,
1398 2896 1503 2977 ecquid
1596 2935 1600 2946 ·

144 2997 280 3058 sectione
303 2997 360 3057 bac
385 2996 558 3059 zodiacus
550 3016 614 3077 ipse
638 2995 766 3076 adeptus
789 2997 838 3061 vel
861 3015 971 3076 passus
995 2994 1046 3056 sit.
1062 2991 1090 3067 ἆ)
1128 2990 1285 3058 Scotorum
1310 2988 1401 3066 igitur
1424 2987 1504 3048 dicto

145 3085 232 3147 modo
264 3083 330 3147 cubi
362 3084 454 3146 iacies
479 3106 516 3148 ex
539 3085 674 3148 sectione
698 3086 849 3148 resultans
873 3084 932 3146 erit
954 3084 1112 3165 quadrata,
1138 3088 1171 3143 ut
1194 3086 1226 3140 et
1243 3076 1387 3150 octaedri,
1412 3093 1505 3157 pyra-

145 3173 234 3236 midis
259 3174 427 3254 triangula,
457 3175 637 3254 reliquorum
666 3175 789 3237 duorum
818 3174 995 3254 decaogula.
1043 3170 1160 3241 Quater
1183 3169 1243 3231 tria
1266 3166 1367 3228 decies
1392 3164 1507 3226 faciunt

148 3282 294 3326 summam
317 3273 437 3326 centum
460 3272 493 3326 et
517 3264 632 3345 viginti.
679 3263 775 3343 Igitur
799 3265 944 3366 inscripta
967 3261 1077 3324 circulo
1101 3258 1287 3340 quadratum,
1313 3253 1505 3335 triangulum,

149 3353 345 3431 decaogulum
374 3353 413 3413 ad
442 3354 522 3415 ideru
554 3361 696 3434 puuctum
726 3373 814 3416 arcus
841 3353 942 3415 varios
975 3351 1004 3413 iu
1037 3345 1279 3412 circumferentia
1307 3343 1505 3490 distipguunt,

150 3461 224 3525 quos
248 3461 350 3504 omnes
374 3443 498 3505 metitur
519 3443 618 3523 portio
646 3460 704 3503 uon
732 3442 829 3522 major
859 3441 1025 3503 centesima
1046 3439 1132 3501 vice·

150 3532 224 3593 sima
247 3532 340 3594 tutius
364 3531 477 3593 circuli.
524 3529 682 3596 Naturalis
705 3529 797 3610 igitur
825 3530 932 3593 divisio
960 3528 1107 3592 zodiaci'
1099 3547 1128 3590 ru

153 3618 212 3683 120
236 3639 273 3682 ex
295 3620 427 3700 regulari
450 3621 511 3682 situ
534 3639 689 3701 corporum
714 3619 793 3682 inter
816 3620 915 3682 urbes.
954 3615 1047 3698 Cujus
1071 3618 1127 3679 tri·

151 3710 230 3788 plum
253 3728 319 3770 curu
342 3708 383 3770 sit
407 3704 488 3783 360,
517 3710 652 3772 videmus
680 3709 758 3771 hauc
782 3708 959 3771 divisionem
982 3726 1039 3768 non
1063 3725 1129 3769 om·

151 3798 217 3859 nino
232 3798 315 3860 nulla
328 3798 443 3859 ratione
459 3799 524 3861 uiti.
557 3799 628 3876 Jam
647 3799 673 3859 si
692 3798 870 3878 quadratum
894 3804 926 3858 et
949 3795 1130 3899 triangulum
1177 3844 1180 3855 .

152 3904 265 3948 rursum
288 3906 325 3948 ex
349 3888 453 3948 eodem
476 3897 587 3968 puncto
610 3888 774 3969 separatim
793 3886 1007 3962 describamus,
1031 3885 1130 3966 portio

152 3975 251 4036 circuli
283 3974 406 4037 minima
437 3976 495 4038 erit
526 3996 597 4057 pars
631 3976 808 4038 duodecima
840 3976 988 4051 ambitus,
1025 3994 1130 4056 nempe
1187 3978 1192 3996 ⁸

152 4065 298 4142 siguum.
346 4064 389 4127 Ut
420 4065 525 4128 mirum
557 4068 615 4139 sit,
649 4071 682 4129 et
712 4073 824 4128 motum
853 4063 934 4128 Solis
965 4075 997 4129 et
1026 4067 1131 4129 Lunae

152 4162 335 4216 menstruum
349 4154 377 4226 0)
406 4161 438 4216 et
461 4155 686 4234 conjunctiones
711 4173 838 4235 magnas
861 4155 1046 4235 superiorum
1071 4164 1132 4219 tam

154 4253 220 4324 apte
244 4242 392 4324 quadrare
416 4244 454 4304 ad
478 4246 646 4324 portiones,
676 4264 753 4326 quae
781 4245 820 4307 ab
848 4246 1010 4309 eorundem
1038 4246 1212 4325 corporibus
1240 4266 1295 4327 per
1323 4244 1506 4326 triangulum

154 4340 183 4395 et
203 4332 381 4413 quadratum
405 4331 676 4413 distinguuntur.¹)

240 4419 340 4502 Atque
365 4421 441 4482 adeo
465 4441 554 4501 quam
577 4422 653 4484 hacc
677 4421 863 4483 duodenaria
886 4421 994 4483 divisio
1013 4440 1106 4501 penes
1121 4430 1258 4484 naturam
1281 4422 1310 4483 in
1335 4421 1431 4501 pretio
1455 4419 1506 4491 sit,

156 4510 288 4612 exemplo
312 4528 386 4590 cape
411 4519 568 4587 extraneo,
599 4520 632 4573 ut
656 4510 791 4589 quamvis
815 4529 909 4572 causa
932 4530 989 4573 non
1014 4512 1131 4572 omuino
1160 4511 1284 4590 cognita
1311 4510 1370 4583 sit,
1403 4503 1505 4570 tamen

157 4599 271 4661 occasio
295 4607 409 4680 pateat,
434 4599 559 4662 subinde
583 4600 768 4680 praeclarius
792 4599 828 4661 de
853 4599 900 4661 his
925 4600 1053 4681 quinque
1076 4600 1177 4678 figuris
1201 4599 1404 4671 sentiendiss)

239 4687 316 4749 Esto
338 4689 495 4772 proposita
519 4690 593 4752 fides
617 4688 727 4769 aliqua,
751 4687 876 4767 ejusque
900 4708 992 4751 sonus
1011 4691 1039 4750 Γ
1056 4696 1099 4748 ut.
1132 4687 1230 4768 Igitur
1252 4696 1326 4768 quot
1404 4694 1505 4703 ”““““

158 4784 312 4840 occurruut
331 4796 420 4840 vocas
439 4799 459 4840 a
476 4782 504 4841 Γ
521 4798 615 4860 usque
638 4779 676 4841 ad
700 4784 788 4839 octar
790 4796 838 4838 am
861 4784 1063 4840 consonantes
1082 4795 1148 4839 cum
1167 4781 1199 4850 Γ,
1222 4777 1323 4852 toties,
1346 4695 1506 4873 ἒξ

159 4885 209 4930 uec
232 4867 363 4950 saepius,
385 4875 474 4952 potes
498 4869 586 4938 fidem
609 4866 800 4936 rationaliter
823 4865 971 4948 dividere,
994 4865 1039 4928 sic
1064 4873 1096 4930 ut
1120 4865 1234 4931 divisae
1257 4867 1367 4951 fidisp
1370 4874 1492 4929 asserto
