3609 5634
787 341 898 404 reynero
917 337 1118 404 emensus

724 501 769 565 IN
792 497 933 563 CAPUT
955 495 1202 561 SECUNDUM-

802 621 918 674 nonsa
936 619 1115 672 rumonus.

358 729 389 802 a)
412 731 523 786 Omalc
538 729 654 787 factum!
696 732 869 785 Emundone
884 729 1048 800 ejiciamus?
1076 731 1133 783 lmo
1148 726 1316 802 postliminio
1335 727 1464 781 revocavi
1478 726 1507 779 in
1520 725 1645 780 Harmo-

276 813 350 868 nicis.
393 813 448 867 Cur
461 820 555 865 autem
568 811 728 881 ejiciamus?
756 815 802 866 An
816 811 882 882 quia
901 810 1024 864 infinitae
1040 816 1070 864 et
1083 809 1162 880 proin
1183 808 1284 862 ordinis
1300 806 1407 861 minime
1422 810 1559 877 capaces?
1584 810 1644 860 At-

278 894 323 964 qui
344 910 398 946 non
413 893 498 962 ipsae,
523 893 570 944 sed
587 908 649 945 mea
663 890 737 944 illins
751 891 882 960 temporis
897 889 1015 954 inscitia,
1038 889 1185 943 communis
1209 887 1273 942 mibi
1288 904 1349 941 cum
1363 887 1510 958 plerisque,
1536 884 1644 940 ordinis

278 975 387 1028 illarum
405 971 514 1025 minime
528 987 621 1040 capax
635 975 708 1025 erat.
751 970 849 1041 ltaque
867 971 916 1024 lib.
933 971 953 1024 1.
975 969 1199 1024 Harmonicorum
1223 975 1252 1022 et
1270 969 1407 1022 delectum
1426 967 1545 1037 aliquem
1566 967 1645 1020 inter

279 1047 399 1107 infinitas
413 1049 493 1105 docui
514 1057 544 1104 et
558 1051 679 1104 ordinem
698 1049 772 1103 iniis
794 1048 1006 1120 pulcherrimum
1025 1049 1053 1103 in
1067 1049 1155 1103 lucem
1176 1048 1289 1118 protuli.
1330 1048 1400 1102 Nam
1422 1064 1472 1101 cur
1485 1048 1573 1100 lineas
1587 1062 1643 1100 nos

278 1151 314 1186 ex
335 1132 490 1202 archetypo
511 1132 602 1185 mundi
624 1129 802 1193 eliminemus,
827 1148 887 1184 cum
907 1130 997 1183 lineas
1010 1130 1087 1183 Deus
1107 1145 1191 1198 opere
1204 1127 1272 1198 ¹ipso
1291 1128 1472 1198 expresserit
1495 1134 1585 1181 motus
1598 1143 1644 1179 sc.

278 1214 473 1283 planetarum?
515 1211 627 1282 lingona
639 1210 727 1282 igitur
741 1210 915 1281 corrigenda,
930 1227 1006 1268 mem
1021 1211 1149 1263 tenenda.
1190 1210 1222 1262 ln
1236 1223 1379 1278 corporum
1393 1224 1514 1271 numero,
1537 1207 1645 1277 aphae-

278 1309 371 1347 rarum
385 1292 566 1361 amplitudine
581 1292 775 1345 annumeras
795 1290 922 1360 primitus
944 1290 1119 1345 eliminentur
1139 1305 1207 1343 sane
1226 1289 1331 1343 lineae:
1352 1296 1383 1343 at
1402 1290 1431 1343 in
1443 1287 1570 1352 arcubus,
1592 1286 1645 1357 qui

279 1373 360 1426 lineis
374 1371 561 1442 perficiuntur,
587 1370 753 1426 exornandis
774 1389 809 1424 ne
824 1377 1030 1425 contemnamus
1049 1369 1137 1423 lineas
1157 1376 1187 1423 et
1206 1369 1374 1439 superficies,
1398 1385 1471 1440 quae
1484 1369 1562 1423 solae
1574 1384 1644 1438 pro·

280 1451 435 1522 portionum
449 1451 669 1506 harmonicamm
683 1458 749 1504 sunt
762 1451 850 1521 origo.

360 1526 391 1600 b)
413 1532 515 1601 Ingens
536 1531 679 1585 discrimen
700 1538 865 1602 argumento
887 1530 1024 1583 nominum
1045 1536 1089 1582 est
1109 1529 1183 1582 inter
1205 1529 1264 1583 lixa
1283 1536 1313 1582 et
1326 1528 1451 1592 mobilia;
1473 1545 1521 1584 cur
1534 1547 1588 1583 non
1602 1528 1644 1581 ait

281 1611 391 1681 aliquod
406 1611 492 1664 etiam
514 1610 540 1663 in
555 1611 698 1681 utriusque
711 1611 824 1683 generis
839 1609 1043 1665 exornatione?
1085 1607 1151 1671 Quis
1168 1608 1268 1662 ordinis
1288 1608 1518 1679 pulchritudinem
1537 1608 1642 1664 intelli·

280 1700 370 1761 geret,
393 1690 415 1742 si
430 1706 485 1743 non
499 1689 583 1759 juxta
596 1698 722 1744 cerneret
736 1691 854 1744 lixarum
868 1691 1021 1744 exercitum
1041 1687 1141 1741 ordinis
1157 1695 1322 1759 expertem?
1365 1689 1431 1751 Quis
1446 1689 1644 1743 astronomiam

281 1771 407 1832 disceret,
429 1769 451 1823 si
465 1775 605 1838 perpetua
618 1775 694 1823 esset
708 1770 856 1824 similitudo
870 1763 1123 1823 schematismorum
1143 1785 1191 1821 seu
1206 1768 1468 1823 constellationum?
1508 1769 1561 1823 Est
1574 1785 1644 1821 suus

281 1849 375 1904 formis
389 1855 513 1913 ornatus,
538 1854 583 1902 est
602 1855 632 1902 et
655 1850 799 1904 materiae.
842 1849 885 1915 Sit
903 1850 991 1921 igitur
1009 1849 1124 1919 propria
1142 1850 1277 1903 materiae
1297 1855 1326 1903 et
1349 1849 1466 1920 pulchra
1484 1848 1644 1912 exornatio,

282 1944 354 2000 quae
368 1929 446 1983 iacta
459 1936 503 1982 est
526 1945 576 1998 per
590 1928 723 1982 infinitam
738 1937 768 1983 et
781 1932 879 1984 molem
899 1939 929 1984 et
941 1929 1143 1984 multitudinem
1163 1936 1192 1983 et
1209 1928 1374 1984 varietatem
1390 1934 1447 1983 tam
1469 1929 1538 1983 situs
1559 1944 1645 1999 qnam

282 2008 478 2080 magnitudinis
493 2007 694 2079 claritatisque.

361 2083 390 2158 c)
415 2086 530 2154 (Annot.
553 2087 690 2157 antiqua.)
733 2090 882 2158 Corporum
897 2089 1028 2143 nobilitas
1050 2095 1095 2142 est
1114 2105 1151 2142 ex
1166 2088 1344 2158 simplicitate
1365 2097 1396 2143 et
1416 2107 1454 2144 ex
1468 2088 1645 2160 aequalitate

281 2168 429 2224 distantiae
444 2169 587 2237 planorum
602 2185 621 2222 a
635 2175 730 2223 centro
744 2169 862 2241 figurae.
906 2168 984 2223 Sicut
998 2169 1068 2222 enim
1082 2184 1179 2223 norma
1199 2175 1227 2224 et
1242 2170 1344 2241 regula
1362 2175 1552 2225 creaturarum
1564 2169 1645 2222 Deus

265 2294 271 2298 .
283 2256 334 2312 est,
351 2247 391 2302 sic
405 2249 528 2317 sphaera
542 2265 696 2317 corporum.
738 2247 824 2318 Atqui
838 2264 873 2301 ea
887 2248 974 2302 habet
988 2248 1076 2303 dictas
1090 2247 1289 2319 proprietates.
1321 2244 1350 2317 1)
1365 2250 1418 2303 Est
1431 2248 1643 2320 simplicissima.

283 2327 349 2399 quia
362 2343 417 2381 uno
432 2327 570 2381 clauditur
585 2329 710 2392 termino,
726 2346 756 2381 se
772 2328 834 2397 ipsa
849 2327 963 2381 scilicet.
994 2324 1027 2395 2)
1043 2329 1141 2382 Omnia
1151 2327 1212 2398 ejus
1225 2335 1329 2399 puncta
1339 2330 1533 2400 aequalissime
1547 2345 1566 2383 a
1580 2346 1644 2381 cen·

283 2406 453 2462 trodistant.
483 2408 529 2461 Ex
539 2407 699 2476 corporibus
709 2407 796 2479 igitur
805 2406 929 2477 proxime
939 2410 1075 2462 accedunt
1084 2408 1228 2477 regularia
1243 2410 1426 2479 adsphaerae
1434 2407 1643 2480 perfectionem.

284 2488 387 2541 Eorum
401 2486 521 2540 delinitio
540 2487 610 2540 baec
624 2493 676 2551 est,
701 2495 733 2541 ut
747 2489 872 2541 habeant
895 2483 926 2554 l)
942 2488 1032 2542 omnia
1053 2488 1155 2550 latera,
1178 2484 1207 2553 2)
1222 2490 1317 2559 plana,
1340 2487 1370 2554 3)
1387 2491 1515 2561 angulos,
1531 2488 1647 2559 singula

285 2567 417 2642 aequalia
431 2567 565 2637 etspecie
580 2575 610 2621 et
624 2567 823 2637 magnitudine,
845 2571 916 2636 quod
931 2575 975 2621 est
995 2567 1194 2636 simplicitatis:
1219 2586 1300 2639 quam
1319 2569 1439 2639 positam
1460 2568 1646 2624 definitionem

288 2647 413 2716 sequitur
435 2647 502 2699 illud
527 2647 609 2710 ultro,
635 2648 706 2717 quod
729 2642 762 2716 4)
777 2646 895 2700 omnium
919 2648 1063 2717 planorum
1088 2654 1186 2702 centra
1208 2650 1364 2720 aequaliter
1388 2665 1406 2704 a
1429 2649 1517 2703 medio
1532 2648 1645 2710 distent,

287 2724 317 2791 5)
334 2727 405 2797 quod
420 2725 555 2796 inscripta
568 2727 654 2797 globo
669 2727 792 2780 omnibus
808 2727 920 2797 angulis
936 2733 1059 2798 tangant
1073 2728 1254 2796 superficiem,
1272 2727 1304 2798 6)
1320 2731 1391 2800 quod
1406 2730 1434 2784 in
1448 2746 1484 2783 ea
1497 2730 1644 2791 haereant,

288 2801 320 2876 7)
336 2807 408 2877 qnod
427 2805 589 2876 inscriptum
607 2808 722 2877 globum
741 2806 866 2860 omnibus
887 2809 1034 2877 planorum
1053 2808 1154 2861 centris
1175 2814 1308 2881 tangant,
1337 2803 1371 2878 8)
1386 2813 1456 2880 quod
1475 2810 1591 2880 proinde
1605 2809 1647 2862 in·

287 2886 407 2956 scriptus
421 2886 523 2956 globus
537 2887 655 2940 haereat
668 2887 804 2952 immotus,
833 2882 866 2954 9)
880 2895 912 2940 et
925 2889 997 2958 quod
1010 2887 1081 2941 idem
1095 2895 1218 2942 cenmnm
1241 2890 1346 2944 babeat
1365 2906 1425 2944 cunr
1438 2891 1538 2961 ligura
1581 2888 1647 2951 Qui-

286 2970 338 3021 bus
353 2967 436 3020 rebns
451 2966 569 3021 efficitur
591 2968 682 3021 altera
703 2966 852 3021 similitudo
866 2984 928 3021 mm
941 2968 1077 3037 sphaera,
1102 2983 1174 3037 quae
1192 2976 1237 3024 est
1255 2987 1293 3024 ex
1306 2969 1480 3040 aequalitate
1493 2968 1648 3024 distantiae

306 3048 441 3101 lanorum.

287 3064 306 3117 p
367 3122 397 3191 d)
421 3125 550 3179 Scholion
566 3132 660 3179 autem
682 3125 751 3179 illud
773 3126 815 3179 ita
829 3134 927 3181 sonat:
947 3125 1002 3195 Ajo
1016 3143 1083 3181 vero
1103 3136 1216 3197 praeter
1230 3128 1318 3184 dictas
1334 3130 1453 3202 quinque
1473 3131 1577 3202 figuras
1592 3145 1648 3182 non

289 3222 371 3276 posse
395 3203 479 3258 aliam
502 3204 632 3258 constitui
653 3205 771 3276 liguram
794 3206 920 3269 solidam,
945 3222 1015 3276 quae
1037 3206 1129 3276 planis
1152 3214 1182 3261 et
1205 3210 1384 3279 aequilateris
1405 3217 1435 3266 et
1453 3208 1648 3282 aequiangnlis

289 3283 466 3338 contineatur
481 3284 555 3337 inter
576 3302 606 3337 se
628 3285 801 3355 aequalibus.
843 3286 906 3338 Non
920 3286 990 3339 enim
1005 3304 1041 3340 ex
1056 3288 1162 3340 duobus
1177 3289 1335 3361 triangulis,
1358 3294 1406 3346 sed
1422 3309 1511 3362 neque
1532 3308 1569 3344 ex
1584 3287 1650 3342 aliis

290 3364 396 3418 duabus
416 3362 512 3434 figuris
527 3362 629 3417 solidus
645 3364 829 3419 constituetur
844 3365 974 3435 angulus.
1016 3366 1070 3420 Sed
1092 3368 1231 3421 extribus
1251 3371 1401 3441 triangulis
1430 3359 1540 3425 constat
1560 3383 1646 3440 pyra·

289 3444 367 3499 midis
382 3444 511 3514 angulus.
552 3443 599 3497 Ex
613 3452 732 3513 quatuor
746 3450 839 3499 autem
853 3444 986 3499 octatdri.
1027 3447 1073 3500 Ex
1088 3446 1207 3517 quinque
1220 3465 1287 3503 vero
1302 3450 1445 3505 icosatdri.

369 3525 416 3578 Ex
435 3522 585 3593 triangulis
605 3539 657 3576 sex
676 3532 706 3577 et
731 3524 912 3594 aequilateris
940 3532 971 3578 et
998 3526 1193 3597 aequiangulis
1222 3533 1258 3583 ad
1286 3531 1357 3584 idem
1388 3539 1519 3601 punctum
1546 3547 1646 3588 coeun-

291 3605 365 3659 tibus
384 3620 439 3656 ncn
457 3603 508 3655 det
525 3603 647 3673 angulus
669 3603 782 3658 solidus.
823 3605 890 3658 cm
905 3603 976 3658 enim
996 3606 1131 3676 trianguli
1154 3608 1319 3678 aequilateri
1342 3613 1463 3682 angulus
1483 3610 1553 3667 recti
1567 3610 1646 3664 unius

291 3686 399 3737 bessem
419 3674 480 3748 (Ἰ.)
503 3682 659 3747 contineat,
683 3691 766 3737 erunt
786 3684 921 3753 ejusmodi
942 3701 994 3739 sex
1017 3687 1115 3757 anguli
1136 3689 1222 3742 rectis
1244 3695 1363 3760 quatuor
1383 3692 1526 3762 aequales.
1569 3690 1647 3753 Quod

193 3825 194 3828 Ἴ
288 3762 349 3818 lieri
363 3768 417 3817 non
430 3767 534 3832 potest
575 3761 645 3816 Nam
665 3764 768 3818 solidus
787 3765 873 3818 omnis
895 3766 1017 3836 angulus
1037 3766 1187 3822 minoribus
1201 3786 1282 3838 quam
1303 3772 1386 3826 rectis
1401 3778 1521 3843 quatuor
1534 3769 1647 3842 angulis

288 3843 445 3897 continetur
466 3836 558 3909 (Eucl.
579 3841 629 3895 Xl.
652 3837 723 3909 21.)
766 3845 809 3898 Ob
830 3847 941 3899 easdem
968 3862 1036 3899 sane
1062 3863 1162 3902 causas
1183 3866 1273 3920 neque
1292 3869 1329 3906 ex
1348 3852 1475 3922 pluribus
1493 3867 1573 3922 quam
1594 3866 1645 3905 sex

288 3922 381 3992 planis
403 3920 515 3994 angulis
538 3920 671 3990 ejusmodi
690 3924 810 3994 angulus
831 3925 935 3979 solidus
956 3926 1131 3981 construitur.

368 4001 422 4055 Sed
445 4001 592 4054 extribus
617 4003 756 4071 quadratis
781 4003 843 4058 cubi
867 4005 987 4077 angulus
1012 4006 1176 4062 continetur.
1216 4010 1262 4063 Ex
1286 4018 1403 4080 quatuor
1425 4013 1519 4068 nullus
1540 4017 1644 4081 potest.

220 4140 226 4146 ,
288 4083 393 4135 Rursus
418 4081 489 4134 enim
510 4081 578 4134 recti
603 4089 722 4152 quatuor
744 4092 834 4138 erunt.

368 4162 413 4230 Ex
437 4160 525 4214 tribus
549 4167 642 4215 autem
665 4166 832 4234 pentagonis
857 4164 1038 4235 aequilateris
1061 4174 1091 4220 et
1123 4168 1316 4240 aequiangulis
1338 4171 1501 4226 dodecatdri
1524 4170 1644 4242 angulus

290 4240 454 4295 continetur.
497 4241 550 4304 Sed
565 4259 602 4294 ex
617 4251 735 4312 quatuor
748 4245 842 4298 nullus
856 4252 960 4314 potest.
1002 4246 1069 4300 Cum
1084 4248 1154 4301 enirn
1176 4249 1330 4321 pentagoni
1345 4251 1510 4321 aequilateri
1525 4250 1644 4321 angulus

290 4327 382 4375 metus
397 4320 434 4374 sit
455 4326 485 4373 et
501 4321 598 4390 quinta
620 4324 689 4376 recti
709 4340 785 4393 pers,
807 4333 889 4378 erunt
902 4333 1022 4395 quatuor
1036 4328 1132 4398 anguli
1154 4330 1237 4383 rectis
1257 4336 1376 4400 quatuor
1396 4331 1526 4400 majores.
1568 4329 1645 4392 Quod
1674 4360 1677 4365 ·

288 4402 349 4454 fleri
372 4400 476 4471 nequit
517 4401 576 4454 Nec
589 4417 657 4456 sane
672 4421 709 4457 ex
724 4404 787 4457 aliis
810 4407 959 4476 polygonis
981 4408 1079 4478 figuris
1103 4409 1205 4463 solidus
1220 4412 1341 4481 angulus
1356 4411 1549 4476 continebitur,
1574 4409 1645 4480 qnod

290 4482 353 4535 binc
367 4498 474 4551 quoque
489 4482 637 4535 absurdum
657 4491 798 4553 sequatur.
841 4487 1024 4548 Quamobrem
1035 4489 1210 4557 perspicuum
1224 4497 1276 4555 est,
1297 4498 1412 4561 praeter
1425 4491 1512 4546 dictes
1527 4490 1646 4561 quinque
1717 4539 1726 4552 ,

289 4562 396 4631 figuras
419 4559 503 4615 ubam
526 4562 644 4633 figuram
668 4563 783 4618 solidam
805 4583 860 4620 non
883 4583 966 4635 posse
980 4568 1120 4634 constitui,
1145 4586 1217 4639 quae
1235 4572 1287 4624 sub
1309 4570 1402 4640 planis
1421 4569 1602 4644 aequilateris
1616 4575 1647 4621 et

291 4639 483 4713 aequiangulis
507 4641 689 4698 contineatur.
