3609 5634
263 367 329 436 364
685 368 1197 434 IitussKeplsrisliornrnqsenrubsas

264 531 415 596 uuologiea
431 529 599 595 dbqulrenda,
618 528 721 579 altadus
738 541 890 593 progressus.
908 528 934 577 in
952 527 1030 578 literis
1048 529 1073 578 d.
1093 528 1117 578 d.
1137 525 1266 578 ibidus.
1287 524 1353 578 tttt
1375 528 1472 587 ,aurias
1489 525 1638 591 Ksplsrm

262 609 349 668 rogat.
367 608 397 651 ut
414 602 567 665 experiatur,
592 615 651 648 num
670 595 686 647 8
704 599 778 649 boras
797 597 959 663 astrologicae
977 599 1023 648 ribi
1040 600 1118 664 possit
1137 599 1272 650 enodare-¹⁴
1314 598 1409 659 Quibus
1428 613 1484 648 cuns
1503 597 1636 661 Keplerns

263 688 313 723 non
332 674 418 723 statim
437 670 605 735 responderet,
625 670 659 720 ad
676 669 778 720 sudem
796 669 860 719 redit
878 671 1037 733 quaestiones
1055 671 1081 720 in
1099 669 1177 720 literis
1197 670 1221 719 d.
1241 670 1265 720 d.
1287 668 1327 718 18.
1341 669 1414 733 Maji.
1434 678 1460 719 et
1477 670 1553 733 paulo
1571 675 1636 732 post

264 742 303 806 (8.
321 739 393 802 Julii)
416 742 480 792 baec
503 742 623 805 prioribus
646 740 790 806 superaddit
807 739 960 790 Vickenius:
990 741 1113 805 proprium
1136 741 1204 791 hunc
1229 741 1386 792 tabellarium
1404 741 1542 792 amandare
1560 741 1634 790 votui

265 813 387 880 (Prsganr
405 811 575 876 Guelferbyto)
603 813 750 862 amiantus
775 825 882 877 rugans.
910 817 940 861 ut
957 812 1018 861 milri
1040 819 1094 862 tans
1120 827 1230 862 uorem
1253 813 1359 872 boras,
1387 826 1463 878 quarn
1488 811 1633 862 tabulas

271 885 412 936 Cornelii
430 883 593 950 Agrippae
610 899 654 948 pro
672 883 815 949 inquirendo
833 884 909 949 genio
927 883 1050 948 explicare
1067 883 1136 933 vebs.

333 955 495 1020 Keplerus
513 954 654 1019 respondit:

351 1027 429 1091 Nob.
455 1035 487 1087 et
511 1024 592 1088 Clar.
618 1025 685 1087 Vir.
732 1023 808 1087 Cum
836 1025 891 1086 sub
920 1024 1008 1085 linem
1031 1024 1143 1086 mensis
1166 1026 1240 1105 Maji
1265 1025 1400 1087 Lincium
1429 1024 1626 1105 exspatiatus

264 1135 378 1190 essem,
412 1115 508 1177 literis
542 1113 733 1176 amanuensis
766 1113 836 1174 mihi
865 1133 900 1174 eo
929 1113 1128 1192 significatum
1157 1127 1221 1183 est,
1256 1115 1343 1175 binas
1377 1125 1447 1175 tuas
1471 1114 1624 1193 epistolas

264 1214 388 1286 apertas
412 1224 472 1266 nna
495 1223 562 1266 cum
585 1203 660 1264 libro
684 1202 714 1263 iu
737 1222 821 1264 meas
844 1202 937 1264 aedes
961 1203 1096 1272 delatas,
1120 1221 1189 1276 eas;
1214 1203 1262 1263 die
1287 1200 1341 1265 23.
1365 1203 1447 1264 Juuii
1470 1221 1626 1272 reversus,

264 1293 376 1355 iuveni.
423 1292 518 1354 Paulo
541 1300 612 1372 post
635 1289 760 1370 advenitv
781 1292 916 1362 nuncius,
939 1309 1115 1369 responsum
1139 1311 1237 1352 meum
1260 1292 1394 1371 exigens,
1419 1290 1467 1352 cui
1489 1291 1540 1352 hic
1565 1291 1625 1350 ad-

258 1383 374 1463 jectam
407 1381 550 1446 schedam
582 1380 689 1460 scripsi
724 1381 832 1451 (scheda
850 1388 915 1438 baso
934 1381 1036 1453 deas),
1075 1379 1146 1459 quia
1177 1381 1358 1458 respondere
1391 1399 1448 1441 non
1481 1379 1627 1440 vacabat.

264 1470 388 1532 Interim
412 1491 431 1531 a
455 1469 503 1530 dio
526 1470 585 1531 mei
608 1469 723 1529 reditus
747 1468 845 1547 coepit
869 1477 1029 1547 aegrotare
1054 1486 1128 1529 uxor
1152 1488 1236 1540 mea,
1261 1488 1336 1547 quae
1362 1466 1391 1532 3.
1416 1467 1490 1530 Julii
1514 1469 1626 1529 deces-

176 1591 179 1596 ,
266 1559 317 1631 sit,
342 1567 373 1620 et
397 1556 427 1621 5.
452 1558 587 1637 ejusdem
610 1557 733 1636 sepulta
756 1565 814 1617 est.
860 1556 909 1642 Epi
933 1575 968 1616 eo
993 1574 1123 1634 occupor
1155 1575 1228 1618 cura
1250 1556 1425 1633 liberorum,
1459 1556 1627 1636 consigna-

263 1648 344 1709 tione
367 1647 520 1721 bonorum,
545 1655 577 1707 et
600 1645 747 1707 divisione
770 1645 970 1706 haereditatis
994 1644 1072 1705 inter
1096 1645 1161 1723 ejus
1185 1646 1341 1719 haeredes,
1366 1664 1448 1706 meos
1462 1664 1575 1725 pueros
1594 1651 1629 1705 et

264 1735 452 1815 privignam:
491 1737 641 1797 intestata
663 1734 741 1795 euim
770 1733 921 1808 decessit,
959 1731 1032 1794 nihil
1064 1732 1135 1794 mihi
1165 1733 1282 1796 relicto.
1328 1734 1396 1797 Non
1420 1735 1510 1795 valde
1534 1733 1628 1812 igitur

264 1832 431 1904 opportune
456 1822 669 1904 superveniunt
693 1829 763 1883 tuae
778 1821 968 1883 monitorias.
1005 1820 1209 1899 Respondebo
1225 1831 1326 1884 tamen
1342 1825 1452 1902 aliqua,
1480 1830 1512 1884 et
1529 1840 1625 1902 prae-

265 1913 386 1974 mittam
410 1912 484 1972 duas
508 1911 699 1991 quaestiones
723 1910 761 1971 de
785 1929 909 1971 norom
934 1908 1035 1971 horis
1059 1919 1096 1970 et
1118 1912 1239 1990 genio.

356 1998 442 2062 Scito
465 1999 571 2080 igitur,
602 2019 648 2062 me
672 1999 867 2061 fundamenta
891 1998 1044 2077 utriusque
1068 1997 1111 2058 rel
1136 1999 1174 2059 ad
1197 2018 1325 2077 unguem
1349 2006 1467 2073 tenere;
1505 2006 1627 2060 tantum

264 2107 337 2150 vero
361 2088 468 2163 abest,
502 2095 536 2149 ut
563 2108 600 2149 ea
624 2087 685 2164 tibi,
702 2087 853 2165 aperiam,
887 2096 922 2148 ut
948 2105 1003 2166 per
1025 2086 1118 2147 horae
1142 2088 1273 2166 spatium
1297 2088 1370 2149 nibil
1395 2087 1476 2149 aliud
1500 2087 1626 2167 egerim,

262 2177 324 2239 nisi
348 2176 521 2255 cogitarim,
550 2176 657 2256 quibus
680 2176 736 2236 tibi
760 2176 860 2236 verbis
884 2175 1000 2236 idoneis
1034 2194 1150 2236 meam
1183 2176 1299 2237 animi
1327 2176 1628 2256 indignationem

263 2266 365 2326 satis
389 2265 586 2345 explicem,
611 2264 660 2345 qui
684 2264 830 2325 hactenus
855 2262 1108 2326 astronomica
1131 2283 1256 2343 rogans,
1282 2274 1335 2326 aut
1359 2272 1439 2327 certe
1464 2266 1627 2326 astrolo-

267 2353 353 2434 gica
375 2349 537 2435 desupra,
565 2354 641 2433 jam
664 2353 779 2433 plane
803 2354 846 2414 ad
872 2351 1120 2414 tenebricosa
1148 2354 1240 2423 ista,
1273 2354 1403 2435 nequid
1428 2354 1527 2415 dicam
1551 2374 1626 2433 gra-

262 2441 339 2516 vius,
365 2442 542 2505 amicitia
564 2451 695 2504 nostra
724 2442 909 2502 statueris
934 2440 1048 2501 abuti.
1096 2441 1162 2503 Iloc
1185 2441 1277 2521 igitur
1301 2443 1356 2504 tibi
1378 2461 1432 2522 pro
1457 2452 1541 2504 certo
1566 2442 1625 2503 ha-

262 2531 351 2604 beta,
387 2532 423 2592 de
448 2549 554 2592 novem
579 2531 662 2593 horis
685 2549 722 2591 ne
746 2549 801 2612 gry
826 2530 945 2610 quidem
968 2547 1015 2590 me
1039 2529 1167 2606 posthac
1191 2551 1243 2591 seu
1268 2531 1381 2609 scripto
1406 2551 1458 2592 seu
1483 2541 1627 2593 oretenus

264 2625 491 2699 responsurum,
515 2639 573 2680 non
589 2620 614 2680 si
635 2627 755 2680 centum
770 2619 901 2690 florenis,
928 2637 1001 2697 quos
1016 2617 1088 2679 mihi
1102 2618 1292 2681 meditareris
1308 2619 1437 2693 mittere,
1462 2620 1623 2699 meipsum

264 2708 386 2769 silentio
412 2708 580 2788 privarem,
616 2716 669 2769 aut
692 2707 718 2768 si
743 2707 833 2768 etiam
859 2706 887 2768 iu
914 2706 1083 2767 universum
1110 2708 1343 2768 renunciandum
1367 2719 1451 2769 esset
1474 2708 1626 2770 amicitiae

263 2803 398 2859 nostrae.
444 2796 525 2859 Nam
549 2796 596 2859 cui
620 2797 697 2858 bono
721 2796 893 2868 scriberem,
919 2813 986 2856 oum
1011 2794 1212 2857 certissimum
1236 2796 1392 2869 haberem,
1417 2806 1447 2857 te
1471 2817 1530 2858 non
1555 2817 1624 2858 cre-

265 2885 405 2958 diturum,
431 2885 570 2965 quicquid
596 2887 632 2946 de
656 2884 794 2965 genuinis
818 2894 850 2944 et
868 2883 1030 2963 ipsissimis
1049 2884 1093 2944 rei
1105 2883 1316 2947 'fundamentis
1332 2905 1430 2945 essem
1447 2887 1624 2964 scripturus.

265 2973 383 3034 Valeas
408 2973 502 3053 igitur
525 2994 591 3035 cum
615 2974 672 3034 hac
696 2972 873 3052 quaestione
905 2971 996 3032 semel
1026 2991 1079 3051 pro
1109 2991 1228 3052 semper
1256 2974 1285 3034 iu
1317 2972 1455 3036 solidum.
1503 2976 1623 3047 Altera,

264 3062 302 3123 de
325 3061 425 3142 genio,
450 3082 537 3123 suurn
561 3063 696 3142 sequitur
719 3061 864 3134 ordinem,
887 3061 1007 3140 vidique
1035 3061 1127 3122 talem
1146 3062 1270 3140 genesin
1287 3061 1430 3125 Caesaris
1454 3064 1625 3124 confectam

212 3177 216 3185 ·
261 3150 446 3211 aPisturio.
496 3150 541 3212 At
564 3150 635 3212 mibi
659 3150 762 3212 videor
786 3150 899 3210 famam
924 3149 1089 3210 astronomi
1114 3158 1145 3210 et
1167 3149 1338 3233 philosophi
1353 3151 1571 3224 imminuimus,
1598 3151 1624 3211 si

263 3247 379 3300 tentem
404 3238 514 3301 imitari
539 3240 718 3319 exemplum.
765 3237 846 3314 Vale
870 3238 963 3317 igitur
986 3247 1018 3298 et
1045 3238 1209 3312 admista,
1241 3248 1274 3301 et
1296 3258 1343 3301 me
1367 3239 1491 3301 missum
1517 3240 1623 3301 facito.

262 3325 327 3387 Bes
345 3334 416 3387 tuas
431 3326 486 3388 tibi
501 3327 632 3389 habeto:
656 3326 779 3388 remitto
794 3325 873 3387 enim
890 3336 921 3388 et
939 3325 1023 3387 illam
1039 3327 1183 3400 tabularu,
1208 3336 1240 3390 et
1253 3328 1330 3390 hunc
1345 3327 1502 3409 Agrippae
1516 3329 1624 3412 librum

259 3414 432 3494 ceteroquin
456 3416 551 3477 multa
574 3416 741 3478 emditione
765 3415 918 3475 refertum.
1374 3415 1376 3419 ’

395 3504 483 3566 Nunc
507 3505 546 3565 ad
570 3505 647 3566 alias
671 3502 884 3584 quaestiones:

354 3592 387 3666 1)
411 3591 606 3656 Protestatus
629 3613 693 3655 sum
719 3593 854 3666 (innitaris
873 3600 1020 3665 deperditis,
1048 3600 1073 3650 d.
1092 3600 1233 3665 Ρηςωᾱ
1258 3598 1297 3650 17.
1316 3595 1420 3668 Mam),
1444 3592 1624 3654 directio-

258 3700 337 3743 nem
360 3680 598 3761 planetarum
621 3691 789 3744 ceterorum
811 3700 947 3762 pugnare
972 3700 1038 3743 cum
1053 3681 1255 3743 fundamentis
1278 3683 1336 3743 rnei
1360 3681 1440 3742 modi
1456 3681 1624 3761 dirigendi;

260 3769 363 3830 addidi
386 3779 508 3844 tamen,
543 3770 569 3831 si
594 3771 660 3851 quis
684 3771 778 3831 vellet
805 3778 836 3832 et
859 3781 978 3832 ceteros
1002 3770 1149 3848 dirigere,
1184 3772 1331 3850 quomodo
1355 3779 1416 3832 tum
1441 3779 1525 3831 esset
1537 3789 1624 3849 'pro-

182 3897 186 3904 -
259 3857 433 3919 cedendum.
470 3858 557 3920 Hunc
577 3867 611 3920 tu
632 3878 806 3938 processum
830 3858 999 3920 rectissime
1015 3858 1192 3938 percepisti,
1216 3860 1270 3921 sed
1293 3859 1457 3934 inutiliter3
1486 3858 1623 3922 abundes

259 3953 360 4007 tamen
385 3954 436 4007 tuo
460 3966 550 4009 seusu
574 3966 664 4027 super
686 3968 751 4011 usu.

349 4031 384 4107 2)
410 4034 594 4097 Miillerus
619 4038 686 4109 (turn
704 4045 821 4109 temporis
838 4043 1031 4093 mathematicus
1050 4043 1163 4092 electoris
1175 4044 1398 4112 Brandeuburgiei‚
1417 4047 1484 4110 prius
1496 4045 1624 4109 'lycborris

257 4121 422 4177 domesticus,
441 4136 507 4173 auno
529 4121 597 4173 1808
614 4126 641 4174 in
659 4124 759 4180 schola,
779 4138 853 4188 qaam
875 4123 968 4173 elector
986 4125 1012 4173 iu
1041 4122 1131 4181 „Valle
1149 4124 1305 4174 Joaebinrica
1321 4127 1402 4176 nora“
1428 4127 1545 4187 condidit,
1564 4140 1622 4189 pro·
1669 4165 1672 4172 .

257 4193 375 4242 inaurem
386 4194 589 4246 mmematioum
602 4197 662 4260 egit,
673 4195 793 4259 simulque
808 4193 954 4252 „mcbitecti
967 4201 994 4243 et
1005 4194 1095 4242 tribum
1110 4197 1198 4245 aerarii
1211 4196 1328 4246 munere“
1341 4198 1492 4262 fungebatur
1502 4199 1530 4247 in
1542 4197 1621 4246 confi·

258 4273 349 4323 aenda
366 4273 434 4323 tosa
451 4274 485 4324 ad
503 4276 675 4325 mansuaria
686 4276 791 4325 flumina
801 4273 919 4323 flevum
932 4281 958 4323 et
970 4271 1091 4337 oderam)
1110 4268 1253 4328 memoria
1268 4268 1370 4347 lapsus
1386 4278 1448 4343 est;
1469 4288 1622 4348 uunquam

257 4374 330 4416 usus
345 4374 411 4416 sum
426 4354 513 4416 decili
530 4351 632 4429 (360),
646 4375 700 4419 uec
716 4356 940 4438 semiquadrato
956 4353 1013 4429 (85
1020 4351 1055 4429 0),
1082 4357 1135 4417 sed
1151 4356 1301 4436 biquintili
1313 4354 1392 4429 (147
1399 4353 1426 4430 0)
1451 4367 1482 4420 et
1497 4357 1620 4436 sesqui-

258 4444 405 4523 quadrato
419 4462 473 4504 seu
488 4445 651 4524 sesquadro
668 4444 747 4517 (135
755 4441 779 4519 0)
804 4452 875 4506 tunc
899 4464 971 4506 usus
994 4464 1069 4519 sum,
1095 4465 1161 4508 curu
1186 4445 1339 4507 nobiscum
1361 4455 1445 4508 esset
1458 4446 1618 4509 Miillerus.

257 4531 336 4594 Jam'
346 4551 417 4594 vero
432 4532 538 4594 omitto
553 4535 748 4612 sesquadmm
764 4535 802 4597 ob
817 4552 926 4594 causas
942 4542 1117 4613 sequentes:
1143 4534 1339 4614 Experientia
1356 4542 1497 4612 testatur,
1522 4535 1618 4596 senri-

258 4629 346 4682 sextc
356 4616 447 4694 (380)
458 4633 599 4700 maguam
612 4622 672 4683 viru
686 4624 797 4698 inesse,
814 4629 921 4684 contra
935 4623 1099 4702 sesquadro
1114 4641 1170 4684 non
1185 4622 1361 4684 notabilem.
1385 4624 1533 4686 Rationes
1543 4642 1618 4685 vero

222 4773 225 4778 f
259 4708 451 4771 hannonieae
475 4710 577 4771 locant
600 4712 731 4772 secundo
761 4713 826 4773 loco
850 4719 921 4791 post
944 4711 1101 4773 evidentes
1125 4711 1249 4773 decilcm
1274 4708 1366 4786 (360)
1393 4724 1425 4774 et
1449 4713 1617 4775 tridecileru

260 4792 383 4870 (1080),
408 4797 445 4858 de
469 4798 576 4881 quibus
600 4800 786 4877 experientia
807 4800 897 4878 plane
921 4799 993 4861 nihil
1008 4800 1156 4862 hactenus
1171 4800 1336 4863 constituit,
1375 4802 1477 4864 Tertio
1498 4802 1618 4864 demum
1670 4839 1675 4843 ·

182 4913 186 4919 ·
259 4885 325 4947 loco
349 4893 419 4946 sunt
446 4886 654 4966 semiquadrus
682 4883 774 4961 (450)
808 4897 840 4949 et
872 4889 1055 4969 sesquadrus
1092 4884 1217 4962 (135⁰).
1265 4890 1341 4952 Puto
1374 4891 1465 4973 igitur
1496 4889 1616 4973 operari
