3609 5634
307 360 370 426 128
772 379 780 394 x
815 361 929 426 umero
948 359 1148 428 mumulo

304 519 448 583 cundem
470 527 597 599 quatuor
617 527 671 580 ant
693 518 822 600 quinque
849 520 950 600 planis
977 521 1008 582 io
1039 539 1127 582 unum
1150 519 1278 583 solidum
1300 519 1484 582 mscbcunt.
1531 516 1567 593 4)
1590 518 1672 580 Pri·

303 609 400 671 maria
430 607 539 670 nemini
573 626 657 669 suurn
685 608 797 670 debent
824 609 969 688 originem
997 616 1029 670 et
1056 609 1279 689 proprietates:
1311 608 1491 670 secundaria
1519 607 1672 687 pleraque

304 695 533 779 exprimatis,
569 697 650 757 facta
679 697 931 770 commutatione,
965 697 1078 777 adepta
1105 703 1194 770 suut,
1226 705 1258 758 et
1286 697 1372 777 quasi
1403 696 1508 776 genita
1531 695 1669 757 exiliis.

304 786 341 858 5)
369 785 515 848 Primaria
538 803 595 846 non
619 784 731 847 moveri
759 784 902 847 concinne
931 794 1077 865 possunt,
1110 786 1169 847 nisi
1201 794 1272 847 acta
1301 785 1449 847 diamstm
1480 803 1536 865 per
1558 792 1672 845 centra

304 875 390 939 ouius
405 872 675 953 autoppositornm
688 873 864 953 planomm:
889 874 1069 936 secundaria
1090 893 1162 936 vero
1187 882 1258 936 acts
1280 891 1335 953 per
1357 873 1513 955 oppositos
1537 873 1669 952 angulos

304 964 462 1027 diametro.
500 959 535 1033 6)
559 961 769 1024 Primariomm
793 971 843 1024 est
864 962 1015 1043 proprium
1038 971 1140 1025 stare:
1164 963 1407 1025 secundariorum
1421 962 1561 1042 pendere.
1590 959 1668 1022 Sive

303 1052 382 1114 enim
404 1051 479 1112 haec
502 1049 531 1111 in
555 1050 642 1112 basin
666 1051 846 1130 provolvae,
880 1051 944 1112 sive
973 1051 1027 1113 illa
1050 1052 1079 1112 in
1103 1051 1245 1131 angulum
1267 1050 1388 1131 erigas,
1419 1051 1502 1112 visne
1525 1049 1668 1129 utrinqne

304 1139 528 1202 deformitatem
552 1147 694 1218 aspectus
717 1139 858 1218 refugiet.
906 1137 941 1212 7)
972 1140 1061 1201 Adde
1084 1140 1231 1219 deniquo,
1263 1141 1342 1221 qnod
1364 1138 1507 1218 primaria
1528 1139 1668 1217 perfecto

304 1247 426 1291 numero
450 1227 510 1289 tria
533 1235 623 1289 snut:
657 1228 835 1289 secundaria
867 1229 1045 1306 imperfecto
1077 1229 1154 1300 dno,
1187 1228 1323 1310 quodque
1352 1228 1407 1290 illa
1434 1245 1538 1288 omnes
1561 1225 1666 1305 anguli

305 1316 422 1398 species
445 1315 568 1390 babent,
593 1315 686 1377 cubus
709 1325 831 1391 rectum,
856 1316 988 1398 pyramis
1008 1324 1137 1388 acutum,
1162 1316 1382 1378 dodecaedmm
1406 1316 1564 1378 obtusum:
1588 1315 1666 1377 haee

305 1424 376 1469 vero
400 1404 488 1466 ambo
510 1403 541 1465 iu
566 1404 666 1466 obtusi
689 1404 782 1467 solius
805 1423 916 1485 genere
939 1405 1131 1467 versantur.‘
1154 1405 1198 1467 Et
1224 1406 1358 1467 octaedri
1388 1405 1508 1485 quidem
1536 1404 1665 1483 angulus

303 1515 359 1575 per
381 1512 484 1555 omues
509 1500 572 1554 tres
595 1493 712 1572 species
736 1501 874 1573 vagatur,
899 1493 929 1555 iu
948 1494 1091 1572 junctura
1114 1494 1241 1556 laterum
1265 1493 1400 1566 obtusus,
1424 1493 1503 1555 inter
1525 1491 1667 1554 coeuntia

305 1585 362 1645 dno
386 1582 484 1645 latera
506 1600 545 1643 ex
567 1580 707 1661 opposito
730 1592 844 1654 rectos,
869 1581 934 1660 ipse
958 1601 1028 1643 vero
1054 1582 1168 1644 solidus
1192 1590 1309 1644 acutus.
1349 1580 1426 1643 Cum
1449 1580 1541 1661 igitur
1564 1580 1666 1642 mani·

307 1676 416 1733 festum
439 1678 523 1733 esset
545 1669 704 1732 discrimen
727 1670 807 1731 inter
830 1689 971 1749 corpora,
1000 1671 1226 1732 convenientius
1250 1671 1312 1733 fieri
1336 1670 1408 1732 nihil
1432 1670 1544 1750 potuit,
1575 1685 1666 1750 quarn

305 1770 339 1823 ut
352 1760 456 1822 Tellus
472 1764 586 1832 nostra,
611 1759 705 1820 totius
729 1758 829 1820 mnndi
854 1777 971 1821 summa
993 1767 1026 1820 et
1045 1759 1250 1839 compendium
1274 1767 1364 1840 atque
1387 1759 1464 1820 adeo
1488 1757 1667 1839 dignissima

306 1848 462 1911 stellamm
485 1845 646 1922 mobilium,
671 1844 743 1908 orbe
767 1866 819 1908 sno
843 1846 1035 1909 interdictos
1050 1848 1169 1910 ordines
1185 1848 1392 1928 distingueret,
1418 1847 1573 1926 locumque
1598 1865 1667 1907 eum

305 1936 476 2010 sortiretur,
501 1953 588 2015 quem
613 1937 669 2016 ipsi
692 1936 828 2015 superins
852 1935 1055 1998 attribuimus.

892 2173 1079 2183 ..νυνι-ο-.-

878 2340 998 2439 Caput
1025 2339 1088 2414 IV.

433 2502 548 2581 Quare.
564 2502 630 2565 tric
653 2519 787 2582 corporo
813 2498 949 2562 Tmam
971 2499 1125 2570 audiant,
1148 2499 1212 2563 duo
1233 2497 1362 2582 reliqua
1383 2498 1543 2562 induant?

395 2646 506 2707 Patere
530 2662 624 2719 nuuc,
648 2643 744 2704 lector
767 2641 960 2722 aequanime‚
986 2649 1020 2703 ut
1043 2640 1142 2702 ludam
1167 2641 1385 2724 aliquantisper
1407 2642 1435 2702 in
1459 2659 1491 2702 re
1514 2639 1610 2713 seria,
1635 2648 1668 2700 et

307 2732 439 2796 nonnihil
462 2733 615 2813 allegoriis
640 2730 822 2810 indulgeam.
868 2728 990 2790 Etenim
1018 2729 1157 2791 existimo
1188 2749 1226 2792 ox
1253 2750 1354 2793 amore
1377 2730 1435 2791 Dei
1464 2727 1666 2790 inhominem

307 2841 417 2886 causas
445 2841 542 2884 rerum
571 2822 601 2882 iu
629 2821 739 2882 mundo
768 2819 912 2898 plurimas
943 2818 1050 2881 deduci
1077 2836 1177 2898 posse.
1225 2818 1317 2881 Certo
1341 2818 1477 2900 equidem
1501 2837 1587 2879 uerno
1610 2836 1666 2879 us-

305 2912 405 2993 gabit,
434 2912 463 2973 iu
492 2909 643 2973 domicilio
671 2909 773 2971 mnndi
800 2907 973 2970 exornando
996 2907 1094 2968 Donm
1117 2908 1156 2968 ad
1185 2908 1312 2970 incolam
1342 2911 1472 2970 futurum
1502 2906 1666 2968 identidem

306 3000 489 3080 respexisse.
535 2999 620 3061 Finis
644 2998 721 3059 enim
745 3005 778 3058 et
805 2996 907 3058 mundi
933 3004 964 3057 et
991 2996 1088 3057 omnis
1115 2996 1277 3058 creationis
1308 2997 1409 3059 homo
1436 3005 1495 3057 est
1540 2994 1665 3057 Terram

306 3089 412 3169 igitur,
438 3106 514 3168 quae
537 3085 697 3167 genuinam
722 3084 878 3148 Creatoris
901 3084 1062 3162 imaginem
1085 3084 1194 3148 datura
1216 3093 1249 3147 et
1271 3085 1383 3148 alitnra
1405 3092 1501 3159 esset,
1525 3083 1667 3145 existimo

307 3177 428 3256 dignam
452 3175 553 3236 aDeo
577 3176 733 3248 censitam,
759 3193 836 3254 quae
859 3172 1031 3235 circumiret
1054 3173 1132 3236 inter
1154 3174 1268 3236 medios
1291 3173 1432 3253 planetas
1455 3174 1509 3248 sic,
1534 3181 1568 3233 nt
1590 3171 1667 3233 toti-

307 3265 377 3326 dem
400 3264 453 3325 illa
475 3263 601 3325 haberet
625 3263 706 3325 iutra
729 3261 810 3324 orbis
834 3261 880 3322 sui
903 3261 1100 3340 complexum,
1124 3270 1197 3342 quot
1220 3269 1308 3326 extra
1330 3263 1471 3324 habitura
1495 3268 1588 3324 esset.
1624 3260 1669 3323 Ut

307 3354 364 3415 hoc
387 3351 470 3413 Deus
494 3351 662 3424 obtineret,
694 3349 797 3412 Solem
820 3349 944 3428 reliquis
969 3348 1096 3429 quinque
1120 3351 1219 3413 stellis
1250 3352 1419 3425 accensuit,
1451 3348 1588 3431 quamvis
1616 3349 1667 3411 ille

308 3449 374 3503 toto
397 3459 506 3520 genere
530 3439 726 3520 discreparet.
760 3439 854 3519 quue
877 3457 914 3499 eo
937 3438 1034 3517 magis
1053 3457 1216 3501 consonum
1231 3441 1358 3514 videtur,
1384 3439 1463 3520 qnod
1486 3458 1553 3500 cnm
1576 3457 1670 3517 supra

307 3529 361 3592 Sol
385 3529 443 3590 Dei
464 3529 562 3608 patris
586 3528 685 3607 imago
714 3528 823 3602 fuerit,
856 3527 998 3589 credibile
1031 3535 1098 3600 est,
1132 3527 1188 3589 hac
1218 3528 1422 3591 associatione
1450 3546 1517 3589 cum
1545 3527 1669 3607 reliquis

307 3618 406 3680 stellis
430 3625 607 3697 argumenta
631 3623 757 3678 venturo
780 3616 886 3677 colono
909 3615 1054 3694 praebere
1077 3615 1217 3678 debuisse
1241 3620 1467 3697 ottorogorrae
1494 3624 1525 3678 et
1550 3615 1668 3695 dedam

308 3710 488 3779 noroberet,
514 3724 603 3785 qnam
625 3705 708 3766 Dens
732 3712 929 3784 usurpaturus
953 3712 1020 3767 erat
1045 3722 1118 3784 erga
1135 3705 1279 3781 homiues,
1305 3708 1344 3768 ad
1362 3706 1558 3768 domesticam
1577 3705 1668 3766 fami-

310 3794 473 3856 liaritatem
497 3812 591 3874 nsque
614 3812 683 3855 sese
706 3794 880 3856 demittens.
926 3794 1006 3855 Nam
1037 3793 1066 3853 in
1095 3794 1192 3855 veteri
1215 3795 1411 3857 Testameuto
1441 3795 1612 3874 frequenter
1640 3795 1669 3855 iu

310 3901 462 3945 unmemm
487 3882 637 3944 homiuum
665 3882 763 3955 veuit,
793 3891 826 3942 et
847 3881 1015 3943 Abrahami
1040 3882 1153 3943 amicus
1181 3883 1285 3944 andire
1314 3883 1424 3956 voluit,
1451 3882 1542 3944 sicuti
1565 3880 1669 3944 Solem

311 3970 447 4032 ridemus
470 3969 500 4032 in
524 3989 677 4033 nnmerum
701 3970 854 4033 mobilium
877 3971 989 4032 venire.
1033 3967 1109 4031 Cum
1133 3977 1234 4033 antem
1258 3969 1311 4033 Sol
1337 3993 1356 4033 a
1378 3972 1472 4033 Terra
1495 3969 1667 4043 ambiretur,

310 4059 431 4141 positis,
456 4078 533 4141 qnae
557 4059 638 4121 dicta
662 4067 747 4133 sunt,
772 4057 945 4120 necessario
970 4059 1020 4121 ille
1044 4059 1117 4120 ordo
1132 4077 1297 4141 ‚corporum
1320 4060 1402 4122 iutra
1424 4059 1547 4122 Terram
1570 4059 1668 4121 inclu-

306 4149 423 4211 dendus
447 4147 518 4224 fuit,
548 4148 598 4229 qni
622 4149 680 4209 duo
704 4148 813 4210 saltem
840 4147 1070 4226 complectitur:
1105 4166 1214 4228 nempe
1234 4156 1268 4211 ut
1290 4149 1415 4211 mobilia
1437 4149 1496 4210 duo
1519 4167 1585 4210 cunr
1609 4147 1668 4208 im-

309 4236 411 4300 mobili
434 4235 507 4298 Sole
530 4237 656 4299 eundem
685 4238 836 4299 efficerent
863 4254 1016 4299 numerum
1044 4237 1225 4311 ternarium,
1260 4237 1309 4318 qui
1338 4246 1387 4300 est
1413 4237 1443 4299 in
1471 4236 1602 4299 exclusis
1629 4235 1669 4297 ab

308 4327 379 4389 orbs
403 4326 525 4388 Terrae.
572 4323 624 4387 Sic
655 4326 765 4404 igitur,
798 4326 886 4388 Luna
916 4324 1097 4405 praesertim
1119 4326 1244 4389 Terram
1275 4326 1453 4401 ambeuuts,
1487 4324 1669 4388 domicilium

308 4425 442 4476 nostmm
465 4414 595 4494 optimus
620 4411 748 4476 Creator
771 4414 801 4475 iu
828 4414 927 4476 modio
955 4421 1073 4493 septem
1100 4414 1291 4494 planetarum
1321 4415 1491 4477 collocavit.
1538 4415 1619 4477 Nam
1642 4411 1685 4474 si·

309 4504 398 4564 trium
419 4502 599 4583 reliquomm
621 4503 695 4564 ordo
725 4502 764 4564 ad
787 4501 889 4564 Solem
921 4502 1122 4577 accessisset,
1156 4503 1287 4567 fuissent
1319 4504 1410 4583 igitur
1439 4503 1520 4565 intra
1543 4503 1668 4565 Terram

309 4609 375 4651 cnm
398 4589 471 4652 Sole
494 4601 623 4670 quatuor
651 4591 777 4665 stellae,
812 4591 890 4654 duae
918 4610 990 4652 vero
1018 4598 1137 4653 tantum
1166 4599 1266 4654 extra.
1312 4590 1399 4664 Quae
1423 4591 1538 4654 numeri
1560 4587 1668 4664 ἀιαξια

309 4696 376 4739 cum
397 4679 514 4740 ratione
543 4686 666 4754 careat,
698 4680 813 4741 omissa
839 4687 889 4742 est
910 4700 930 4740 a
954 4677 1110 4743 creatore.
1158 4676 1234 4742 Cum
1257 4680 1331 4743 item
1354 4680 1509 4743 continere
1531 4680 1574 4740 sit
1594 4698 1667 4759 per-

309 4766 454 4842 fectioris,
474 4768 613 4838 utactio,
633 4768 778 4830 contineri
797 4776 831 4829 ut
850 4768 954 4848 passio
977 4767 1217 4848 imperfectioris,
1240 4769 1385 4849 primaria
1397 4788 1468 4831 vero
1487 4769 1668 4849 perfectiora

309 4854 372 4918 sint
393 4854 511 4930 ceteris,
536 4856 686 4931 convenit,
710 4863 743 4918 ut
765 4855 856 4919 trium
874 4858 947 4920 ordo
962 4857 1130 4920 contineret
1144 4857 1279 4934 Terram,
1304 4858 1420 4942 reliqua
1442 4857 1667 4920 continerentur
