3609 5634
804 423 967 474 romeam·
1501 422 1568 489 aas

178 581 299 661 piuut.
347 579 461 644 Cetera
483 598 560 663 quae
589 581 721 660 allegas,
752 583 831 643 levia
859 590 946 644 aunt:
982 591 1209 662 praeceptorem
1233 584 1309 660 dixi,
1339 582 1409 664 quia
1437 603 1474 646 ea
1502 586 1567 664 ejus
1627 658 1635 675 Ι

181 671 280 734 lsssro
313 670 415 752 aliqua
446 670 606 732 hauseram
636 670 741 731 utilia:
776 671 994 733 nobilissimum
1025 690 1113 747 vero,
1156 672 1227 752 quia
1255 674 1303 736 his
1340 673 1369 734 iu
1405 674 1569 753 provinciis

183 760 436 825 Austriacomm
460 758 615 821 nobilitati
638 759 729 820 datur
752 759 879 822 eruditio
908 768 940 822 et
962 780 1068 823 munus
1092 760 1229 825 aulicum.
1276 762 1469 845 Hypotheses
1496 783 1568 826 vero

185 852 267 929 ejus
292 849 414 924 feci,·iu
439 848 546 929 quibus
570 847 683 928 aliquid
706 849 846 911 mutavit.
893 850 974 912 Nam
998 852 1025 912 si
1049 851 1126 912 beno
1146 851 1278 925 memini,
1302 852 1425 913 Terram
1448 861 1481 913 et
1503 852 1567 932 ipse

185 941 312 1013 volvit,
343 946 376 1000 et
397 938 427 999 iu
451 937 562 999 Martis
585 937 696 998 circulo
721 936 751 999 di
770 944 888 1018 crepat,
924 939 1004 1013 sive,
1029 947 1063 1000 ut
1086 939 1174 1012 dicis,
1206 948 1297 1003 errat.
1344 939 1424 1003 Nam
1447 943 1506 1002 etsi
1530 961 1568 1002 ex

188 1029 368 1091 Maestliuo
393 1027 430 1088 de
453 1028 510 1089 hac
534 1033 565 1087 te
588 1026 667 1088 inter
690 1034 723 1088 et
744 958 856 1090 [lusum
882 1027 1088 1090 controversia
1116 1029 1186 1091 olim
1210 1029 1431 1103 inaudiveram‚
1464 1037 1567 1091 taumn

189 1138 270 1180 cnm
303 1126 336 1178 et
363 1116 562 1196 Maginusiu
586 1115 679 1178 Italia
702 1123 734 1178 et
764 1116 926 1178 Roeslinus
959 1116 990 1179 in
1022 1116 1147 1179 Alsatia
1180 1117 1291 1197 singuli
1323 1137 1377 1198 pro
1407 1137 1440 1179 se
1469 1119 1567 1181 simile

192 1209 355 1289 quippiam
379 1223 418 1266 ex
441 1204 658 1286 hypothesibus
683 1202 841 1284 Copernici
866 1206 1066 1280 derivassent,
1091 1207 1305 1268 existimabam
1330 1206 1410 1269 idern
1433 1216 1464 1269 et
1487 1208 1566 1270 Urso

193 1297 376 1377 excogitata
390 1295 523 1373 proclive
540 1293 643 1356 luisse.
660 1289 685 1368 ³)
731 1295 867 1375 Denique
883 1295 961 1375 quod
976 1295 1043 1357 finis
1058 1295 1206 1375 principio
1231 1296 1397 1376 respondet
1419 1295 1491 1357 nihil
1508 1297 1566 1357 mi-

195 1407 277 1460 rum,
302 1404 357 1447 nec
372 1383 435 1444 ulla
448 1383 478 1444 in
493 1390 565 1444 voto
579 1383 769 1464 improbitas,
793 1392 827 1445 ut
841 1383 964 1457 „valeat
988 1384 1138 1446 sideribus
1153 1392 1185 1446 et
1203 1385 1381 1447 scientiae“.
1428 1386 1464 1446 Id
1480 1385 1565 1466 equi-

199 1477 270 1538 dem
295 1475 431 1548 studeat,
455 1472 626 1535 maledictis
650 1472 771 1533 omissis
794 1482 826 1533 et
852 1492 933 1534 vana
957 1473 1173 1536 ostentatione.
1220 1474 1343 1547 „Decus
1366 1481 1468 1535 autem
1484 1472 1566 1536 Ger-

200 1563 345 1628 maniae“
368 1562 442 1624 mihi
469 1561 596 1642 quilibet
619 1569 682 1637 est,
713 1561 761 1623 cui
785 1570 902 1623 tautum
925 1562 1038 1638 tn'bno,
1064 1571 1206 1643 quantum
1221 1563 1265 1626 illi
1288 1562 1469 1637 tribuebam,
1499 1564 1569 1643 quia

125 1728 135 1737 .
199 1674 309 1736 nempe
343 1651 569 1712 mathemata
601 1669 722 1711 verum
755 1651 865 1712 decus
898 1661 984 1713 suut
1014 1652 1121 1714 unius
1150 1650 1380 1714 Germaniae.
1410 1682 1451 1693 -
1482 1653 1566 1713 Ilaec

199 1747 277 1807 adeo
293 1741 426 1824 prolixe,
443 1758 509 1799 cum
523 1747 558 1801 ut
571 1740 705 1801 dolorem
719 1758 818 1800 meum
841 1748 974 1803 testarer
992 1741 1078 1821 justa
1097 1741 1228 1823 querela,
1251 1749 1314 1803 tum
1338 1748 1373 1803 ut
1395 1749 1565 1822 appareret,

200 1832 345 1896 arbitrari
366 1848 414 1891 mc
437 1848 496 1889 nou
520 1832 639 1890 omuino
663 1828 736 1889 nihil
760 1829 799 1890 ad
822 1848 922 1891 meam
945 1829 1203 1893 existimationem
1233 1829 1399 1910 pertinere,
1431 1831 1509 1911 quod
1533 1837 1565 1890 tu

335 1917 460 1981 sentias.

199 1925 238 1985 de
261 1942 340 2073 maid
364 2015 539 2080 extremum,
564 2013 690 2063 concludit
707 2013 844 2077 Keplerus‚
864 2013 897 2062 ad
915 2013 1078 2063 Maestliuum
1097 2013 1216 2078 loquens,
1246 2006 1363 2080 addidi,
1388 2025 1444 2067 non
1468 2006 1564 2068 videri

199 2103 323 2183 dignum
348 2096 498 2180 'lychonis
521 2093 745 2174 magnitudine,
778 2102 813 2155 ut
836 2102 898 2155 tam
923 2096 1121 2156 vehementer
1144 2095 1182 2156 ob
1210 2094 1288 2156 banc
1316 2095 1564 2158 obtrectationem

199 2195 433 2255 commoveatur.
481 2185 619 2246 Patietur
642 2183 743 2263 potius
768 2202 860 2263 opera
883 2202 937 2263 pro
962 2193 1091 2265 utroque
1116 2184 1207 2265 loqui,
1232 2203 1367 2258 securus,
1391 2185 1461 2265 quid
1484 2184 1565 2246 docti

98 2348 103 2353 ,
200 2281 319 2343 sensuri
342 2278 413 2339 siut.

157 2506 159 2509 .
270 2454 374 2518 Tycho
392 2452 430 2501 luis
448 2448 550 2513 Kepleri
566 2448 644 2498 literis
661 2448 787 2511 respoudit
806 2444 841 2508 (d.
862 2444 887 2495 9.
907 2448 969 2498 Dec.
991 2444 1072 2509 tosa)
1096 2446 1221 2511 pluribus,
1244 2462 1345 2512 quorum
1370 2462 1415 2506 uu,
1442 2461 1507 2512 quae
1530 2447 1563 2498 gd

198 2528 360 2579 Prodromum
378 2525 516 2588 pertinent,
535 2533 610 2583 supra
634 2518 786 2568 exhibuimus
809 2516 879 2583 (pag.
898 2516 933 2565 tt
951 2516 1008 2583 sq).
1047 2518 1119 2578 Quae
1136 2518 1185 2568 huc
1204 2523 1343 2582 pertinent,
1371 2519 1466 2568 haecce
1490 2527 1564 2569 eune:

222 2586 226 2589 ⁵
273 2598 477 2660 Exoptatissimas
491 2598 516 2641 et
529 2591 705 2641 emditissimas
722 2598 778 2637 tuas
796 2589 889 2645 literas,
903 2589 948 2638 Vir
960 2589 1118 2645 Doctissime,
1138 2596 1163 2638 et
1176 2590 1206 2639 cb
1220 2590 1320 2639 eximias
1333 2591 1426 2655 ingenii
1439 2591 1474 2639 tui
1494 2591 1564 2641 dotes

200 2670 271 2734 (licat
286 2670 316 2719 de
329 2669 394 2717 facie
406 2666 467 2715 mihi
476 2663 583 2713 necdum
597 2657 708 2726 cognite)
721 2661 849 2724 piuu'mum
863 2666 948 2709 tamen
961 2661 1062 2721 dilecte,
1083 2661 1168 2723 accepi
1186 2661 1351 2724 praecedente
1364 2668 1461 2713 amsans
1473 2662 1563 2712 wtua.

199 2744 301 2808 bergae,
319 2739 393 2804 paulo
414 2744 547 2799 autequam
565 2733 622 2782 iude
642 2732 802 2788 discederem.
823 2746 877 2780 cum
896 2733 921 2781 in
940 2733 1069 2796 procinctu
1089 2747 1168 2781 essem
1188 2733 1282 2781 itineris
1293 2732 1428 2782 Bohemlci.
1457 2732 1563 2800 ldeoque

198 2823 254 2865 mm
273 2815 304 2862 iis
322 2807 485 2874 respondendi
503 2805 570 2855 nulla
591 2805 698 2854 dabatur
721 2806 905 2866 opportunitas.
934 2805 970 2853 uti
993 2818 1073 2867 neque
1095 2809 1183 2866 postea
1204 2817 1282 2868 usquc
1306 2805 1332 2852 in
1353 2803 1400 2853 hoc
1418 2810 1515 2869 tempus
1533 2805 1564 2854 oh

197 2901 281 2937 rarum
299 2896 409 2933 mearum
428 2877 633 2933 vicissitudinem,
660 2882 686 2925 et
709 2889 799 2923 nomm
822 2875 955 2925 earundem
981 2876 1006 2924 ln
1030 2874 1090 2923 locis
1112 2876 1246 2939 peregrinis
1272 2882 1428 2938 apparatum.
1466 2875 1563 2926 Nantua

201 2964 288 3008 autem
305 2958 360 3018 jam
379 2949 558 3015 aliquantulum
577 2948 629 3004 otii,
648 2949 699 2996 unt
718 2960 773 2994 cum
792 2946 905 2995 mittendi
919 2945 951 2994 ad
963 2953 988 2994 te
1001 2960 1071 2995 meas
1084 2945 1266 3003 commoditate,
1285 2961 1335 2995 uon
1353 2946 1443 2996 diadas
1460 2948 1564 3011 rescrip.

198 3031 267 3079 tione
286 3024 494 3089 supersedendum
514 3020 647 3068 arbitratus
666 3033 727 3066 sum.

272 3098 344 3159 Quae
362 3097 394 3145 ab
410 3094 480 3143 initio
499 3092 530 3140 de
548 3090 703 3139 mateteriam
726 3089 774 3136 isto
793 3087 856 3138 Urso
879 3088 917 3136 tui
935 3086 1057 3153 purgandi
1081 3099 1159 3136 causa
1181 3085 1274 3150 prolixe
1298 3100 1488 3144 commemoras.
1512 3102 1562 3137 uun

198 3171 313 3235 equidem
331 3175 369 3216 tot
386 3167 466 3216 verbis
486 3168 511 3213 at
530 3169 582 3210 tam
601 3161 724 3225 exquisita
741 3159 911 3209 declaratione
929 3159 1101 3224 indiguissent,
1121 3173 1177 3207 cum
1195 3159 1300 3221 ipsemet
1318 3159 1381 3207 alias
1393 3164 1419 3207 te
1438 3159 1498 3207 satis
1518 3173 1562 3208 ex-

199 3249 314 3292 cusatum
332 3238 439 3289 habeam
457 3234 565 3297 nihilque
585 3233 628 3281 tibi
647 3234 779 3296 imputem,
797 3231 861 3293 quod
879 3232 900 3279 is
919 3229 1003 3279 literas
1021 3236 1091 3286 tuas,
1112 3237 1137 3278 st
1156 3242 1199 3278 eas
1217 3229 1329 3293 quidem,
1348 3231 1385 3278 uti
1403 3242 1469 3279 nunu
1488 3244 1519 3279 01
1536 3235 1562 3279 a„

198 3314 316 3377 percipio,
335 3309 463 3359 mutilatas
482 3315 508 3355 et
526 3305 688 3367 depravatas.
708 3304 744 3350 sui
764 3302 867 3351 ornandi
893 3316 983 3361 causa,
1010 3315 1068 3351 nam
1090 3302 1125 3350 sic
1143 3301 1206 3350 torta
1225 3315 1285 3365 opus
1303 3299 1403 3357 habuit,
1427 3302 1474 3350 isto
1497 3300 1563 3366 quod

199 3384 324 3450 evulgavit
343 3380 436 3430 scurrili
455 3384 481 3428 et
498 3376 630 3426 maledicto
649 3375 753 3437 scripto,
779 3378 804 3422 ts
828 3374 905 3422 inscio
931 3378 957 3421 et
980 3373 1055 3422 invito
1074 3372 1212 3421 inseruerit.
1248 3371 1288 3421 De
1306 3371 1482 3436 hypothesibus
1500 3374 1563 3421 maia

198 3458 230 3505 ab
248 3456 291 3505 illo
309 3453 444 3518 praereptis
463 3456 489 3499 et
507 3464 550 3513 pro
570 3449 619 3496 suis
638 3446 772 3495 venditatis
791 3459 840 3493 uon
859 3449 934 3493 tauta
954 3450 1021 3494 esset
1038 3444 1158 3507 quaestio.
1178 3444 1225 3491 nial
1243 3444 1269 3492 lu
1287 3443 1334 3492 isto
1353 3444 1518 3493 inverecundo
1538 3450 1563 3493 et

197 3526 322 3593 figmentis
342 3531 417 3590 atque
436 3520 565 3573 calumniis
584 3523 698 3567 scatente
716 3516 776 3566 libro
794 3516 912 3564 honorem
931 3522 957 3564 et
975 3516 1181 3564 ematimationem
1193 3528 1284 3569 msam.
1304 3517 1353 3563 imo
1371 3516 1488 3578 patriam,
1506 3530 1561 3579 pm.

197 3602 302 3661 sapiam,
321 3599 419 3647 domum
437 3591 642 3648 honestissimam,
661 3587 876 3652 impudentissimis
895 3591 922 3635 et
944 3586 1123 3636 scelestissimis
1141 3582 1293 3643 mendaciis,
1313 3586 1407 3635 scurrili
1427 3592 1452 3636 et
1468 3599 1562 3635 vesano
1665 3598 1668 3605 ’

198 3671 296 3721 calaum
317 3669 446 3723 arrodere.
472 3670 497 3714 et
519 3668 639 3726 quantum
657 3662 683 3709 lu
701 3662 753 3724 ipso
773 3665 811 3708 est
830 3658 959 3707 detamare
978 3672 1028 3723 nou
1051 3657 1201 3713 erubuisset,
1224 3670 1279 3704 cum
1298 3662 1384 3706 tamen
1402 3658 1506 3720 ipsemet
1524 3657 1561 3706 ia·

198 3748 282 3790 teatur
300 3742 325 3789 iu
344 3739 512 3804 praefatione,
531 3747 571 3781 me
590 3732 653 3780 bene
673 3745 726 3779 esse
746 3730 776 3779 da
795 3729 836 3777 illo
855 3730 985 3783 meritum,
1005 3728 1120 3777 studeat
1138 3727 1197 3775 mihi
1216 3741 1315 3777 carmen
1335 3728 1457 3792 quoddam
1476 3729 1561 3792 ipsius.

197 3813 257 3862 licet
268 3812 363 3861 insulsa
382 3806 430 3871 (uti
443 3803 517 3865 solet)
536 3817 601 3852 vena
619 3802 751 3857 effutitum,
772 3802 917 3864 propriaque
937 3801 990 3861 ejus
1008 3813 1085 3848 manu
1097 3800 1221 3861 scriptum,
1241 3813 1288 3861 quo
1307 3798 1367 3848 mihi
1385 3801 1481 3864 gratias
1500 3800 1560 3864 agit,

197 3883 263 3948 quod
280 3898 331 3931 uon
349 3882 438 3930 saltem
456 3892 500 3942 per
517 3874 641 3939 plusculos
660 3874 729 3928 dies,
749 3887 805 3921 cum
825 3871 958 3934 aliqnando
977 3869 1126 3934 Uraniburgi
1146 3869 1211 3932 apud
1228 3884 1268 3919 me
1288 3875 1365 3927 esset,
1385 3871 1439 3920 cibo
1458 3875 1485 3920 at
1502 3878 1561 3934 potu

197 3956 265 4005 illum
283 3954 386 4017 largiter
411 3951 528 4003 alueum.
555 3944 600 3995 sed
625 3951 651 3993 et
674 3946 775 4008 insuper
799 3942 937 3991 discedenti
959 3942 1077 4006 pecunias
1100 3936 1252 4002 dederim.⁸)
1290 3940 1328 3990 En
1346 3943 1444 4005 qualem
1462 3956 1504 4006 prc
1523 3941 1561 3990 his

199 4033 273 4090 atque
293 4025 348 4073 aliis
366 4024 442 4072 neten
459 4012 585 4086 gratiam!
623 4014 787 4065 Occasionem
806 4014 893 4062 sumsit
910 4012 995 4062 horum
1015 4012 1196 4067 convitiorum,
1216 4011 1280 4077 quod
1299 4013 1324 4061 iu
1344 4012 1364 4061 1.
1383 4018 1466 4061 nostm
1484 4011 1561 4060 Tomo

197 4097 364 4161 Epistolarum
382 4093 609 4143 Astronomicarnru
629 4094 697 4136 extet
716 4086 773 4135 cnr.
794 4085 946 4134 Rothmanni
971 4085 1091 4147 epistola,
1118 4084 1143 4132 iu
1168 4097 1218 4147 qua
1237 4083 1326 4133 Ursum
1344 4084 1418 4132 istum
1440 4084 1561 4145 impurum

198 4177 271 4217 vocat
288 4165 444 4225 nebulonem,
464 4163 544 4228 qualis
563 4160 628 4209 enim
648 4166 714 4206 esset
732 4159 757 4206 iu
777 4157 836 4206 aula
853 4158 890 4205 sui
903 4157 1021 4219 principis
1034 4157 1089 4220 ipsa
1101 4156 1252 4218 experientia
1264 4156 1375 4209 edoctus,
1394 4158 1446 4202 tum
1465 4166 1560 4216 quoque

198 4240 319 4288 relatione
338 4239 441 4287 aliorum
460 4251 490 4285 ex
507 4236 537 4283 iis
555 4231 625 4285 locis,
644 4229 685 4278 ubi
704 4235 783 4278 antea
800 4229 902 4277 exerat.
932 4228 984 4292 Ego
1002 4241 1060 4277 vero
1078 4227 1104 4275 in
1122 4226 1173 4275 alia
1190 4225 1298 4290 quadam
1318 4225 1350 4274 ad
1369 4224 1462 4273 dictum
1480 4222 1558 4272 Roth·

198 4325 318 4360 mannum
337 4308 441 4373 epistola
460 4308 485 4356 id
504 4305 593 4354 saltem
611 4300 735 4349 mimetics
753 4300 832 4348 reierc
852 4305 878 4348 et
895 4298 966 4347 simul
984 4299 1090 4355 insinuo,
1110 4312 1157 4362 quo
1170 4296 1225 4346 dolo
1238 4295 1361 4360 quaedam
1374 4310 1404 4345 ex
1415 4295 1477 4344 meis
1491 4293 1559 4344 clan-

199 4383 281 4432 culum
300 4382 470 4435 subtraxerat,
495 4388 597 4441 quorum
613 4370 733 4420 nonnulla
751 4371 845 4432 recepi,
869 4383 934 4433 quae
954 4370 1088 4419 etiamnum
1105 4370 1182 4432 ipsius
1199 4381 1276 4417 mauu
1295 4362 1379 4430 (quam
1397 4380 1490 4431 negare
1509 4380 1559 4416 nou

198 4451 292 4517 potest)
313 4458 418 4502 exarata
436 4463 512 4513 penes
530 4459 569 4494 me
583 4449 653 4497 suut3
674 4448 700 4490 et
718 4456 787 4495 saue,
807 4442 828 4488 si
846 4440 905 4488 mihi
916 4442 1000 4489 'otium
1020 4439 1198 4505 agranonbus
1217 4437 1304 4487 studiis
1322 4443 1382 4486 tunc
1400 4437 1560 4501 superfuisset

199 4525 316 4589 epistolas
334 4523 397 4583 illas,
418 4522 475 4569 dum
493 4518 558 4581 typis
577 4514 666 4562 nostris
685 4512 878 4567 excudebantur,
898 4511 980 4573 quoad
997 4512 1095 4573 singula
1114 4515 1232 4559 contenta
1249 4508 1384 4565 revidendi,
1404 4523 1453 4557 uon
1472 4522 1559 4572 passus

198 4596 298 4645 fuissem
324 4595 411 4644 librum
429 4591 497 4640 illum
518 4600 591 4638 ame
612 4585 704 4634 editum
723 4584 793 4632 istim
812 4582 880 4632 effari
899 4586 926 4629 et
943 4582 1021 4644 putidi
1040 4581 1094 4630 Ursi
1113 4583 1211 4631 uomina
1229 4580 1398 4644 conspurcari.
1427 4594 1476 4629 nou
1494 4580 1559 4645 quod

198 4667 349 4730 dumemcdi
369 4664 486 4725 adiuncto
499 4659 607 4724 epitheto
619 4656 735 4720 indignus
748 4655 843 4704 censeri
854 4653 941 4716 possit,
961 4657 1006 4700 aut
1023 4651 1076 4700 ulla
1092 4648 1127 4698 illt
1145 4652 1279 4703 secuudum
1295 4650 1423 4701 hominnm
1441 4657 1560 4701 consueta

197 4739 290 4800 judicia
308 4735 429 4802 loquendo
448 4735 482 4783 sic
501 4732 573 4781 fieret
590 4728 692 4790 injuria,
714 4732 787 4789 prout
805 4740 854 4774 ucu
874 4723 965 4772 saltem
983 4721 1169 4779 Rcthmannus,
1196 4722 1240 4795 sed
1259 4723 1335 4772 etiam
1352 4722 1424 4772 multi
1443 4723 1498 4780 alii,
1518 4723 1559 4786 qul

199 4824 255 4859 eum
273 4810 335 4859 satis
352 4820 451 4862 novare,
470 4808 627 4868 perspectum
644 4797 750 4853 habent,
777 4811 861 4846 verum
884 4796 945 4858 qnia
962 4809 1012 4843 uon
1029 4793 1135 4842 libenter
1153 4794 1178 4842 iu
1196 4795 1258 4842 mels
1277 4794 1374 4856 scriptis
1392 4794 1466 4843 ullius
1482 4795 1558 4843 vitam

198 4888 225 4930 ct
241 4894 331 4937 mores,
350 4878 533 4944 qualescunque
551 4874 610 4929 unt.
628 4869 773 4933 perstringo,
792 4867 858 4917 unde
877 4867 953 4916 auam
970 4866 996 4914 iu
1011 4863 1116 4930 epistola
1126 4862 1455 4919 aeliamsanctiam..
1471 4872 1559 4929 postea

198 4951 380 5017 Waudesburgl
399 4962 415 4998 a
431 4962 473 4998 mc
490 4948 551 4996 libro
569 4945 601 4994 de
613 4940 763 4991 Mechauiaa
775 4939 932 4990 Amenanus
950 4936 1091 5000 semuncta,
1109 4950 1200 4987 nomen
1218 4937 1287 4987 istim
1306 4936 1384 4993 omisi,
1403 4943 1461 4986 utut
1478 4937 1558 4985 dictur
