3609 5634
650 374 1030 473 Ufflffl‘fflffl
1473 377 1523 450 st

162 547 270 610 pagos,
296 532 416 612 oppida,
439 533 621 612 provincias,
646 554 740 620 regna
763 538 802 600 ad
825 538 907 602 orbis
929 538 1086 621 imperium
1099 543 1282 614 asnsrrdsrit,
1307 544 1407 607 omnia
1428 544 1523 624 prebe

161 622 371 698 perspexerit;
396 640 502 700 neque,
526 623 560 684 ut
583 633 654 686 snut
677 623 816 702 humana,
841 623 1000 709 quicquam
1024 625 1107 692 ullibi
1131 631 1278 711 repererit
1297 634 1430 706 beatum,
1454 633 1523 694 diu-

163 715 293 784 turnum,
318 718 349 772 et
372 710 444 786 tale,
470 729 527 790 quo
551 713 628 774 liniri
651 722 683 775 et
706 711 837 776 saturari
862 714 955 797 queit
975 711 1042 797 ejus
1068 721 1230 798 appetitus.
1264 721 1349 783 Tunc
1373 723 1450 784 enirn
1472 722 1523 783 in-

162 795 257 875 cipiet
277 800 404 862 meliora
426 818 580 881 quaerere,
603 809 674 865 tunc
695 824 715 864 a
729 804 825 867 Terra
846 804 903 870 hun
921 807 957 868 ‘in
980 808 1097 869 coslum
1121 809 1274 883 ascendet,
1297 818 1369 872 tuna
1389 812 1523 874 animum

162 885 277 948 fessum
300 889 378 950 unns
402 888 541 952 inanibus
564 890 602 952 acl
625 891 703 953 hanc
727 893 858 972 quietem
880 897 1060 971 mataras,
1086 903 1158 958 tane
1181 897 1282 960 dicat:

481 995 578 1046 rences
596 998 705 1056 animas,
724 997 811 1063 qntbm
827 997 893 1049 latet
913 1003 1061 1067 tngnmeere
1078 1000 1182 1065 primum

535 1066 614 1132 laque
631 1068 716 1118 domos
734 1079 837 1133 rupem
853 1071 976 1122 scandam
994 1079 1054 1123 m
1070 1073 1130 1128 rna,
1166 1065 1267 1135 (ΒΜ.)

159 1161 255 1229 quare
280 1161 470 1216 contemnere
492 1154 626 1235 incipiet,
651 1175 727 1238 qnae
751 1158 821 1220 clim
843 1159 1111 1238 praestantissima
1133 1158 1258 1237 censuit,
1285 1163 1351 1224 sula
1370 1162 1445 1224 llaec
1462 1161 1520 1228 Bti

159 1255 257 1319 opera
270 1243 371 1323 magni
386 1243 488 1317 faciet,
512 1252 602 1326 atque
617 1263 730 1307 meram
747 1255 778 1309 et
797 1248 947 1312 sinceram
960 1251 1082 1312 tandein
1101 1249 1289 1329 toluptatem
1313 1251 1350 1312 e'r'r
1372 1241 1420 1312 tls
1443 1253 1520 1313 con*-

158 1330 409 1410 templationibus
437 1331 547 1413 capiet.
596 1323 800 1399 contemnant
831 1335 923 1416 igitur
956 1333 1031 1400 haec
1059 1347 1091 1401 et
1119 1331 1288 1418 hujusmodi
1311 1333 1520 1426 meletemata',

160 1419 329 1501 quicunque
363 1430 621 1506 quantumcunque
653 1424 775 1500 volent,
809 1433 1013 1507 quaerantque
1044 1425 1101 1490 sibi
1132 1427 1320 1512 undiquaque
1353 1421 1520 1508 'commoda

159 1508 297 1583 divitias,
320 1510 499 1573 thesauros:
524 1513 704 1576 astronomis
726 1513 844 1576 isthaec
866 1516 966 1595 gloria
988 1517 1128 1592 sufficiat,
1154 1516 1232 1596 quod
1255 1513 1442 1597 philosophis
1465 1536 1523 1582 aaa

158 1597 309 1671 scribunt,
339 1617 398 1662 nou
421 1601 545 1676 rabulis,
569 1602 699 1682 regibus,
722 1620 782 1664 nen
805 1603 990 1682 pastoribus.
1036 1605 1183 1684 Praedico
1206 1603 1373 1684 intrepido,
1403 1605 1520 1682 interos

70 1691 83 1704 “
159 1695 264 1748 tamen
279 1687 406 1768 atiquos;
430 1688 479 1769 qni
502 1710 575 1770 suae
595 1690 654 1753 sibi
673 1691 838 1753 senectutis
858 1692 927 1754 hinc
942 1701 1117 1773 comparant
1131 1694 1286 1767 solntinma
1309 1694 1388 1755 talea
1401 1711 1535 1773 nempe,

159 1776 211 1855 qui
235 1776 333 1856 quoad
356 1776 553 1857 magistratus
576 1787 750 1860 gesserunt,
778 1780 824 1841 ita
844 1797 879 1842 se
903 1790 1077 1861 gesserunt,
1104 1790 1140 1844 nt
1161 1782 1249 1844 liberi
1272 1773 1422 1844 mdtsibns
1442 1798 1520 1844 οω-

158 1864 304 1926 scientiae
328 1866 445 1927 habiles
469 1882 537 1928 esse
559 1869 678 1948 possint
702 1868 836 1930 fruendis
859 1870 942 1931 bisce
967 1871 1092 1934 deliciis.

247 1952 371 2016 Existet
383 1955 492 2017 iterum
507 1955 663 2019 Carolus
687 1957 805 2040 aliqum,
821 1947 849 2032 δ)
873 1957 933 2039 qul,
956 1973 1022 2022 cnm
1036 1959 1168 2040 Eurdpa,
1194 1959 1292 2041 quoad
1314 1955 1519 2052 imperaverit,

158 2057 219 2102 non
242 2053 412 2123 caperetur,
436 2043 535 2106 tessus
559 2043 701 2125 imperiis,
727 2035 1106 2126 carpentanorum
1129 2045 1286 2128 capiatur:
1311 2047 1416 2129 cuique
1436 2041 1518 2110 inter

57 2207 64 2217 ⁸
159 2139 208 2192 tot
231 2134 414 2212 spectacula,
439 2134 553 2210 titulos,
578 2129 761 2214 triumphos,
786 2142 834 2196 tot
856 2129 995 2212 divitias,
1020 2138 1123 2212 urbes,
1147 2156 1255 2218 regua,
1280 2135 1368 2204 linies
1391 2117 1518 2198 ‘inmid-

159 2221 227 2281 nica
257 2221 305 2282 vel
328 2222 393 2303 jam
417 2219 833 2306 Copernicopythagoraeas)
857 2225 987 2306 sphaera
1009 2223 1181 2306 planetaria
1203 2233 1362 2306 tantopere
1386 2217 1544 2306 placcat,⁴

158 2318 193 2369 nt
216 2309 318 2371 orbem
342 2319 488 2373 terramm
513 2331 578 2375 cum
602 2333 640 2374 ea
662 2321 833 2389 commutet,
859 2314 1013 2395 digitoque
1034 2315 1171 2390 circulos,
1197 2332 1284 2394 qnam
1307 2315 1436 2396 populos
1458 2313 1518 2378 im-

159 2398 253 2477 periis
275 2416 381 2479 repere
406 2401 504 2464 malit.

173 2519 175 2522 ·
248 2487 316 2548 Non
341 2489 416 2550 haec
439 2507 475 2550 eo
498 2489 581 2564 dico,
605 2489 661 2551 viri
686 2488 877 2571 amplissimi,
901 2498 936 2552 ut
956 2509 1068 2553 moram
1089 2491 1279 2570 paradoxon,
1310 2507 1400 2551 mnas
1423 2492 1518 2555 aissa

159 2575 264 2655 polos,
288 2576 318 2637 in
341 2596 463 2640 scenam
486 2596 540 2639 sen
562 2577 592 2639 in
616 2579 739 2641 scholas
760 2580 945 2660 producam:
975 2578 1029 2641 sed
1055 2588 1091 2641 nt
1119 2586 1267 2659 appareat
1288 2580 1438 2658 qnodnam
1460 2593 1519 2660 gau

158 2666 281 2726 nulnum
306 2673 423 2752 tempus
448 2667 490 2728 sit
511 2679 640 2729 messem
663 2667 701 2729 dc
726 2669 773 2730 his
796 2669 907 2730 studiis
926 2668 1096 2747 colligendi.
1133 2668 1198 2729 Onr
1221 2663 1301 2728 enlm
1323 2668 1518 2730 destinante

159 2752 300 2815 facienda
322 2754 413 2816 'aliter
437 2775 493 2836 ego
517 2755 656 2830 sentiam,
682 2764 772 2838 atqne
795 2755 851 2819 viri
873 2755 1099 2838 pmdentlssimi
1125 2757 1161 2817 tle
1184 2757 1290 2817 vestra
1313 2753 1448 2830 &monae
1469 2755 1520 2837 qul

157 2842 234 2902 baec
250 2843 351 2905 studia
365 2844 444 2906 inter
461 2846 624 2926 praecipua
647 2853 836 2921 censuerunt,
862 2855 940 2947 quae
958 2842 1140 2926 juvenilibus
1165 2839 1333 2907 nobilitatis
1358 2839 1465 2906 animis
1488 2846 1519 2906 in

156 2930 263 2993 vestra
302 2932 408 2994 schola
443 2944 689 3014 proponerentur.
745 2931 797 2997 Sic
835 2954 915 2996 emm
953 2929 1144 3008 existimant,
1187 2943 1283 3084 nque
1316 2929 1416 3011 aptius
1449 2952 1517 3022 esse

157 3038 253 3098 genus
286 3021 436 3084 hominum
464 3023 502 3084 ad
539 3023 667 3085 colenda
697 3017 886 3086 mathemata
918 3017 1091 3095 nobilitate,
1129 3031 1163 3083 nt
1192 3020 1298 3102 quius
1326 3031 1410 3084 artes
1439 3001 1517 3096 aliae

159 3109 199 3170 ad
222 3107 334 3171 victum
358 3111 591 3192 comparandum
613 3131 671 3175 non
695 3112 740 3174 ita
768 3112 981 3185 necessariae,
1003 3129 1059 3174 uec
1087 3111 1205 3190 aptiora
1230 3108 1381 3174 nobilitati
1411 3110 1519 3184 studia

158 3198 389 3274 mathematicis,
413 3208 590 3280 propterea,
615 3201 692 3281 qnod
716 3201 836 3261 occulta
859 3210 890 3261 et
912 3199 1038 3264 mirifica
1061 3200 1191 3279 quadam
1213 3198 1359 3262 lacultate
1382 3198 1520 3277 polleant

156 3303 230 3364 prae
254 3288 374 3361 ceteris,
400 3289 517 3350 seroces
540 3287 655 3351 animoa
679 3290 717 3351 ad
740 3288 961 3350 humanimtsm
984 3287 1081 3369 adque
1101 3288 1234 3350 sobrium
1253 3305 1353 3348 rernm
1376 3293 1517 3347 onmes

158 3393 222 3435 mm
245 3384 428 3438 contemtum
449 3377 637 3439 instituendi.
675 3376 735 3448 Qui
759 3378 875 3439 moetos
894 3378 954 3439 etsi
973 3377 1152 3439 difficaltate
1175 3384 1207 3437 et
1230 3374 1394 3437 tesolatam
1414 3382 1516 3436 mats*

157 3464 210 3526 riei
230 3465 390 3545 juvenibus
414 3466 600 3541 obscuratur,
625 3467 746 3528 senibus
765 3473 877 3542 tamen,
903 3467 947 3528 nti
960 3467 1050 3550 modo
1065 3466 1185 3538 dictum,
1211 3475 1265 3525 nno
1282 3471 1423 3543 tempore
1446 3471 1515 3523 tend

177 3553 315 3616 atelacit.
493 3551 497 3555 ’

156 3573 175 3696 P
244 3639 346 3724 Atque
369 3642 444 3705 haec
468 3657 523 3724 ego
547 3641 693 3705 hactenus
721 3652 787 3705 cnm
812 3641 1083 3722 deprementibus
1111 3639 1255 3734 pagellis,
1286 3647 1348 3702 tum
1373 3639 1410 3701 de
1435 3640 1515 3702 omni

155 3729 351 3807 astronomia,
376 3732 415 3792 ad
437 3750 490 3792 vos
514 3732 715 3794 astronomiae
739 3731 772 3794 et
794 3729 972 3793 literaturae
996 3729 1089 3792 totius
1105 3731 1266 3803 amatores,
1292 3723 1360 3791 Viri
1374 3723 1514 3810 Amplis-

155 3821 243 3895 simi;
272 3831 305 3884 ut
336 3821 400 3902 ejus
424 3839 478 3881 vos
503 3817 696 3892 admoneam,
728 3815 806 3901 quod
834 3817 952 3899 pridem
980 3813 1111 3880 tenetis:
1145 3836 1240 3897 usque
1264 3813 1338 3878 nulli
1362 3818 1425 3878 usui
1447 3809 1513 3880 iore

155 3911 221 3984 hoc,
247 3910 325 3990 quod
339 3909 459 3972 humilis
478 3909 570 3971 offero
594 3918 626 3971 et
649 3909 764 3984 dedico,
790 3908 974 3988 opusculum,
999 3907 1094 3981 vobis,
1119 3906 1254 3985 quivere
1269 3906 1417 3985 generosi,
1443 3923 1513 3967 vore

154 3998 271 4061 nobiles
294 3998 390 4061 estis:
422 4005 454 4059 et
477 3997 616 4080 siquam
639 3997 758 4060 landem
782 4004 915 4059 meretur
936 3996 1086 4071 luventio,
1117 3995 1200 4058 illam
1230 4011 1342 4073 magna
1363 4013 1402 4055 ex
1425 4002 1512 4071 parte

154 4089 193 4149 ad
217 4107 271 4149 vos
294 4086 454 4168 pertinere,
480 4087 531 4166 qui
553 4095 657 4150 restra
681 4085 863 4148 liberalitate
883 4094 1043 4166 vestroque
1067 4083 1219 4164 manlio
1241 4081 1313 4142 milri
1335 4081 1513 4181 occasiones

153 4185 186 4238 et
208 4178 301 4240 otium
324 4175 398 4236 haec
421 4175 466 4236 ita
493 4175 713 4237 commentandi
741 4175 868 4236 lecistis.
917 4174 1059 4252 Accipite
1080 4173 1189 4251 igitur,
1222 4169 1291 4230 Viri
1313 4169 1511 4248 Amplrssnnr,

153 4266 209 4326 hoc
239 4264 320 4345 grati
352 4264 445 4325 animi
477 4265 662 4345 symbolam,
696 4279 801 4344 meqoe
834 4263 977 4324 numilem
1008 4261 1148 4323 clientem
1170 4261 1202 4321 in
1224 4264 1357 4318 vestram
1380 4255 1512 4334 gruttam

152 4355 317 4434 suscipite3
341 4361 373 4414 et
396 4352 523 4434 denique
548 4349 720 4414 assuescite
740 4351 819 4412 lntsr
843 4353 998 4422 Atlantes,
1021 4349 1164 4422 Perseas,
1190 4343 1334 4420 Oriones,
1360 4342 1511 4406 Caesares

151 4443 343 4522 Alphuns0s‚
379 4439 595 4521 Rhodolphos,
634 4447 810 4520 ceterosque
843 4437 1045 4500 astronomiae
1078 4442 1266 4516 promotores
1279 4431 1308 4512 ἲ)
1345 4427 1508 4493 accenseri.

151 4525 275 4595 Valete.
322 4529 425 4593 Idibus
449 4525 545 4610 Majr':
570 4529 620 4611 qui
644 4527 707 4591 dies
731 4535 801 4589 ante
825 4546 935 4589 annum
957 4525 1076 4588 initiunt
1098 4525 1155 4588 fuit
1177 4523 1264 4603 hujus
1288 4515 1411 4585 laboris.

365 4618 455 4699 Amp·
471 4615 602 4768 {nmilia
625 4703 656 4766 in
679 4703 784 4766 schola
805 4709 911 4764 vestra
935 4697 1105 4765 Grastiana
1126 4698 1359 4764 mathematicus

1095 4789 1143 4854 Μ.
1165 4786 1308 4854 Ionam
1327 4781 1488 4870 Koplerira

1194 4877 1409 4958 omanem.
1550 4927 1556 4936 .

1253 4978 1269 5034 7
1280 4982 1297 5015 ff
