3609 5634
708 380 740 432 s·
758 380 830 432 reem
848 379 1011 448 oenones
1472 382 1534 452 341

266 533 472 614 Keplerus:
505 532 667 599 Octiduum
694 535 840 602 Pascbati
870 521 1038 619 adjectum,
1071 540 1142 620 quia
1172 539 1270 604 triduo
1295 542 1418 606 aberrat
1445 544 1538 607 index

169 631 282 686 noster
305 623 533 688 noviluniorum.
580 625 692 688 Nescio
716 626 783 706 quis
806 645 862 688 nos
886 629 925 690 ad
949 629 1070 708 regulas
1093 628 1224 692 rusticas
1247 631 1446 711 ablegarent,
1470 652 1538 696 cum
1641 699 1649 708 ,

159 712 345 792 ,habeamus
368 714 594 780 astronomiam.

250 800 432 851 Fabricius:
459 801 512 866 Ego
530 809 604 866 puto,
623 816 700 852 noras
718 801 818 860 stellas,
837 819 859 852 r.
878 819 900 855 c.
921 801 1065 855 66611572
1084 809 1111 856 61
1127 804 1272 858 hodierum
1290 807 1316 858 in
1334 809 1409 874 cygni
1427 815 1537 873 pectore,

171 874 237 924 11666
255 879 409 924 cometarum
429 887 543 936 corpora,
570 888 619 923 non
636 881 697 925 turre
715 875 819 939 primurn
847 875 901 925 fieri
918 876 1040 941 incipere,
1069 877 1151 942 quoad
1172 879 1320 935 6666611616,
1347 894 1404 930 curn
1422 895 1449 931 se
1468 883 1538 931 nobis

173 943 355 1007 conspicientia
377 945 511 1008 praebent,
537 945 581 995 sed
598 946 625 994 in
642 947 696 1008 ipso
713 945 798 995 mnndi
815 947 946 1011 primordio
965 947 1079 998 conditas
1098 962 1166 1004 esse,
1194 954 1221 999 et
1246 952 1370 1001 66616616
1387 951 1466 1001 stellis
1484 953 1538 1003 sola

172 1015 240 1065 lueis
253 1015 568 1066 manutentionem.
604 1016 681 1066 Ratio
695 1023 742 1075 est,
762 1017 826 1082 quod
844 1017 892 1068 illis
905 1019 1102 1070 extraordinarie
1114 1018 1184 1070 Deus
1203 1020 1236 1070 ad
1246 1021 1338 1085 aliquid
1355 1022 1447 1073 mundo
1459 1024 1537 1087 signi·

176 1085 305 1136 ficandurn
332 1086 406 1135 certis
423 1087 574 1150 temporibus
592 1089 628 1136 uti
647 1089 816 1147 constituerit;
843 1087 913 1140 Deus
931 1104 988 1139 rero
1018 1089 1066 1138 illis
1093 1091 1174 1140 lucem
1197 1092 1305 1155 impertit
1330 1093 1369 1143 rel
1392 1093 1537 1145 immediate

174 1157 215 1207 rel
234 1158 312 1207 611666
329 1157 439 1207 mediate
458 1172 502 1221 per
519 1163 600 1208 motus
617 1159 790 1222 planetarum,
818 1167 862 1210 aut
888 1160 994 1210 aliarum
1011 1160 1138 1211 stellarum
1161 1161 1265 1212 fixarum
1283 1164 1471 1220 accedentium,
1497 1165 1536 1216 rel

177 1235 249 1277 eerta
267 1237 362 1292 σχεσει
381 1242 424 1278 ess
443 1230 625 1292 aspicientium.
663 1231 698 1280 st
715 1233 849 1295 quaenam
868 1246 925 1282 curn
943 1232 1026 1282 iumen
1043 1232 1140 1282 iliarum
1158 1234 1184 1282 in
1201 1235 1283 1297 prims
1294 1234 1414 1285 effnsfme
1432 1236 1467 1284 sit
1483 1243 1536 1287 sta·

176 1301 222 1349 tim
241 1300 385 1354 marimum,
403 1312 447 1349 cnr
464 1315 514 1350 non
533 1301 621 1351 eadem
639 1302 737 1352 ratione
754 1304 841 1353 statim
860 1302 1015 1368 dispareant,
1033 1303 1078 1353 sed
1095 1305 1188 1354 sensim
1205 1303 1307 1368 potius?
1489 1347 1496 1352 .

249 1370 322 1421 Haec
340 1377 366 1420 et
385 1370 506 1420 aliatum
524 1371 645 1422 audacter
663 1373 707 1422 abs
725 1379 751 1422 te
769 1388 876 1438 quaero,
895 1373 961 1439 quod
979 1375 1072 1430 sciam,
1090 1381 1117 1424 te
1135 1376 1159 1425 in
1179 1377 1396 1441 imaginationibus
1414 1378 1535 1430 mamma·

177 1456 231 1490 rum
250 1455 409 1505 resumptae
427 1442 511 1492 multis
530 1442 585 1493 aliis
603 1444 732 1508 plurimum
751 1444 880 1495 excellere
921 1443 1037 1509 Opticam
1056 1451 1083 1495 et
1101 1446 1160 1505 alia,
1179 1461 1244 1513 quae
1261 1446 1309 1497 hoc
1328 1461 1394 1498 anuo
1412 1449 1438 1497 in
1456 1448 1537 1498 lucens

178 1513 242 1563 data
259 1519 325 1569 sunt,
343 1526 435 1576 quaeso
453 1512 514 1563 mibi
531 1515 626 1564 mittas.
663 1515 736 1565 Vale.

266 1584 474 1663 Keplerus:
508 1584 575 1664 Ego
600 1595 769 1648 cometes
800 1587 889 1666 plane
909 1587 1047 1648 naturale
1071 1588 1141 1667 quid
1166 1607 1234 1649 esse
1261 1587 1379 1667 judico,
1414 1596 1535 1651 etcum

177 1672 305 1734 muudus
330 1672 425 1734 omnis
449 1673 549 1735 anima
572 1673 677 1753 plenus
701 1676 758 1751 sit,
783 1685 855 1755 puto
879 1676 935 1736 hos
960 1676 1045 1755 quasi
1070 1696 1210 1738 secessus
1234 1677 1379 1739 materiae
1403 1679 1532 1740 munda-

177 1780 246 1844 nae,
271 1761 322 1822 ubi
345 1760 506 1824 incrassati
531 1762 651 1839 fuerint,
675 1764 805 1826 calefieri
830 1764 869 1825 ab
884 1763 986 1826 anima
1009 1764 1131 1845 fierique
1146 1765 1245 1827 bullas
1270 1766 1431 1840 momnis,
1456 1785 1533 1845 quae

177 1850 275 1930 primo
299 1850 430 1912 animam
453 1849 639 1930 concipiunt,
671 1872 748 1934 quae
772 1875 790 1913 a
814 1853 940 1915 finarum
963 1852 1086 1915 animali
1121 1854 1267 1928 facultate
1291 1857 1361 1927 (seu
1390 1853 1448 1916 loci
1478 1874 1533 1918 eeu

181 1938 339 2000 facultatis
362 1939 402 1999 sit
417 1939 584 2019 proprium)
604 1940 769 2018 quiescere,
795 1960 871 2019 quae
887 1964 905 2002 a
921 1942 1121 2020 planetarum,
1146 1944 1267 2006 moveri.
1315 1940 1444 2005 Stellam
1465 1941 1536 2005 anni

178 2025 223 2090 12
246 2027 315 2090 1166
338 2027 450 2089 bullam
472 2027 580 2100 foisse,
614 2048 708 2090 causa
731 2028 799 2090 hinc
822 2029 943 2092 subitae
973 2029 1049 2091 lucis
1072 2029 1227 2105 indicium,
1261 2032 1340 2112 quod
1362 2032 1534 2094 successive
1623 2093 1626 2102 Α

175 2117 294 2178 colores
309 2116 393 2177 iridis
408 2118 562 2178 aemulata
576 2125 635 2192 est,
659 2126 693 2180 ut
707 2118 790 2179 bulla
808 2117 1016 2197 smegmatica.
1028 2111 1060 2191 ⁴)
1098 2118 1145 2180 De
1160 2120 1287 2181 cometis
1301 2127 1403 2181 161666
1419 2119 1534 2196 dubito,
1597 2163 1603 2177 .

178 2225 217 2266 an
241 2205 324 2267 intus
344 2203 428 2280 cavi;
452 2203 595 2266 refractio
619 2207 698 2268 eninr
722 2215 846 2285 cogeret
869 2207 971 2267 radios
995 2213 1027 2266 ot
1049 2206 1184 2268 sectione
1208 2207 1292 2270 facta
1315 2208 1423 2270 iterum
1442 2208 1535 2269 dissi-

179 2301 278 2374 paret.
300 2349 303 2356 ,
324 2293 407 2355 Tuae
440 2293 610 2356 sententiae
642 2294 717 2357 nihil
741 2295 836 2356 officit
867 2294 1022 2356 naturales
1045 2313 1133 2369 esse;
1168 2294 1374 2375 significarent
1400 2296 1538 2358 enimet

180 2382 322 2463 eclipses.

269 2469 420 2550 Optica,
446 2478 595 2549 quatenns
618 2470 734 2551 opilea,
760 2471 895 2545 absolvi;
918 2478 1033 2543 restat,
1059 2479 1093 2532 ut
1116 2470 1153 2531 de
1177 2491 1233 2532 usn
1256 2471 1372 2546 dicam,
1407 2471 1426 2532 i.
1452 2490 1478 2533 e.
1503 2481 1537 2534 61

179 2557 211 2622 al.
237 2559 268 2621 5.
293 2556 324 2622 6.
370 2558 537 2621 Ptolemaei
566 2560 658 2622 libros
688 2579 764 2639 pene
794 2567 878 2621 totos
907 2560 994 2621 novis
1023 2559 1222 2639 problematis
1246 2560 1422 2640 exprimam.
1470 2551 1534 2621 Irn-x

179 2668 287 2729 pressa
310 2667 367 2709 non
392 2655 479 2722 sunt;
504 2647 801 2728 magna‘diliicultas
824 2647 1014 2728 imprimendi
1037 2647 1104 2710 erit.
1377 2641 1381 2652 ’

270 2737 349 2799 Vale
374 2737 495 2798 tandem
519 2745 619 2808 et,me
644 2757 722 2813 ama,
747 2737 885 2816 mihique,
910 2736 936 2797 si
960 2755 1013 2816 per
1030 2727 1211 2798 dicteria‘et
1235 2736 1451 2798 morsiunculas
1466 2744 1535 2798 tae·

180 2826 260 2888 dium
300 2825 436 2906 prolixae
473 2825 645 2906 scriptionis
682 2834 841 2901 (paginarum
868 2835 894 2886 in
922 2835 980 2885 telio
1006 2831 1054 2896 2⁷)
1088 2824 1198 2888 alicubi
1235 2825 1341 2900 lenivi,
1385 2825 1534 2906 ignosces.

182 2916 264 2977 ldem
288 2914 342 2976 tibi
367 2913 480 2976 licitum
503 2924 578 2977 esto.

270 3005 387 3083 Pragae
410 3004 441 3065 d'.
466 3000 497 3066 4.
522 3003 583 3066 Jul.
612 2999 709 3066 1603.
1150 3002 1187 3063 T.
1212 2998 1251 3064 0.
1275 3001 1446 3064 Amantiss.

1181 3090 1215 3153 J.
1239 3088 1407 3173 Kepldrrre.

251 3179 320 3241 Quas
345 3179 431 3230 literas
449 3193 506 3229 curn
527 3179 651 3243 Keplerns
678 3179 792 3244 Augusto
818 3178 918 3229 demum
952 3192 1038 3229 mense
1063 3178 1189 3229 11166666
1213 3179 1385 3234 transmiserit,
1416 3179 1537 3244 epistolae

181 3253 286 3304 fabricii
310 3253 407 3300 interim
431 3251 464 3301 61
481 3249 617 3314 Keplerum
641 3248 869 3312 16166121166.
893 3248 919 3299 t.
938 3250 987 3301 Jul.
1017 3247 1060 3299 21.
1079 3247 1171 3316 Aug),
1197 3251 1263 3301 sicut
1286 3252 1362 3301 etiarn
1389 3252 1536 3315 posteriores

178 3337 264 3374 mense
282 3321 345 3373 Dec.
366 3318 434 3370 160³
454 3323 560 3372 retortae
577 3326 636 3371 snut
653 3322 758 3386 querelis
776 3328 803 3372 et
819 3323 937 3380 monitis,
963 3322 1050 3387 qulbus
1067 3321 1204 3386 Keplerum
1223 3322 1256 3372 sd
1274 3321 1472 3385 respondendum
1490 3322 1535 3371 im·

181 3394 265 3458 pellat
303 3393 400 3451 ,Licet
419 3394 505 3444 scribit
522 3390 547 3441 1.
567 3392 633 3451 Jul.,
658 3392 692 3443 ad
710 3399 735 3443 te
754 3395 968 3458 praestantissime
986 3391 1216 3444 mathematicorum
1235 3395 1311 3444 nostri
1329 3393 1406 3442 seculi
1424 3395 1537 3456 princeps

182 3466 287 3515 Domine
305 3464 423 3527 Keplere,
442 3470 480 3515 tor
498 3470 616 3528 quatorre
635 3461 673 3526 (irs
691 3464 768 3514 literis
788 3462 830 3513 28.
850 3463 920 3514 Junii
937 3464 1035 3514 scribit:
1055 3462 1146 3526 series)
1165 3464 1288 3515 hactenns
1306 3464 1452 3525 scripserim,
1469 3464 1537 3512 ride-

181 3539 213 3587 ris
232 3546 316 3586 tarnmr
335 3536 419 3585 omnia
437 3534 475 3585 rel
494 3549 525 3584 cx
542 3538 668 3599 proposito
686 3535 724 3585 rel
744 3536 798 3584 aliis
817 3535 998 3599 impedimentis
1023 3535 1122 3584 silentio
1146 3537 1290 3599 praeterire.
1326 3532 1381 3582 Nisi
1404 3539 1490 3583 autern
1507 3533 1538 3583 do

181 3615 225 3658 tna
251 3607 408 3657 humanitate
433 3612 460 3656 et
481 3606 630 3656 rescribendi
653 3606 775 3656 facilitate
794 3612 821 3656 et
846 3604 1023 3670 prorutitudine
1049 3605 1108 3655 mibi
1134 3613 1175 3656 sat
1202 3609 1341 3659 constaret,
1370 3609 1484 3668 putarem
1510 3609 1537 3653 te

180 3692 250 3728 mess
274 3679 382 3729 avorsari
400 3678 499 3735 litem,
528 3685 573 3727 ant
591 3691 676 3728 esrum
694 3677 855 3742 legendarum
877 3676 962 3727 166116
989 3681 1015 3724 16
1033 3675 1155 3726 laborare.
1191 3675 1298 3736 Quando
1322 3689 1379 3725 reso
1397 3673 1539 3724 commodus

186 3751 245 3800 mibi
262 3763 329 3800 nunc
348 3750 421 3799 datur
438 3749 509 3808 lator,
537 3748 601 3798 solui
620 3749 710 3798 ceteris
728 3756 755 3797 et
772 3748 848 3798 hasce
867 3748 1004 3811 adjungere
1022 3745 1122 3805 literas,
1142 3753 1170 3796 ut
1188 3747 1224 3795 sic
1243 3746 1276 3795 ad
1296 3744 1493 3809 respondendum
1512 3750 1538 3794 te

186 3820 287 3871 1661661
310 3819 442 3887 aliquando
467 3818 647 3885 permoream.“
686 3818 798 3876 Deinde,
818 3817 860 3867 21.
880 3819 986 3882 Augusti
1005 3818 1039 3867 sic
1059 3819 1153 3883 pergit:
1180 3816 1302 3867 Uranicus
1327 3816 1400 3866 ardor
1417 3815 1540 3865 deferbuit

186 3893 301 3949 multum,
327 3892 472 3955 praesertim
490 3890 555 3955 quod
573 3890 654 3940 oleum
672 3889 852 3954 Kepleriannm
870 3889 964 3938 nullum
990 3888 1094 3952 amplius
1112 3889 1221 3952 lampadi
1244 3894 1345 3937 nostrae
1363 3886 1539 3951 suppeditetur.
1626 3881 1629 3890 ’

185 3964 233 4014 Dis
252 3961 294 4012 22.
314 3962 376 4013 Dec.
396 3959 433 4023 (f.
452 3961 510 4012 Jan.
532 3957 628 4023 1601),
647 3964 719 4026 quasi
740 3959 850 4011 nondum
875 3960 1014 4024 accepisset
1037 3959 1138 4024 Kepleri
1159 3973 1317 4023 responsant,
1336 3959 1435 4009 scribit:
1465 3955 1538 4017 „Non

185 4042 258 4099 puto,
285 4041 311 4086 te
329 4034 479 4085 liberalitate
498 4047 556 4084 mea
573 4033 713 4098 opponendi
732 4033 853 4083 offensum
870 4032 955 4082 161616.
991 4030 1051 4082 Feci
1068 4031 1094 4082 id
1112 4046 1161 4081 non
1180 4029 1311 4081 cavillandi
1330 4030 1412 4079 studio
1430 4025 1541 4093 (spectat

185 4109 222 4158 hir
241 4120 280 4160 ea.
300 4120 364 4172 quae
383 4119 440 4155 curu
458 4104 566 4168 Keplcro
585 4103 616 4154 de
634 4104 723 4154 Martis
741 4105 847 4153 motibus
865 4105 926 4169 egit,
945 4100 1076 4154 referenda
1094 4103 1126 4152 sd
1146 4101 1283 4152 comment
1299 4098 1417 4162 Martis),
1435 4099 1480 4149 sed
1497 4113 1538 4147 re·

185 4179 266 4229 sitatis
284 4180 374 4228 saltem
392 4176 552 4240 inquirendae
571 4174 673 4226 causa.“
712 4174 838 4240 Denique,
858 4174 988 4239 quatriduo
1003 4180 1074 4239 post:
1104 4173 1192 4238 ,Rogo
1211 4179 1279 4221 tuam
1297 4171 1482 4222 Praestantiam
1498 4183 1541 4233 pro

186 4255 271 4299 nostra
288 4249 400 4299 Uranica
418 4247 542 4303 amicitia,
560 4254 590 4296 ut
608 4246 640 4295 ad
658 4248 817 4310 quaestiones
836 4252 862 4296 et
880 4259 958 4308 nuper
976 4250 1002 4293 et
1019 4259 1084 4295 nunc
1102 4246 1240 4308 propositas
1258 4241 1404 4306 respondere
1423 4240 1540 4306 digneris,

185 4335 232 4371 uec
250 4335 372 4382 remorans
390 4319 503 4382 injicias,
531 4317 597 4383 quod
614 4330 702 4381 parum
720 4318 813 4367 fructus
831 4317 876 4367 tibi
895 4330 926 4365 ex
943 4328 1003 4364 mea
1020 4316 1131 4365 amicitia
1154 4315 1282 4379 obtingere
1302 4314 1387 4377 possit.
1423 4312 1540 4362 Balbutio

185 4400 212 4443 et
229 4393 290 4443 rude
307 4394 333 4442 in
351 4390 535 4440 mathematicis
553 4390 680 4453 ingenium
697 4388 803 4439 libenter
821 4401 938 4453 agnosco.
974 4385 1099 4435 Voluntas
1116 4391 1237 4435 nontam
1255 4384 1322 4440 mibi,
1341 4397 1415 4448 quarn
1432 4383 1541 4433 facultas

185 4470 212 4515 61
229 4464 390 4514 commoditas
408 4461 529 4511 hacteuus
548 4460 638 4510 deluit.
674 4457 747 4509 Nunc
766 4459 868 4508 meliora
885 4471 970 4520 spero,
996 4459 1056 4522 quia
1074 4457 1106 4506 ad
1125 4470 1215 4507 noram
1233 4455 1397 4506 conditionem
1416 4459 1541 4519 promotus

185 4551 248 4593 suus,
267 4535 425 4600 quambrevi
444 4531 593 4596 suscipiam“
614 4528 731 4594 (pastoris
750 4544 840 4579 munus
860 4523 1006 4588 Ostelae).=

255 4606 294 4656 Tu
312 4604 421 4670 quotidie
439 4604 465 4652 iu
484 4603 544 4652 6616
561 4603 674 4657 versans,
693 4609 719 4651 et
737 4606 807 4650 tunm
825 4615 916 4650 nomen
935 4599 998 4649 adeo
1017 4603 1100 4647 nostro
1118 4596 1226 4647 Domino
1244 4601 1270 4646 et
1288 4596 1342 4646 allis
1361 4596 1497 4659 praecipuis
1514 4596 1541 4645 in

186 4678 410 4734 6666166166,
437 4687 468 4724 ao
486 4675 507 4723 sl
526 4673 566 4723 bic
584 4674 685 4722 risores.
722 4671 843 4721 Dominus
862 4670 1032 4721 cancellarius
1048 4669 1158 4719 Francus
1184 4674 1211 4719 te
1229 4667 1278 4718 huo
1301 4667 1391 4717 salano
1409 4668 1477 4730 regio
1496 4666 1540 4717 sd·

186 4765 275 4801 vocare
295 4746 438 4803 nonantule,
465 4745 497 4795 ad
516 4745 690 4809 professionem
710 4742 884 4794 scholasticam
907 4743 931 4791 in
950 4741 1080 4805 gymnasio
1105 4740 1238 4804 praecipuo
1256 4737 1401 4789 obeundam.
1439 4737 1543 4788 Utinam

185 4823 255 4873 fieret
273 4829 300 4871 et
318 4829 346 4870 tu
365 4817 449 4868 induci
467 4817 566 4882 posses!
606 4816 657 4882 Ego
676 4815 739 4865 adeo
759 4815 808 4864 tuis
826 4813 1036 4878 speculationibus
1053 4825 1120 4861 nuno
1138 4811 1261 4868 delector,
1286 4811 1364 4873 iisque
1382 4815 1480 4859 tantum
1497 4809 1540 4858 tri·

186 4894 248 4951 bno,
265 4899 294 4943 nt
311 4906 352 4942 me
369 4888 476 4954 pudeat,
503 4888 629 4952 scripsisse
648 4886 692 4936 tibi
712 4887 742 4936 de
760 4886 822 4938 mels
840 4886 921 4951 nugis.
959 4883 1013 4933 'libi
1032 4882 1116 4932 dlrina
1132 4885 1215 4949 gratia
1238 4883 1365 4950 ingenium
1382 4879 1541 4933 matbemati-
