3609 5634
293 344 336 412 30
884 344 1048 397 emm

382 507 508 583 OErrata
531 514 653 588 praeter
675 525 712 567 ea
734 524 811 586 quae
833 506 967 586 murima
989 505 1068 579 misi,
1091 510 1162 566 suut
1175 503 1267 566 haec:
1291 504 1321 565 iu
1339 503 1488 566 tabellal
1510 499 1644 565 lineaei

294 593 355 673 ali
380 606 411 658 et
432 597 463 671 il
486 597 625 660 circulum
650 595 675 670 9
699 603 840 674 tangunt,
869 613 937 657 cum
960 597 986 670 ὅ
1011 593 1155 656 deberent
1182 593 1283 655 orbem
1306 602 1441 673 tangere.
1487 593 1522 656 P.
1547 591 1590 655 49
1612 593 1643 654 in

292 687 443 767 margine,
468 686 565 748 scribe
588 683 715 756 Quarta.
762 683 797 745 P.
821 680 865 748 80
888 685 927 744 ad
950 679 970 759 5
994 690 1043 745 est
1067 679 1107 745 15
1131 681 1180 759 Υ,
1209 692 1309 746 utrum
1332 682 1387 745 hoc
1410 682 1456 744 ita
1479 681 1645 745 correxeris

293 777 403 837 nescio.
440 774 507 855 Ego
530 795 559 838 u.
583 774 690 855 scripsi
717 769 757 835 to
779 772 824 849 Υ.
869 770 968 843 Ρ.,81
996 773 1015 834 l.
1044 771 1084 836 18
1106 773 1257 849 sortiatur,
1284 773 1303 834 l.
1328 769 1370 834 22
1394 772 1494 836 boreo.
1541 771 1576 833 P.
1600 767 1644 833 82

293 866 314 926 l.
339 861 382 928 20
404 863 509 939 didita,
533 882 563 943 p.
588 858 630 947 {33
655 864 675 925 l.
700 860 719 926 3
743 862 884 938 Maxime,
911 863 930 923 Ι.
954 859 985 925 8.
1011 862 1208 936 dedomata.)

380 987 446 1067 Ego
470 1008 542 1050 sane
565 1006 623 1048 uon
648 987 692 1047 ita
714 1004 812 1047 essem
834 985 1004 1065 impudens,
1034 993 1068 1047 ut
1089 985 1129 1047 H.
1154 992 1237 1047 tuam
1258 983 1356 1047 instar
1384 984 1487 1047 famuli
1517 983 1645 1063 alicujus

294 1098 359 1140 cum
379 1077 453 1140 meis
472 1077 589 1139 scilicet
602 1074 752 1137 mandatis
767 1075 807 1136 ad
822 1073 1105 1155 Gruppenbachium
1120 1074 1306 1153 ablegarem;
1330 1074 1399 1154 quin
1422 1074 1522 1153 potius
1546 1074 1643 1152 ipsum

294 1186 350 1247 ego
364 1185 418 1246 per
432 1166 588 1247 epistolam
604 1165 787 1245 alloquerer:
812 1163 878 1237 uisi,
904 1164 973 1243 quid
988 1163 1067 1225 inter
1085 1182 1139 1224 vos
1158 1162 1223 1242 jaru
1243 1172 1335 1224 autea
1349 1162 1530 1236 convenerit,
1555 1160 1644 1242 quid-

294 1275 349 1336 que
373 1256 443 1317 mihi
466 1255 653 1317 scribendum
676 1253 726 1328 sit,
750 1253 927 1332 ignorarem.
961 1252 1003 1315 Et
1025 1272 1098 1314 sane
1118 1271 1207 1334 quam
1225 1250 1468 1333 molestissimum
1491 1251 1563 1313 mihi
1586 1258 1643 1321 est,

294 1364 396 1406 omues
420 1355 483 1406 tres
506 1343 691 1415 tabellarios,
716 1342 842 1422 quinos
866 1342 975 1404 isthinc
999 1342 1119 1415 adeunt,
1145 1341 1303 1404 advenisse
1327 1342 1390 1403 siue
1414 1339 1643 1420 exemplaribus

294 1432 412 1496 Obuirre
426 1452 509 1513 rogo,
533 1440 568 1495 ut
589 1431 715 1512 primum
738 1431 788 1511 qui
810 1449 842 1493 se
867 1431 1009 1494 obtulerit
1031 1430 1222 1493 tabellarium
1245 1439 1293 1492 tot
1307 1429 1437 1492 oneratis
1462 1429 1644 1510 exemplari-

293 1524 359 1597 bus,
385 1532 458 1604 quot
480 1522 530 1584 ille
554 1521 707 1583 commode
731 1520 808 1582 lerre
830 1529 941 1601 potest
973 1520 1040 1583 Nisi
1064 1522 1141 1583 enim
1157 1520 1283 1581 octiduo
1302 1526 1372 1599 post
1388 1520 1504 1600 pascha
1517 1519 1646 1580 habeam

294 1611 496 1692 exemplaria:
521 1610 644 1672 comitia
666 1609 719 1671 illa
741 1611 910 1689 neglexero.
953 1608 1118 1671 Steiuliuus
1142 1609 1216 1671 nihil
1240 1609 1279 1670 ad
1303 1628 1349 1669 me
1373 1608 1430 1671 uisi
1453 1627 1526 1688 opus
1551 1608 1644 1670 abso·

296 1702 389 1763 lutum
413 1720 491 1765 esse.
527 1700 574 1761 De
597 1699 687 1761 titulo
710 1699 820 1779 figurae
843 1719 956 1760 aeneae
979 1698 1052 1761 nihil
1076 1699 1214 1762 existimo
1234 1698 1430 1772 scribendum,
1455 1716 1591 1777 sperans,
1615 1696 1646 1759 id

295 1791 446 1870 negotium
467 1798 519 1851 tuo
544 1788 668 1851 consilio
688 1787 753 1867 jam
772 1796 863 1850 autea
880 1789 956 1851 bene
971 1788 1100 1851 habere:
1125 1807 1191 1850 cum
1205 1788 1361 1869 negaverit
1376 1786 1647 1867 Grnppenbachius

295 1879 324 1940 in
348 1879 444 1941 literis
468 1878 506 1940 ad
530 1898 577 1939 me
602 1877 682 1940 datis
705 1896 807 1939 mense
830 1876 990 1952 Januario,
1019 1896 1052 1941 se
1075 1896 1165 1958 posse
1189 1876 1299 1939 diutius
1327 1877 1462 1952 differre,
1495 1895 1583 1957 quam
1607 1875 1647 1937 ad

295 1968 452 2031 nundinas.
499 1966 533 2030 Si
557 1975 657 2054 tamen
682 1966 776 2028 adbuc
800 1966 830 2028 in
855 1986 889 2030 eo
919 1967 1059 2029 haereret
1085 1966 1310 2048 typographus:
1337 1966 1402 2046 jam
1430 1983 1486 2045 ego
1515 1965 1648 2027 animum

248 2083 252 2087 ·
295 2077 391 2120 meum
415 2056 541 2137 explico,
566 2062 712 2118 staturum
734 2055 867 2117 vestrim
891 2057 1039 2118 communi
1063 2057 1196 2118 consilio.
1239 2054 1335 2116 Vides
1358 2054 1491 2117 rationes
1514 2054 1649 2116 instituti

179 2196 187 2213 .
260 2162 263 2167 ·
295 2147 362 2211 roei.
402 2146 532 2208 Primam
554 2144 669 2208 inventi
686 2145 846 2223 imaginem
866 2145 1032 2208 obtuleram
1050 2144 1194 2226 principi:
1218 2153 1323 2226 typum
1346 2143 1485 2225 imaginis
1509 2144 1648 2206 uolebam

203 2290 230 2309 .‚
296 2236 380 2317 quasi
401 2235 551 2310 suffirrari,
576 2234 631 2296 sed
653 2241 818 2322 mutuatum
838 2234 982 2297 confiteri.
1021 2232 1055 2296 Si
1079 2234 1168 2296 aliter
1185 2234 1245 2295 tibi
1269 2234 1395 2308 videtur,
1421 2234 1499 2295 idem
1522 2241 1554 2295 et
1576 2233 1648 2295 mihi
1681 2242 1685 2251 '

296 2324 454 2387 videbitur.
502 2323 604 2386 Causa
627 2323 702 2385 levis
726 2330 783 2385 est.
821 2323 904 2386 Deus
930 2323 1001 2405 Opt.
1026 2324 1108 2385 Max.
1155 2323 1193 2383 Η.
1218 2332 1301 2384 tuam
1323 2324 1362 2384 ad
1385 2321 1472 2402 Reip.
1496 2322 1649 2384 literariae

296 2414 482 2477 commodum
505 2412 673 2475 diutissime
698 2421 863 2475 conservet
910 2413 1000 2475 Vale.
1050 2409 1090 2475 10
1112 2413 1185 2475 Feb.
1210 2420 1249 2475 st.
1274 2433 1304 2475 u.
1329 2430 1397 2474 anu.
1429 2408 1520 2475 1597.

383 2529 423 2591 D.
446 2528 485 2591 D.
508 2527 558 2592 Jo.
584 2527 831 2591 Oberndorfferus
861 2528 994 2590 medicus
1020 2529 1246 2610 provincialium
1276 2529 1379 2607 ignoto
1406 2528 1463 2589 tibi
1491 2527 1650 2609 plurimam

296 2620 425 2683 salutem
448 2617 538 2691 dicit,
572 2638 608 2680 ac
631 2636 721 2698 saepe
735 2636 783 2687 ‚ex
805 2636 851 2695 me
881 2617 1016 2698 quaerit,
1046 2627 1145 2680 utrum
1168 2616 1341 2680 Calendarii
1368 2617 1522 2699 negotium
1551 2618 1650 2680 adhuc

296 2727 398 2770 verses
421 2708 477 2769 sub
499 2706 650 2776 manibus,
675 2707 722 2768 cui
744 2706 814 2786 quid
837 2707 1048 2785 respondeam,
1076 2708 1157 2769 aliud
1181 2726 1239 2769 uon
1263 2707 1374 2780 habeo,
1403 2725 1493 2788 quam
1516 2725 1648 2787 occupa-

296 2798 393 2860 tiones
421 2808 508 2871 tuas,
542 2796 730 2877 potissimum
757 2815 831 2876 qnas
859 2814 915 2875 ego
945 2796 1001 2857 tibi
1030 2815 1138 2859 creem.
1184 2797 1215 2859 Is
1240 2797 1307 2877 jam
1331 2797 1497 2859 discessum
1520 2818 1539 2858 a
1561 2796 1649 2859 nobis

296 2886 495 2967 Ratisponam
518 2885 611 2959 (unde
635 2884 775 2946 oriundus
805 2886 868 2958 est)
900 2885 1081 2947 meditatur:
1115 2893 1147 2947 et
1178 2894 1321 2965 quantum
1348 2885 1458 2967 colligo
1487 2886 1566 2967 apud
1593 2905 1648 2947 vos
1675 2888 1678 2892 ⁴

296 2975 475 3057 professoris
498 2974 660 3037 stationem
683 2972 845 3035 desiderat.
893 2972 1008 3036 Scribit
1031 2973 1123 3036 libros
1148 2975 1184 3036 de
1208 2975 1346 3051 venenis,
1377 2975 1451 3037 item
1473 2975 1648 3036 nomencla-

296 3077 394 3127 turam
417 3063 614 3144 simplicium:
639 3061 848 3124 celeberrimus
871 3062 901 3124 iu
925 3072 1000 3137 arte,
1025 3062 1171 3126 celebrior
1195 3064 1262 3126 ideo
1287 3064 1404 3127 iuturus
1422 3063 1453 3126 in
1473 3064 1597 3141 theoria,
1623 3063 1651 3125 si

297 3153 392 3216 vivat.
438 3151 499 3215 Sed
523 3153 559 3213 de
583 3170 618 3212 eo
641 3151 680 3213 D.
705 3149 934 3232 Schweiggerus
957 3154 1044 3233 plura
1067 3152 1124 3214 tibi
1146 3155 1257 3216 referre
1279 3161 1393 3235 potest.

385 3268 425 3329 D.
450 3267 704 3329 Zimmermannus
727 3264 842 3346 pridem
864 3266 921 3327 tibi
942 3285 1028 3327 suam
1055 3267 1186 3330 salutem
1212 3268 1322 3330 ascribi
1345 3266 1459 3347 jussit:
1490 3267 1547 3329 hoc
1569 3276 1650 3330 mm·

297 3376 369 3441 pore
392 3356 431 3418 ob
454 3357 606 3418 decretum
629 3363 752 3417 senatus
775 3354 805 3415 iu
834 3374 927 3417 causa
954 3355 1007 3417 lilii
1035 3357 1081 3418 sui
1108 3355 1254 3437 iniquiore
1278 3364 1327 3420 est
1349 3356 1457 3419 auimo.
1504 3355 1560 3420 Oui
1584 3376 1649 3419 cum

299 3465 354 3528 ego
377 3445 459 3509 hisce
484 3444 588 3508 diebus
611 3442 815 3505 vehementius
839 3443 993 3524 aliquanto
1022 3445 1219 3521 restitissem,
1251 3448 1368 3527 culpam
1396 3446 1449 3508 lilii
1477 3446 1651 3527 corruptis

300 3528 445 3599 lacultste
468 3532 676 3615 philosophica
697 3534 727 3594 iu
752 3532 827 3594 alios
850 3533 1054 3597 transferens:
1077 3552 1132 3614 per
1153 3536 1382 3616 imprudentiam
1395 3535 1467 3597 mihi
1481 3536 1559 3598 irato
1578 3554 1649 3598 ver-

298 3627 367 3688 bum
389 3627 445 3688 hoc
468 3624 597 3686 excidit:
620 3621 669 3684 vel
690 3621 853 3684 Maestlino
876 3630 956 3684 testa
980 3623 1098 3703 culpam
1120 3624 1150 3686 iu
1174 3633 1270 3688 matra
1293 3625 1435 3699 residere,
1460 3643 1535 3705 quas
1558 3625 1649 3688 lilium

299 3714 421 3777 licentia
448 3712 621 3792 corruperit.
671 3710 738 3772 Hoc
765 3710 844 3773 dicto
878 3713 973 3774 lacem
1003 3713 1118 3775 camino
1148 3715 1286 3789 subdidi,
1320 3734 1377 3796 quo
1407 3713 1476 3793 igue
1503 3715 1649 3777 Dominae

299 3804 415 3866 suimus
438 3802 525 3865 simul
548 3820 614 3863 cum
637 3806 690 3862 tua
714 3800 795 3862 lama
817 3801 938 3882 flagrat,
961 3802 1107 3882 sedigno
1131 3805 1231 3879 latuo;
1255 3823 1342 3886 quem
1364 3811 1451 3865 tauto
1474 3805 1570 3867 miuus
1594 3824 1648 3866 cu-

299 3894 390 3962 rabis,
415 3911 471 3974 quo
494 3889 679 3971 perspectior
701 3889 757 3950 tibi
779 3897 829 3952 est
847 3890 942 3969 ipsius
956 3892 1081 3956 animus.
1120 3891 1316 3956 Scribeudum
1330 3900 1430 3955 autem
1444 3894 1555 3969 censui,
1579 3893 1650 3975 quia

299 3983 413 4045 minata
430 3990 498 4053 est,
521 4000 554 4042 se
578 3980 633 4041 hoc
656 3977 712 4039 tibi
735 3978 783 4040 vel
805 3997 859 4058 per
882 3980 988 4042 literas
1011 3981 1060 4043 vel
1081 4000 1135 4063 per
1157 3983 1297 4045 nuncium
1318 3984 1581 4063 exprobraturum:
1611 4003 1648 4044 ne

300 4071 417 4135 scilicet
438 4070 553 4132 sinistri
576 4067 646 4149 quid
670 4067 707 4128 de
730 4086 777 4129 me
800 4069 1012 4148 suspicareris,
1041 4077 1131 4150 atque
1159 4080 1194 4134 ut
1216 4072 1293 4134 hunc
1316 4091 1446 4135 errorem
1467 4073 1540 4135 mihi
1562 4081 1649 4135 tauto

300 4159 664 4232 libentiusooadonares,
690 4155 734 4233 si,
758 4176 815 4239 quo
837 4165 928 4238 paeto
952 4159 1109 4235 acciderit,
1133 4160 1216 4241 prius
1239 4180 1324 4224 esses
1346 4163 1480 4225 edoctus.

388 4276 476 4340 Vale.
818 4272 857 4336 H.
882 4273 965 4336 Tuae
1320 4277 1407 4341 Grat.
1430 4278 1514 4341 Disc.

1264 4384 1311 4447 Μ.
1336 4385 1409 4448 Jola
1431 4382 1562 4470 Keplcr.
1616 4474 1618 4479 Ι

371 4578 514 4630 Absolutum
532 4590 591 4641 opus
610 4574 816 4626 Maestliuus
835 4573 858 4624 d
878 4570 902 4623 o.
923 4572 981 4638 (ts)
1000 4573 1086 4626 Martii
1101 4577 1139 4626 his
1157 4578 1236 4628 vorbis
1254 4580 1357 4630 unumst
1374 4580 1497 4647 Keplero:

373 4674 471 4736 „Quam
487 4675 578 4732 laetu,
596 4672 629 4723 D.
649 4674 725 4724 irater
743 4673 904 4729 amicissime,
930 4673 1055 4723 Prodromi
1073 4676 1109 4724 tui
1126 4676 1234 4726 libellum
1252 4676 1353 4728 taudem
1371 4681 1405 4730 ad
1422 4680 1497 4733 imur
1514 4679 1647 4730 deductum

303 4763 365 4801 aare.
400 4746 489 4812 Longa
505 4759 574 4794 mora
591 4745 644 4795 luit.
681 4744 782 4809 Speravi
799 4744 826 4793 id
843 4745 908 4794 brari
927 4744 1064 4795 absolutum
1082 4747 1124 4803 in',
1143 4747 1198 4797 ideo
1216 4762 1303 4812 passus
1322 4765 1389 4806 sum.
1407 4759 1436 4801 ut
1453 4754 1548 4801 interes
1565 4766 1647 4801 meum

302 4821 418 4885 seriptum
435 4816 578 4872 diffametur,
595 4816 668 4881 idque
685 4831 740 4866 meo
758 4816 853 4881 ingenti
871 4829 927 4865 eum
944 4817 1103 4866 incommodo.
1137 4817 1202 4869 Nam
1220 4820 1277 4869 iude
1296 4822 1395 4883 accidit,
1414 4830 1444 4872 ut
1459 4838 1542 4873 meum
1561 4829 1647 4873 scutra

303 4889 470 4944 ιιιιιιᾱιιίιιιιι
486 4900 575 4937 uorum
592 4888 707 4951 scriptino
725 4892 784 4937 enta
801 4887 925 4938 uuudnu
937 4888 1030 4939 absolvi
1041 4902 1091 4939 nou
1101 4891 1217 4952 pomeria,
1233 4893 1305 4955 oujm
1317 4896 1401 4959 gratia
1411 4896 1438 4946 ln
1449 4908 1568 4960 magum
1580 4893 1647 4959 apud
