3609 5634
309 366 377 435 420
815 443 818 448 ¹
863 366 903 419 n·
922 366 1101 420 mausum

310 528 414 609 Vulgo
437 545 509 590 vero
532 525 611 606 quod
634 524 710 588 baec
731 533 947 606 proponuntur,
973 526 1003 587 in
1027 543 1085 606 quo
1107 526 1204 588 minor
1226 543 1297 605 spes
1322 526 1454 588 fructus:
1478 524 1560 587 id
1532 544 1562 587 ιι
1584 524 1674 606 guis-

310 618 391 698 piam
414 614 624 697 reprehendit,
656 633 724 678 eum
757 615 847 677 velim
871 614 1070 718 perpendere,
1097 614 1183 708 quod
1214 613 1275 675 alia
1297 613 1349 676 via
1378 615 1418 676 ad
1440 613 1580 677 literatos
1602 613 1676 676 lu'nc

311 706 382 768 iude
405 706 565 768 latitantes
588 721 647 765 non
670 704 889 783 perveniamus,
915 703 974 766 nisi
997 704 1048 768 via
1069 677 1200 782 publica.
1246 702 1346 778 Adde,
1372 704 1452 783 quod
1471 702 1519 764 hie
1543 703 1651 765 idam
1642 721 1675 764 ru

311 793 445 858 curanda
468 791 551 872 vulgi
573 792 749 855 curiositate
772 792 928 858 observari
950 799 1067 874 potest,
1101 792 1211 872 qnod'
1203 811 1234 854 m
1257 810 1350 872 aegro
1373 812 1393 853 a
1415 790 1539 856 medicis
1563 792 1673 854 obaer-

310 891 417 958 vatur,
433 890 467 942 ut
489 880 668 943 inordinatis
692 891 724 943 ιι
745 881 922 961 perniciosis
940 881 1023 962 vulgi
1046 879 1205 944 desideriis
1228 880 1402 951 abutamur,
1426 881 1465 943 ad
1487 880 1672 959 ingerendas

310 974 380 1044 (ceu
403 970 624 1034 medicamenta
647 970 764 1051 aliqua)
797 970 1045 1034 commonitiones
1078 969 1243 1049 ejusmodi,
1277 969 1377 1050 specie
1409 970 1672 1072 prognosticorum

309 1061 447 1130 relatas,
479 1078 555 1141 quae
584 1059 623 1120 ad
645 1059 730 1121 bunc
746 1058 838 1121 animi
861 1060 997 1123 morbum
1020 1058 1185 1122 tollendum
1209 1058 1339 1131 iaciunt,
1372 1076 1508 1140 quaeqae
1534 1059 1600 1121 alia
1621 1058 1674 1132 ιιι

310 1150 448 1230 ingerere
473 1148 525 1211 vix
547 1166 715 1227 possemus
761 1147 1024 1218 Quemadmodum
1055 1148 1148 1238 igitur
1178 1166 1235 1210 nou
1264 1148 1423 1210 ideonum
1446 1166 1538 1226 aegro
1560 1147 1675 1210 delirat

309 1237 453 1312 medicus,
478 1236 559 1317 quod
581 1236 737 1316 ingerendi
760 1237 972 1301 medicamenti
995 1255 1090 1300 eausa
1112 1235 1253 1298 deliranti
1277 1255 1369 1339 aegro
1392 1236 1494 1299 verbis
1517 1244 1550 1297 et
1568 1237 1672 1316 specie

311 1326 454 1389 simulata
485 1324 691 1389 obsecundat:
725 1325 769 1388 ita
801 1333 833 1388 et
863 1328 901 1389 de
932 1346 980 1389 me
1013 1344 1102 1406 spero
1120 1333 1217 1389 recte
1251 1324 1417 1388 sentientes
1449 1324 1523 1387 nihil
1552 1325 1672 1388 sinistri

310 1414 532 1496 suspicaturos,
564 1415 643 1495 quod
676 1416 788 1495 optimo
817 1415 917 1478 animo
946 1434 1013 1488 epm
1039 1416 1130 1495 vulgo
1157 1433 1257 1476 rerum
1280 1414 1446 1476 futurarum
1468 1420 1502 1475 et
1522 1432 1671 1476 acrarum

306 1504 420 1583 cupido
451 1503 569 1584 publice
593 1504 631 1565 de
655 1504 763 1570 futuris
786 1505 902 1585 loquor.
943 1503 1052 1585 Iniqua
1070 1503 1194 1582 judicia,
1220 1522 1297 1583 quae
1319 1503 1433 1565 nullum
1456 1503 1506 1566 ιιι
1519 1503 1670 1565 maximae

310 1592 473 1673 dignitatis
497 1592 613 1655 culmen
637 1611 694 1655 non
718 1593 889 1674 pervadunt
910 1601 944 1655 et
972 1591 1171 1667 cavillantur,
1201 1591 1310 1654 nedum
1342 1602 1375 1654 ιιι
1404 1592 1480 1654 haec
1511 1591 1673 1654 humiliora

308 1681 389 1756 ritae
414 1681 517 1758 munia
539 1688 572 1743 et
594 1681 730 1745 ludibriis
754 1681 845 1743 obvia
866 1683 986 1745 intacta
1008 1682 1197 1762 relinquant,
1222 1680 1366 1761 occipite,
1392 1691 1425 1744 ut
1444 1680 1495 1742 ille
1508 1681 1670 1762 praecipit,

308 1788 400 1833 caeno
423 1788 579 1850 excrpram.
616 1804 621 1810 -
656 1803 658 1808 .

397 1858 500 1920 Hasce
522 1877 594 1919 vero
617 1876 712 1927 meas,
735 1857 896 1920 Illustriss.
921 1857 1058 1933 Domine,
1083 1857 1120 1918 de
1144 1875 1222 1919 anno
1246 1850 1576 1921 futuro'meditstioues
1600 1877 1669 1920 curu

308 1946 513 2029 disputatione
536 1946 736 2028 pulcherrima
765 1947 803 2008 de
835 1946 968 2008 siderum
997 1945 1174 2021 influxibus,
1208 1947 1290 2008 'lirae
1318 1947 1506 2026 potissimum
1531 1944 1670 2009 Celsitu·

309 2036 372 2098 diui
395 2036 506 2111 dicare,
531 2035 684 2098 strenulae
707 2036 784 2111 loco,
808 2034 909 2097 volni:
934 2035 1011 2115 quod
1034 2053 1211 2115 persuasum
1234 2035 1371 2109 habeam,
1395 2034 1432 2098 O.
1448 2037 1484 2097 T.
1510 2044 1543 2098 ιι
1559 2036 1669 2097 litera·

310 2125 352 2186 ιιι
375 2125 528 2199 omnibns,
564 2131 596 2184 et
624 2122 758 2203 inprimis
781 2124 887 2186 harum
911 2123 1022 2186 artium
1045 2123 1209 2186 cultoribus
1232 2124 1367 2205 impense
1391 2125 1509 2187 farere:
1533 2124 1616 2205 quod
1637 2133 1671 2186 et

307 2213 410 2276 verbis
433 2213 601 2277 luculenter
623 2231 657 2274 es
680 2220 822 2287 testatus,
847 2213 976 2292 primum
998 2219 1121 2291 recepto
1135 2213 1164 2273 iu
1180 2212 1344 2276 amicitiam
1358 2212 1598 2278 celebratissimo
1616 2213 1668 2275 illo

307 2310 341 2363 et
362 2302 502 2382 generosi
524 2302 696 2364 stemmatis
719 2302 784 2363 riro
808 2302 951 2383 Tychoue
975 2301 1127 2375 Brahaeo,
1150 2301 1298 2381 phoenice
1316 2310 1574 2366 astouomomm:
1598 2302 1668 2364 dein

278 2421 282 2424 ·
307 2409 344 2453 eo
368 2398 495 2466 monuo,
519 2389 593 2452 mihi
616 2409 732 2472 quoque
756 2391 962 2453 declaratione
986 2390 1099 2453 doloris
1123 2398 1154 2451 et
1177 2390 1318 2452 desiderii
1337 2391 1381 2452 tul
1404 2392 1488 2454 edita
1515 2400 1548 2453 et
1567 2392 1670 2471 reipsa

306 2479 441 2560 quotidie
465 2479 607 2553 testaris;
630 2481 700 2542 dnm
723 2479 754 2541 in
777 2479 848 2542 aula
871 2488 926 2541 tua
948 2479 1043 2541 habes
1066 2478 1266 2541 clarissimum
1288 2478 1384 2542 virum
1402 2480 1442 2543 D.
1463 2481 1668 2543 Hermaunum

307 2567 481 2642 Bulderum,
505 2568 664 2639 medicum,
688 2568 907 2631 mathematum
931 2567 1180 2642 amantissimum,
1205 2575 1238 2630 et
1259 2567 1290 2629 in
1304 2568 1361 2631 hoe
1378 2568 1543 2632 studiorum
1557 2586 1668 2650 genere

306 2656 543 2739 polyhistorem:
569 2675 626 2738 qno
650 2676 718 2719 cum
740 2657 788 2719 his
811 2658 849 2719 de
872 2657 962 2719 rebus
986 2655 1161 2736 quotidiana
1178 2655 1279 2737 agites
1293 2658 1453 2740 colloquia.
1472 2653 1515 2732 ¹¹)
1551 2657 1668 2738 Accipe

308 2745 412 2823 igitur,
437 2746 642 2808 illustrissime
655 2745 794 2820 Domine,
818 2744 1110 2825 conjecturashasce
1133 2744 1286 2825 physicas,
1309 2756 1342 2808 et
1360 2766 1425 2810 cum
1443 2746 1577 2828 politicis
1592 2765 1668 2809 cou-

300 2833 442 2913 jecturis,
462 2854 538 2915 quas
562 2835 617 2897 tibi
641 2843 672 2896 et
696 2835 809 2898 ordinis
832 2835 966 2914 dignitas
990 2841 1023 2897 et
1043 2833 1118 2914 reip.
1143 2835 1359 2915 contemplatio
1383 2836 1570 2918 suppeditat,
1589 2853 1668 2915 quaa

304 2922 484 2985 creberrime
507 2925 641 3004 appello,
667 2922 779 2985 conier.
826 2921 892 2985 Soli
910 2942 1038 3004 namque
1062 2923 1111 3003 qui
1135 2922 1257 3000 publica
1280 2944 1345 2987 cum
1374 2925 1491 2988 ratione
1519 2931 1667 3001 tractant,

305 3011 344 3073 da
367 3030 554 3093 prognoseos
575 3012 664 3092 hujus
688 3014 810 3074 fortuna
832 3012 1000 3075 rectissime
1020 3011 1216 3092 judicabunt:
1240 3013 1451 3095 philosophica
1464 3020 1499 3077 et
1509 3014 1670 3095 paradoxa

301 3099 430 3182 physica
470 3100 677 3182 philosophiae
714 3102 903 3181 professores
943 3101 1001 3165 sibi
1042 3119 1117 3162 sane
1159 3120 1292 3183 suaeque
1322 3122 1468 3166 censurae
1501 3102 1666 3165 vmdicent

303 3188 393 3264 Vale,
420 3190 570 3268 longaeua
593 3196 625 3250 et
647 3189 730 3251 facili
754 3197 879 3252 senecta
901 3209 983 3266 usus,
1009 3198 1042 3252 et
1063 3188 1140 3252 hune
1163 3190 1316 3256 ineuntem
1339 3212 1450 3255 anuum
1471 3192 1668 3256 foelicissime

303 3276 477 3357 transigas:
501 3296 607 3359 meque
631 3275 668 3342 C.
689 3279 723 3340 T.
748 3278 990 3341 commendatum
1012 3278 1137 3342 habeas.

730 3365 767 3432 Ο.
791 3368 827 3429 T.
851 3367 989 3449 subjecte
1013 3367 1116 3431 nolens

1049 3456 1095 3520 Μ.
1117 3456 1191 3532 Jola
1212 3455 1352 3541 Κηιιιι,
1374 3456 1622 3524 Mathematicus.

892 3721 1023 3783 Thasie
1046 3722 1069 3783 1.

389 3806 600 3869 Mathematici
623 3808 752 3871 officium
774 3809 864 3889 vulgo
886 3819 1026 3890 putatur,
1051 3828 1150 3871 annua
1172 3809 1304 3873 scribere
1327 3811 1539 3891 Prognostica.
1586 3811 1660 3877 Cum

300 3911 372 3972 ergo
406 3896 444 3957 ad
477 3895 642 3958 instantem
674 3916 783 3959 anuum
811 3918 831 3959 a
853 3905 927 3960 nato
947 3896 1070 3962 Christo
1094 3897 1255 3962 Salvatore
1282 3896 1569 3978 interseruerim,
1602 3921 1658 3964 nou

299 3991 364 4054 tam
385 3982 525 4063 publicae
548 3986 727 4060 curiositati,
753 4005 841 4067 qnam
865 3987 963 4049 officio
987 3987 1176 4067 philosophi,
1200 3990 1231 4051 ιιι
1255 3988 1308 4050 illa
1329 3989 1536 4069 reprimenda,
1563 3991 1658 4054 satis-

299 4072 415 4134 facere:
440 4072 478 4135 ab
502 4092 538 4134 eo
561 4072 750 4153 potissimum
773 4076 927 4152 exordiar,
961 4076 1041 4156 quod
1068 4076 1218 4139 tutissime
1246 4076 1306 4139 dici
1327 4085 1448 4157 potest:
1474 4081 1656 4161 prognosti-

298 4175 402 4224 corum
425 4162 481 4224 hoo
505 4181 583 4225 anno
606 4171 785 4244 proventum
808 4166 939 4227 futurum
962 4165 1101 4241 uberem,
1125 4184 1192 4256 cum
1206 4173 1362 4230 crescente
1376 4167 1458 4246 vulgi
1482 4169 1656 4232 curiositate

300 4249 436 4330 plures'
427 4269 459 4313 ru
474 4250 540 4314 dies
563 4252 603 4313 ad
626 4272 780 4316 numerum
803 4254 952 4317 accedant
974 4261 1124 4317 auctores.

882 4342 1013 4405 Thesis
1036 4340 1131 4406 ΙΙ

383 4428 420 4491 lu
450 4427 512 4491 illis
540 4427 650 4492 libellis
681 4429 784 4511 aliqua
806 4430 958 4508 dicentur,
982 4451 1059 4513 qnae
1082 4432 1264 4533 probaturus
1287 4437 1337 4492 est
1359 4438 1500 4509 eventus,
1523 4391 1653 4514 plurima

294 4532 386 4590 vero,
419 4536 496 4598 quae
522 4523 641 4598 tempus
669 4527 701 4582 et
728 4520 915 4600 experientia
937 4529 972 4585 ιιι
993 4537 1073 4585 vana
1095 4530 1128 4585 ιι
1148 4520 1236 4584 irrita
1258 4520 1420 4583 refutabit:
1445 4540 1570 4603 qnorum
1592 4524 1653 4587 ista

293 4604 404 4680 ventis,
427 4606 482 4670 illa
504 4608 666 4672 memoriae
689 4607 877 4690 penitissime
900 4610 1111 4684 inscribentur,
1133 4618 1169 4674 ut
1190 4608 1274 4689 vulgi
1296 4628 1362 4673 moe
1386 4617 1445 4674 est.

870 4699 1003 4763 Thasie
1025 4700 1082 4764 III.
1237 4750 1241 4758 .

380 4780 503 4844 Etenim
526 4784 624 4865 qualis
646 4806 748 4864 causa,
772 4787 847 4852 talis
869 4791 1006 4853 effectus.
1038 4787 1197 4868 Astrologi
1214 4806 1287 4850 vero
1305 4807 1416 4851 causas
1439 4755 1651 4853 vaticiniorum
1751 4864 1754 4868 ἵ

292 4887 415 4932 snorum
436 4871 603 4953 respiciunt
624 4876 737 4959 partim
760 4877 879 4960 quidem
900 4878 1053 4961 physicas,
1076 4879 1205 4960 partim
1210 4876 1360 4958 politicas,
1384 4884 1473 4960 parte
1495 4898 1567 4943 raro
1589 4897 1649 4961 po·
