3609 5634
688 405 719 456 ss
736 404 808 455 aaa·
827 405 988 473 annologiam
1177 357 1180 363 „
1453 403 1518 473 329

161 573 218 609 rere
238 560 294 610 seui
311 560 439 626 decrepito
456 561 644 615 helluationum
662 561 768 614 edacem
786 557 860 615 assei
897 566 938 615 Ad
956 579 1020 629 qnae
1038 566 1096 616 olim
1113 563 1185 616 raldo
1203 563 1388 626 inclinavimus,
1415 580 1447 616 ea
1464 571 1519 630 post

158 631 308 682 damnamus
327 639 354 683 et
372 646 528 691 armamur:
558 635 657 686 sordere
675 635 746 685 nohis
764 636 898 699 incipiunt,
916 651 966 686 nou
985 636 1064 686 solum
1081 637 1112 686 ob
1129 636 1264 700 pleniorem
1281 637 1386 686 rahonis
1403 651 1475 686 nsum
1494 643 1519 687 et

158 704 240 764 maius
256 703 392 765 iudicium,
422 704 592 756 rodmarime
611 706 737 757 obtrusis
755 708 928 757 mutadcnem.
964 707 998 757 Et
1022 707 1089 757 hauc
1106 708 1294 758 inclinationum
1311 710 1475 758 mutationem
1494 714 1538 758 ot·

158 771 326 823 differentiam
354 791 404 824 nou
423 775 449 824 in
467 776 585 826 rationali
603 776 682 826 solum
699 777 811 835 homine,
839 779 883 830 sed
908 781 934 827 in
958 779 1036 827 brutis
1062 793 1157 843 quoque
1180 786 1266 842 aperte
1290 778 1518 829 animadvertimus

157 843 245 900 Porro,
264 846 286 893 si
303 845 478 896 inclinationes
495 847 520 895 in
541 848 623 897 animo
642 848 827 898 conformantur
853 863 870 898 a
887 850 1005 899 natalitio
1023 848 1119 907 sidere,
1139 864 1189 899 non
1207 864 1224 900 a
1241 856 1449 913 temperamento,
1466 858 1520 899 tum
1583 895 1587 906 ,

158 915 250 966 medici
269 930 299 966 ex
317 922 567 980 temperamentorum
586 920 727 983 cognitione
746 925 772 969 et
791 921 962 971 observatione
985 920 1079 970 nullum
1098 926 1191 970 certum
1207 920 1328 983 judicium
1356 921 1387 970 de
1413 921 1518 971 inclina·

157 987 268 1036 tionibus
286 988 420 1038 sensitirae
438 989 537 1039 animae
554 990 663 1052 prolerre
681 995 792 1054 possmst.
830 992 865 1040 At
882 991 974 1041 medici
993 997 1019 1041 et
1036 990 1172 1055 philosophi
1190 993 1281 1042 certius
1296 992 1412 1055 judicant
1431 992 1462 1041 do
1480 994 1519 1040 in-

158 1057 335 1110 clinationibus
353 1073 428 1123 quam
445 1061 669 1122 perspicacissimus
689 1060 845 1126 astrologum
875 1077 935 1128 argo
953 1068 1032 1125 patet.
1050 1062 1226 1113 inclinationes
1243 1077 1293 1111 non
1312 1064 1344 1112 ab
1363 1064 1449 1120 astris,
1475 1063 1519 1112 sed

157 1141 176 1179 a
192 1131 397 1193 temperamentis
415 1144 478 1180 essa.
515 1130 614 1182 iudicia
632 1132 782 1182 medicorum
804 1148 834 1183 ex
853 1135 1057 1197 temperamentis
1082 1134 1145 1183 adeo
1169 1134 1311 1183 consune'a
1330 1141 1356 1182 et
1373 1136 1445 1197 quasi
1463 1148 1518 1197 per·

158 1206 239 1263 petua
248 1214 304 1251 esse
314 1216 363 1251 uon
371 1207 480 1264 possent,
493 1216 540 1252 neo
549 1217 645 1266 semper
655 1218 701 1254 nec
709 1203 799 1268 ubique
806 1205 925 1257 valerent.
938 1207 960 1254 si
968 1205 1143 1255 inclinationes
1157 1219 1206 1254 non
1220 1218 1236 1254 a
1249 1205 1312 1254 crasi
1325 1203 1461 1258 humorum,
1475 1204 1520 1254 sed

158 1283 177 1319 a
193 1270 265 1321 coelo
283 1272 448 1335 provenirent
485 1272 568 1323 Floret
586 1273 657 1334 alies,
675 1281 705 1324 ut
723 1276 799 1325 cresis
817 1277 924 1339 corporis
942 1290 1017 1339 saepe
1037 1283 1103 1326 esset
1120 1275 1296 1340 phlegmatica,
1315 1274 1443 1324 inclinatio
1461 1289 1519 1324 sero

158 1341 222 1392 eset
235 1349 291 1393 tnta
301 1341 435 1393 lisriiaiia
472 1342 594 1394 Videmus
612 1360 707 1410 quoque
720 1346 745 1396 in
763 1346 836 1396 rebus
848 1347 992 1396 inanimatis
1006 1348 1112 1396 oresium
1125 1345 1278 1396 differentias
1293 1346 1446 1408 potissimum
1459 1359 1517 1394 con-

158 1414 263 1463 stituere
280 1414 368 1464 virium
387 1412 561 1476 differentiam,
578 1424 608 1466 ut
628 1416 693 1467 aliae
710 1417 803 1468 herbas
820 1418 933 1470 habeam
950 1419 998 1466 risn
1017 1418 1153 1482 digerendi,
1173 1416 1341 1474 mollificandi,
1366 1416 1519 1472 attrahendi,

158 1484 313 1549 glutinandi,
334 1485 399 1535 aliae
417 1486 593 1536 mundificaudi
611 1493 778 1552 potestatem,
803 1489 869 1538 aliae
888 1488 1068 1544 calefaciendi,
1094 1488 1161 1538 aliae
1178 1486 1339 1551 refrigerandi
1362 1488 1425 1543 rim,
1448 1494 1521 1550 prout

160 1556 237 1605 orasis
255 1555 351 1605 iliarum
370 1556 488 1607 admittit
527 1556 608 1617 Quod
617 1559 642 1608 in
660 1559 698 1607 his
715 1559 778 1608 vires
796 1574 827 1609 ex
846 1561 925 1614 crasi,
951 1559 978 1608 id
995 1560 1020 1608 in
1040 1560 1157 1610 animatis
1176 1558 1316 1621 corporibus
1334 1565 1393 1608 snut
1410 1558 1516 1607 inclina·

159 1626 250 1675 tiones.
287 1625 357 1678 Dicis
376 1642 485 1692 quoque.
515 1630 626 1678 auium
652 1629 789 1681 rehabere
817 1630 851 1681 ad
869 1630 988 1680 coelestia
1012 1630 1076 1681 haec
1094 1630 1180 1691 παθη.
1209 1635 1237 1677 ut
1256 1627 1341 1678 oculus
1366 1628 1400 1677 ad
1427 1629 1516 1684 lucem,

160 1697 227 1746 auris
246 1697 280 1748 ad
297 1711 385 1748 sonum
404 1702 440 1763 tp.
461 1696 536 1758 did).
572 1700 645 1751 Haec
662 1715 711 1754 uon
731 1702 837 1752 absurde
856 1701 925 1751 dicta
943 1707 1015 1759 sunt,
1041 1709 1135 1751 certam
1154 1701 1219 1750 enim
1246 1701 1397 1762 superiorum
1415 1699 1515 1749 relatio·

159 1783 218 1818 uem
237 1769 271 1819 ad
288 1769 404 1820 inferius
423 1784 477 1820 esse
496 1771 549 1834 ipse
568 1770 634 1821 clare
652 1771 729 1833 innui,
748 1773 793 1823 sed
810 1787 862 1823 non
881 1787 911 1822 eo
922 1773 1005 1828 modo,
1023 1787 1071 1836 quo
1089 1779 1117 1822 tu
1134 1771 1261 1835 intelligis,
1280 1785 1330 1820 nou
1342 1771 1407 1834 quod
1420 1772 1517 1819 animus

159 1839 194 1889 ad
212 1840 332 1890 molestes
350 1841 528 1894 inclinationes
546 1842 582 1891 sic
602 1856 629 1906 pe
647 1843 756 1900 habeat,
781 1845 825 1893 sed
843 1844 908 1909 quod
926 1843 1016 1908 singuli
1035 1845 1141 1907 corporis
1163 1842 1277 1892 humores
1297 1840 1460 1892 elementares
1478 1855 1518 1890 re·

157 1912 268 1974 spiciunt
285 1911 394 1976 singulos
412 1912 538 1976 planetas,
558 1919 587 1963 nt
604 1912 722 1964 videlicet
739 1913 755 1976 ii
773 1916 904 1965 relativam
923 1916 971 1964 rim
998 1914 1092 1964 habeat
1117 1914 1151 1964 sd
1168 1913 1295 1962 humorem
1313 1912 1519 1963 melancholicum

118 2009 122 2016 ·
160 1981 334 2038 excitandum,
352 1983 544 2040 simulandum,
563 1985 744 2049 vegetandum:
764 1984 790 2046 d
810 1985 842 2036 ad
861 1986 998 2043 choleram,
1018 1977 1043 2046 Q
1063 1985 1095 2035 ad
1113 1986 1268 2049 sauguinem.

231 2051 262 2103 ln
279 2067 390 2110 summa.
410 2054 479 2112 dico,
497 2055 579 2105 nullas
597 2055 729 2119 qualitates
747 2059 839 2120 primas
865 2064 911 2106 aut
928 2057 1052 2106 secundas
1069 2063 1168 2121 praeter
1190 2055 1342 2106 caliditatem
1362 2060 1388 2104 et
1405 2053 1519 2103 lueidita·

160 2129 229 2182 um,
248 2130 278 2173 ut
295 2139 343 2174 neo
360 2124 423 2174 ullas
441 2125 615 2177 inclinationes
634 2128 715 2177 inesse
733 2128 856 2192 planetis;
882 2129 919 2176 ris
937 2142 995 2178 raro
1014 2128 1147 2192 vegetandi
1165 2128 1190 2175 iu
1209 2126 1317 2190 planetis
1341 2140 1391 2175 non
1409 2132 1463 2175 tem
1482 2129 1520 2173 est

160 2195 291 2253 naturalis,
310 2197 384 2260 quiam
402 2196 508 2246 relativa
526 2213 557 2247 ex
575 2198 728 2248 ordinatione
747 2199 839 2249 divina.
858 2196 1030 2262 (Keplerus
1048 2200 1074 2247 in
1093 2199 1218 2262 margine:
1238 2197 1303 2246 Pons
1322 2193 1469 2256 asinorum)

232 2265 321 2315 Porro:
346 2267 367 2315 ri
389 2266 563 2318 inclinationes
587 2269 619 2318 ab
642 2270 728 2327 uuis,
756 2271 854 2320 malitia
871 2284 928 2319 raro
946 2284 1029 2320 eorum
1048 2269 1163 2323 aliunde,
1188 2274 1248 2318 tnnc
1267 2268 1300 2318 ad
1318 2268 1519 2318 constituendum

160 2343 257 2387 eertum
275 2337 307 2387 de
323 2337 525 2390 mutuationibus
541 2339 661 2403 judicium
684 2355 734 2390 uon
752 2342 831 2390 solum
856 2347 927 2390 astra
944 2339 1127 2391 consideranda
1144 2346 1229 2394 erunt,
1255 2338 1300 2388 sed
1328 2339 1404 2388 animi
1423 2352 1519 2402 quoqne

159 2421 178 2458 a
195 2408 293 2458 malida
309 2410 390 2474 magis
407 2410 522 2460 mluusrs
541 2412 705 2461 contaminati
722 2411 842 2462 habitudo
862 2411 987 2476 astrologo
1005 2408 1253 2475 praecognosceuda,
1273 2415 1300 2457 et
1318 2408 1390 2457 simul
1408 2410 1435 2457 in
1451 2410 1517 2472 judi·

159 2481 227 2529 mum
246 2478 388 2530 adhibenda
406 2481 461 2530 erit.
498 2480 591 2531 Verum
610 2481 748 2547 astrologus
763 2483 862 2546 judicat
880 2482 1032 2532 solummodo
1048 2484 1120 2545 juxta
1137 2480 1243 2545 positum
1263 2479 1326 2530 toell
1344 2485 1371 2528 et
1389 2479 1518 2529 diversita-

159 2555 211 2599 tem
231 2557 386 2614 aspectuum,
404 2557 476 2616 pront
493 2552 528 2601 illi
547 2558 592 2602 aut
610 2553 691 2616 asperi
710 2558 754 2603 aut
764 2554 873 2604 mitiores
892 2560 959 2602 sunt.
996 2552 1061 2617 Ergo
1074 2567 1104 2602 eo
1117 2553 1169 2616 ipso
1187 2550 1299 2599 nolentes
1312 2550 1422 2598 solentes
1435 2557 1519 2600 osteu-

159 2621 222 2670 dunt
241 2621 373 2686 moiogi,
401 2627 446 2671 aut
464 2622 535 2671 simui
553 2623 690 2672 bonitatem
709 2629 735 2672 et
753 2624 874 2673 malitiam
893 2639 949 2673 uum
967 2624 1026 2687 ipsis
1044 2620 1246 2673 inclinationibus
1268 2622 1294 2670 in
1313 2621 1402 2669 animis
1420 2621 1516 2671 conier-

159 2692 231 2760 mari,
252 2698 297 2742 sut
314 2693 336 2741 si
353 2692 401 2743 hoc
419 2692 515 2748 nonne,
533 2694 654 2743 incertum
672 2695 778 2758 ipsorum
792 2709 846 2745 esse
861 2695 981 2758 judicium
1001 2692 1189 2757 (Keplerus2
1209 2688 1350 2753 omniunt),
1369 2691 1407 2741 rel
1420 2694 1520 2742 ombino

160 2762 241 2813 edam
259 2763 291 2812 ab
310 2765 383 2813 astris
404 2763 557 2829 originaliter
574 2765 749 2816 inclinationes
767 2782 815 2816 non
834 2765 938 2830 prodire.
977 2764 1106 2825 Quomodo
1125 2763 1191 2813 hunc
1210 2763 1302 2812 nodum
1322 2763 1439 2813 Gordium
1452 2778 1518 2813 com·
1560 2805 1563 2808 .

159 2833 233 2884 nunde
250 2833 344 2885 solvere
361 2837 441 2899 possis
459 2841 504 2885 ant
521 2836 590 2893 reiis,
609 2851 659 2887 non
677 2837 758 2895 rideo,
779 2852 834 2888 cum
854 2837 909 2901 ipsa
927 2837 1020 2887 veritas
1038 2837 1076 2884 sit.
1115 2835 1153 2884 Tu
1164 2835 1240 2899 igitur
1263 2841 1348 2898 aperte
1366 2841 1392 2884 et
1411 2835 1519 2900 ingenue

161 2904 277 2956 adhaec
295 2905 327 2955 de
345 2905 547 2957 inclinationibus
566 2915 715 2972 argumenta
732 2908 862 2972 responde.

232 2974 304 3037 Quod
323 2976 393 3035 dicis,
411 2977 519 3041 planetis
536 2993 585 3028 nou
604 2980 686 3029 inesse
704 2979 844 3029 bonitatem
862 2984 907 3028 aut
924 2977 1055 3035 maiitiam,
1075 2976 1120 3027 sed
1132 2975 1300 3026 fortitudinem
1317 2982 1343 3025 et
1355 2976 1518 3033 debilitatem,

159 3046 289 3111 pulchrum
308 3055 334 3097 et
353 3048 477 3111 abiectum
496 3045 563 3109 (ride
581 3064 605 3113 p.
626 3045 702 3110 diii),
723 3051 756 3100 ad
773 3050 800 3099 id
817 3053 853 3099 sic
872 3050 1022 3113 respondeo:
1050 3048 1216 3098 fortitudinem
1236 3053 1262 3097 et
1280 3048 1385 3097 actionis
1404 3047 1539 3097 debilita-·

160 3123 211 3168 tem
230 3119 290 3181 ipsis
308 3119 391 3169 inesse
409 3133 459 3169 non
476 3134 549 3185 nego,
570 3133 635 3180 oum,
654 3121 750 3171 mtione
770 3120 905 3171 distantiae
925 3133 941 3169 a
959 3119 1045 3172 Terra.
1064 3121 1126 3168 situs
1146 3127 1172 3169 et
1189 3119 1287 3168 luminis
1305 3117 1350 3168 dte.
1370 3120 1446 3168 etiam
1465 3132 1518 3167 ma-

158 3190 224 3250 iores
244 3195 289 3238 aut
305 3189 411 3240 minores
430 3192 493 3241 rirea
511 3190 631 3241 habeant
669 3190 731 3241 Cum
749 3206 806 3241 rere
824 3191 1027 3246 inclinationem,
1054 3191 1114 3240 item
1133 3189 1301 3240 fortitudinem
1321 3196 1346 3237 et
1365 3188 1519 3238 debilitatem

159 3258 267 3322 planetis
285 3260 372 3310 tribuis
390 3260 486 3314 inesse.
513 3275 545 3311 an
564 3276 614 3311 uon
633 3276 662 3311 eo
681 3262 734 3325 ipso
753 3276 881 3312 excessum
900 3269 927 3311 et
945 3262 1084 3319 deiectum,
1113 3262 1154 3325 qui
1173 3262 1205 3312 ab
1223 3260 1311 3310 ethicis
1329 3275 1372 3323 pro
1391 3260 1456 3309 vitiis
1473 3258 1519 3307 ha·

159 3330 263 3388 beutur,
290 3331 363 3382 dmui
380 3330 485 3382 innnesi
514 3328 689 3396 (Kepierus
707 3333 733 3382 in
751 3335 875 3398 margine:
896 3333 1008 3383 deiectus
1032 3347 1082 3382 non
1101 3339 1141 3382 est
1162 3331 1263 3382 malum.
1301 3330 1393 3381 Omnis
1410 3332 1476 3380 bona
1494 3332 1519 3379 in

160 3400 273 3461 natura)
309 3401 406 3464 Jupiter
430 3409 455 3451 et
473 3401 560 3453 Venus
577 3403 752 3454 inclinationes
772 3405 897 3468 iucundus
921 3410 947 3454 et
970 3403 1085 3467 pulchras
1110 3410 1154 3453 tuo
1174 3403 1268 3466 iudicio
1287 3402 1360 3460 daut;
1387 3401 1520 3451 sidebiles

159 3471 259 3530 inerint,
275 3473 351 3523 etiarn
364 3486 422 3522 suas
434 3472 607 3524 inclinationes
620 3474 735 3539 pulchras
749 3482 775 3525 et
787 3475 888 3536 debiles,
909 3475 948 3525 rel
960 3475 1097 3526 beneficam
1115 3475 1197 3537 potius
1209 3479 1325 3523 naturam
1343 3472 1447 3522 debilius
1460 3478 1520 3521 nato

162 3543 307 3593 attribuunt.
344 3542 455 3594 Necesse
473 3558 534 3595 sane
553 3547 612 3603 erit,
642 3560 673 3596 ex
690 3546 741 3595 ista
758 3544 887 3596 debilitato
906 3546 1031 3596 deiectum
1058 3546 1114 3594 oriri
1131 3546 1158 3595 in
1178 3545 1277 3609 animo,
1303 3551 1330 3594 et
1347 3543 1407 3593 inde
1424 3557 1520 3607 quoqne

159 3613 315 3664 harmoniam
332 3615 457 3664 actium
477 3622 503 3665 et
520 3615 708 3666 inclinationum
727 3617 828 3666 turbari.
866 3615 909 3666 Sic
928 3616 959 3666 de
979 3630 1081 3665 excessu
1099 3615 1115 3676 i
1135 3621 1161 3665 et
1180 3613 1205 3675 d
1223 3614 1386 3676 iudicandum
1405 3616 1459 3672 erit,
1478 3614 1521 3661 nbi

161 3689 187 3734 et
205 3684 321 3735 fortitudo
339 3685 365 3734 in
384 3698 428 3734 suo
445 3686 636 3737 inclinationum
654 3701 746 3751 genere
763 3688 849 3737 vitium
867 3688 949 3756 periet
967 3685 1149 3750 (Keplerusz
1169 3691 1197 3735 at
1215 3684 1325 3734 nondum
1343 3691 1383 3734 est
1399 3682 1516 3742 melida).

161 3754 249 3814 Corte,
275 3755 490 3806 siinclinationes
508 3757 577 3807 coelo
595 3757 729 3815 adscribis,
758 3773 808 3807 non
833 3765 906 3821 potes
931 3772 981 3808 non
1005 3759 1081 3808 etiam
1099 3757 1232 3822 qualitates
1257 3755 1356 3804 illarum
1383 3754 1462 3804 honus
1480 3755 1519 3804 rel

159 3825 240 3876 malas
258 3826 327 3877 coeio
346 3828 490 3877 attribuere.
526 3826 611 3878 Dicis:
639 3828 716 3886 ione,
742 3828 883 3891 pulchrum,
913 3829 1052 3891 abjectum,
1075 3828 1155 3878 debile
1173 3833 1271 3877 tantum
1289 3825 1336 3874 illis
1354 3827 1451 3880 inesse,
1469 3840 1519 3874 non

159 3897 249 3945 bonum
268 3904 312 3947 ant
330 3897 435 3954 malama
456 3897 544 3955 audio;
564 3897 609 3947 sed
626 3898 684 3964 quid
704 3897 771 3949 aliud
790 3899 816 3949 id
834 3905 882 3952 est.
902 3913 978 3963 quam
996 3900 1090 3962 reipsa
1108 3899 1197 3948 bonum
1217 3905 1243 3948 et
1260 3896 1361 3958 malum,
1380 3897 1455 3961 idque
1474 3897 1518 3945 ali-

158 3968 256 4032 quaudo
273 3967 373 4024 iortius,
394 3968 526 4033 aliquando
546 3968 649 4019 debilius
668 3977 787 4020 statuere.
826 3969 907 4019 Video
926 3977 952 4019 te
970 3969 1091 4020 vocabula
1108 3975 1220 4026 mutare,
1239 3982 1290 4018 non
1308 3983 1366 4018 rere
1385 3982 1424 4016 res
1443 3968 1517 4031 ipsas.

159 4035 365 4102 (Keplerum
393 4037 562 4102 Melancholia
585 4055 635 4089 nou
654 4047 693 4091 est
720 4038 833 4102 lunum)
870 4040 950 4098 Vide,
975 4041 1009 4089 mi
1037 4041 1132 4090 erudite
1150 4040 1272 4103 Keplere,
1299 4054 1374 4104 quam
1401 4039 1522 4103 procula

158 4111 271 4160 veritatis
289 4110 390 4160 tramite
407 4124 487 4160 norae
505 4116 565 4161 tuae
584 4111 767 4175 speculationes
786 4118 812 4161 te
832 4112 975 4168 abducant,
1002 4118 1029 4159 et
1046 4111 1071 4159 ln
1091 4124 1155 4175 quae
1174 4110 1246 4160 deria
1264 4110 1392 4160 derenias.
1430 4108 1529 4158 Corma

159 4194 240 4231 meam
258 4182 409 4231 senteutiam
427 4195 484 4231 cum
501 4187 547 4232 tue
564 4188 590 4233 et
607 4184 708 4244 ridebis,
728 4197 793 4248 quae
811 4184 891 4234 miuus
911 4181 1022 4232 absurdis
1044 4187 1130 4231 utatur
1147 4182 1291 4232 rationibus.
1338 4177 1522 4244 (Keplerust

159 4250 197 4301 'l'u
215 4253 282 4302 furta
300 4254 326 4301 in
344 4251 536 4302 melancholiam
555 4252 655 4303 coniers
674 4259 719 4304 ant
736 4269 833 4304 meeum
851 4255 946 4304 sentim
965 4252 1000 4302 sic
1020 4252 1163 4302 acusanda
1181 4252 1277 4302 scolm
1296 4248 1521 4315 temperamentis.)

160 4321 237 4386 cupio
255 4329 340 4373 nmen
359 4337 390 4373 ex
407 4329 434 4372 te
452 4323 555 4373 meliora
573 4324 668 4381 audire,
686 4326 708 4373 si
726 4325 751 4374 in
764 4329 861 4388 promtu
873 4325 973 4375 inerim.
1011 4323 1064 4372 lrno
1076 4328 1102 4372 te
1116 4322 1240 4380 adhortor,
1258 4322 1331 4372 utad
1344 4321 1521 4372 excutiendum

158 4395 270 4445 veritatis
287 4395 372 4459 ignem
390 4408 489 4445 omnem
507 4393 660 4460 ᾂΙίκοπῑίω
678 4394 806 4452 sdbibses,
832 4402 859 4445 et-
876 4395 965 4445 ralidis
984 4391 1163 4444 contrariorum
1182 4399 1381 4459 argumentorum
1401 4393 1521 4442 arietibus

159 4471 259 4516 nutrae
284 4465 424 4516 mnteutise
442 4478 524 4516 maros
542 4479 683 4531 oppugnes,
703 4468 768 4516 etsi
786 4472 858 4530 potes
877 4467 989 4529 dejicias.
1026 4464 1081 4529 Ego
1099 4466 1198 4514 raritati
1216 4463 1322 4514 libenter
1341 4463 1438 4514 cedam.

248 4536 452 4616 Keplerus:
476 4535 523 4598 De
548 4536 860 4599 inclinationibus
885 4536 1048 4599 confudisti
1073 4554 1119 4597 me
1144 4536 1222 4597 inter
1243 4536 1414 4611 legendum.
1452 4533 1520 4595 Ve-

160 4623 212 4686 liru
236 4624 403 4705 respiceres
427 4625 466 4686 ad
492 4643 576 4687 meas
601 4625 705 4687 literas
729 4626 861 4705 priores,
891 4626 961 4706 quid
986 4624 1105 4686 omnino
1130 4623 1309 4703 scripserim.
1357 4623 1439 4686 Nam
1463 4622 1519 4683 hoc

158 4712 287 4791 quidem,
313 4714 390 4794 quod
416 4722 447 4776 tu
472 4714 598 4785 refutas,
620 4714 710 4794 plane
736 4734 792 4776 nou
817 4714 937 4795 scripsi.
984 4712 1071 4787 Dixi,
1107 4712 1318 4775 inclinationes
1346 4711 1519 4792 implantari

157 4801 216 4880 ipsi
238 4802 357 4865 animae
381 4821 420 4864 ex
443 4812 593 4865 astrorum
616 4822 799 4878 commensu,
824 4803 881 4865 boc
896 4810 953 4876 est,
979 4801 1110 4863 animum
1126 4801 1223 4881 ipsum
1246 4799 1377 4863 transire
1397 4800 1425 4863 in
1442 4802 1516 4862 cha-

160 4898 307 4954 racterem
333 4891 497 4965 thematis,
521 4899 626 4955 uotam
648 4891 693 4954 tiri
716 4891 862 4956 thematis
885 4900 917 4954 et
940 4890 970 4953 in
994 4897 1025 4952 te
1050 4890 1152 4965 fluere,
1177 4888 1285 4952 deinde
1309 4888 1520 4955 inclinationes
