3609 5634
655 380 978 436 wadium.
1432 383 1494 455 107

118 538 260 617 quilibet
284 562 303 603 a
326 541 460 621 quolibet
481 543 511 606 iu
535 540 705 622 Oopernino
719 542 892 610 dissideret.
939 543 1104 608 Plnrbnnm
1130 545 1274 626 temperis
1298 545 1358 609 isto
1382 549 1495 626 labore,

119 630 218 708 quasi
251 630 331 703 lusu,
366 631 501 713 perdidi;
534 650 600 694 cnm
633 632 717 694 nulla
750 651 845 712 neque
877 633 1009 711 ipsarum
1048 636 1286 713 proportionum,
1319 656 1414 719 neque
1444 639 1493 701 iu-

121 727 353 783 crementorum
385 729 548 800 appareret
581 720 769 801 aequalitas:
803 720 936 802 nihilque
968 721 1120 784 utilitatis·
1139 723 1207 786 inde
1235 727 1373 806 percepi,
1407 746 1497 808 qnam

123 809 210 889 quod
236 809 399 872 distantias
423 810 522 889 ipsas,
557 817 590 871 ut
622 807 833 890 aOupernico
863 811 1003 891 proditae
1036 818 1123 886 aunt,
1157 812 1305 875 altissime
1334 817 1496 879 memoriae

126 899 297 977 insculpsi:
332 899 469 980 quodque
491 898 741 980 haecgvarinrum
765 907 925 961 conatuum
949 901 1195 963 commemoratio
1223 908 1306 965 tuum
1329 923 1494 982 assensum,

126 987 247 1058 lector,
272 988 358 1068 qnasi
380 986 502 1049 marinis
526 987 682 1061 fluctibus,
712 988 800 1050 auxie
827 989 895 1050 hinc
920 989 1125 1069 indejectam
1149 996 1266 1069 potest,
1291 992 1396 1072 quibus
1420 995 1496 1057 fati.

131 1085 226 1156 gatus
255 1076 382 1157 denique
413 1083 499 1138 tanto
528 1076 669 1140 libentius
693 1078 732 1138 ad
755 1096 864 1140 causas
888 1077 945 1139 hoc
969 1077 1070 1140 libello
1094 1079 1266 1158 expositas,
1290 1088 1433 1166 tanquam
1457 1084 1495 1146 sd

133 1172 234 1228 tntum
263 1173 382 1246 portum
409 1172 441 1227 te
464 1166 602 1247 recipias.
650 1164 895 1229 consolabantur
919 1186 965 1227 me
999 1175 1100 1228 tamen
1132 1166 1256 1229 subinde
1288 1176 1321 1230 et
1349 1170 1377 1232 in
1410 1189 1495 1251 spem

131 1255 289 1318 meliorem
321 1255 479 1335 erigebant
516 1273 583 1316 cum
611 1255 691 1316 aliae
724 1255 873 1328 rationes,
907 1273 984 1335 qnae
1011 1255 1091 1317 inira
1121 1263 1296 1337 sequentur,
1329 1265 1393 1321 tum
1417 1261 1496 1340 qnod

133 1363 256 1424 semper
288 1354 388 1406 rnntus
416 1344 591 1408 distantiam
621 1361 699 1423 pone
728 1344 813 1425 sequi
836 1344 1009 1419 videbatur,
1044 1352 1134 1424 atque
1166 1343 1216 1406 ubi
1245 1364 1371 1427 maguus
1394 1348 1498 1414 hiatus·

99 1442 205 1495 -erat
234 1433 312 1495 inter
341 1434 447 1507 orbes,
480 1442 547 1494 erat
575 1441 605 1494 et
627 1433 707 1495 inter
734 1441 843 1495 motus.
891 1431 980 1502 Quod
1004 1433 1030 1494 si
1055 1433 1259 1512 (cogitabam)
1281 1435 1363 1497 Dens
1395 1446 1495 1500 motus

135 1523 176 1582 ad
201 1522 414 1585 distantiarum
436 1521 655 1602 praescriptum
679 1522 799 1600 aptavit
822 1520 961 1588 urbibus:
986 1521 1089 1603 utique
1113 1529 1145 1583 et
1167 1522 1250 1601 ipsas
1268 1524 1433 1589 distantias
1456 1528 1495 1588 ad

134 1609 264 1692 alicujus
288 1611 332 1673 rei
355 1611 573 1691 praescriptum
598 1611 845 1673 accommodavit.
1311 1608 1320 1617 '

186 1739 197 1763 0
225 1699 303 1763 Cum
326 1701 419 1779 igitur
439 1701 498 1762 hae
521 1718 581 1762 nun
604 1702 793 1776 succederet,
817 1700 885 1762 alia
902 1700 966 1772 via,
990 1698 1096 1761 mimm
1120 1718 1211 1779 quam
1232 1700 1353 1773 audaci,
1377 1703 1494 1766 tentavi

133 1789 262 1854 aditum.
310 1790 394 1852 Inter
420 1790 528 1851 Jorem
557 1796 590 1850 et
620 1789 752 1851 Martem
787 1788 963 1868 interposui
985 1806 1093 1850 norum
1124 1788 1332 1868 planetam,·)
1365 1790 1495 1873 itemque

134 1879 228 1942 aliurn
253 1879 334 1941 inter
355 1879 507 1941 Venerem
529 1887 562 1940 et
584 1878 780 1954 Mercurium,
814 1896 889 1958 quos
913 1877 988 1939 dnos
1012 1878 1089 1938 sorte
1112 1876 1151 1939 ob
1174 1878 1340 1942 exilitatem
1365 1898 1422 1941 non
1446 1882 1495 1943 vi-

136 1968 278 2041 deamus,
303 1967 399 2047 iisqne
422 1987 478 2029 sna
500 1976 637 2046 tempora
660 1973 810 2046 munerun
834 1965 971 2045 ascripsi.
1017 1964 1070 2028 Sin
1093 1965 1173 2027 enim
1196 1967 1423 2042 existimabam,
1448 1989 1494 2032 me

135 2057 270 2136 aliquam
293 2056 510 2137 aequalitatem
532 2055 757 2136 proportionum
781 2057 974 2128 ellectumm,
1000 2074 1074 2135 qnae
1093 2056 1303 2136 proportiones
1319 2058 1396 2120 inter
1410 2058 1496 2122 binos

136 2165 244 2208 versus
268 2144 372 2208 Solem
405 2147 508 2208 ordine
532 2144 747 2219 minuerentur,
780 2164 887 2207 versus
911 2144 987 2205 daus
1011 2153 1224 2224 augescerent:
1249 2155 1283 2207 ut
1304 2146 1426 2227 propior
1449 2155 1499 2209 est

136 2235 232 2298 Terra
256 2235 369 2297 Veneri
399 2234 430 2296 in
458 2234 630 2315 quantitate
654 2234 734 2296 urbis
754 2232 937 2307 Terrestris,
971 2250 1058 2310 quarn
1084 2233 1169 2294 Mars
1195 2233 1307 2296 Terrae
1336 2236 1363 2297 iu
1397 2255 1496 2317 qnan-

134 2322 228 2386 titate
261 2324 342 2387 orbis
374 2323 489 2386 Martii.
537 2324 650 2385 Verum
682 2343 777 2403 neque
810 2323 896 2384 unius
927 2321 1070 2400 praseae
1105 2320 1295 2402 interpositio
1327 2324 1498 2394 sufficiebat
1599 2313 1612 2324 ⁸

136 2413 253 2492 ingenti
276 2412 372 2475 hiatui
395 2412 426 2486 ll
448 2420 480 2473 et
503 2421 539 2482 (ς.
585 2412 731 2474 Manebat
762 2412 840 2474 enim
863 2411 961 2490 major
988 2407 1076 2471 Joris
1110 2410 1150 2470 ad
1173 2409 1255 2473 illum
1288 2430 1395 2475 novum
1422 2432 1519 2494 pro--

136 2502 254 2581 portio,
291 2520 378 2581 quarn
414 2509 465 2562 eat
491 2499 615 2563 Saturni
649 2502 688 2563 ad
720 2501 842 2563 Jovem:
882 2507 914 2561 et
946 2498 1003 2559 buo
1034 2506 1125 2576 pacto
1158 2500 1295 2578 quamvis
1328 2500 1495 2564 obtinerem

134 2591 371 2671 qualemcunque
399 2590 638 2671 proportionem,
667 2592 766 2652 nullus
789 2599 889 2652 tannen
913 2606 982 2650 cum
1010 2585 1125 2648 ratione
1157 2586 1238 2663 finis,
1273 2589 1372 2650 nnllus
1395 2597 1496 2652 certus

85 2739 87 2742 ,
137 2699 278 2741 uumerus
301 2680 452 2742 mobilium
477 2680 592 2741 iirtnms
617 2688 699 2748 erat,
734 2699 829 2759 neque
852 2696 960 2744 versus
983 2674 1075 2745 fixas,
1105 2693 1199 2757 usque
1223 2677 1293 2739 dum
1316 2678 1387 2740 illae
1410 2677 1495 2758 ipsae

137 2778 347 2831 cucumerem:
380 2788 475 2848 neque
498 2787 604 2830 verens
628 2767 732 2831 Solem
756 2788 899 2849 unquam,
933 2763 1002 2846 quia
1025 2763 1132 2826 divisio
1160 2765 1252 2845 spatii
1281 2775 1350 2846 post
1373 2768 1496 2831 Mercu·

137 2859 215 2919 rium
238 2857 350 2920 residui
382 2876 436 2936 per
463 2858 540 2918 hane
572 2858 794 2938 proportionem
821 2858 851 2919 in
878 2854 1026 2920 intritum
1054 2853 1241 2934 procederet.
1289 2856 1394 2938 Neque
1419 2856 1497 2918 enim

137 2946 178 3007 ab
200 2946 288 3008 ullius
308 2946 420 3008 numeri
441 2945 599 3008 nobilitate
619 2946 781 3028 conjectari
804 2954 943 3025 poteram
955 2941 990 3018 ¹),

136 3055 191 3097 cnr
214 3054 268 3114 pru
290 3034 412 3096 infinitis
440 3043 504 3096 tam
527 3055 624 3114 panca
645 3033 766 3097 mobilia
794 3034 988 3097 extitissent:
1038 3100 1041 3108 ,
1202 3017 1248 3069 '¹⁸‘
1263 3021 1284 3062 ⁸·

135 3124 244 3204 Neque
268 3123 442 3186 verisimilia
464 3123 537 3186 dicit
561 3124 706 3186 Rheticns
734 3124 763 3185 in
792 3143 848 3186 sna
868 3124 988 3186 Narra·
1036 3110 1409 3216 “²⁸⁸¹’'
1470 3099 1489 3148 υ

137 3213 230 3288 tione,
256 3232 322 3275 cnm
346 3233 365 3273 a
387 3213 551 3275 sanctitate
573 3214 682 3275 senarii
702 3221 928 3292 argumentatur
951 3211 990 3274 ad
1038 3190 1295 3299 δῖ

137 3319 291 3363 numemm
314 3320 369 3362 sex
396 3302 545 3364 coelorum
569 3302 731 3366 mobilium.
776 3304 856 3366 Nam
879 3303 930 3384 qni
953 3303 991 3364 de
1036 3278 1206 3425 '
1227 3300 1234 3323 ·’

138 3390 234 3470 ipsius
248 3390 348 3452 mundi
364 3391 485 3453 conditu
499 3391 644 3472 disputat,
668 3411 726 3453 nun
745 3392 837 3456 debet
857 3391 991 3455 rationes
1035 3399 1050 3439 ἱ

139 3480 177 3540 ab
192 3478 230 3540 iis
244 3479 372 3541 numeris
386 3480 504 3555 ducere,
529 3480 579 3561 qui
597 3500 635 3542 ex
647 3481 737 3542 rebus
756 3480 865 3543 mundo
883 3489 991 3560 poste·
1034 3427 1144 3572 q'

139 3566 267 3630 rioribus
290 3567 474 3648 dignitatem
491 3569 621 3649 aliquam
645 3569 748 3653 adepti
771 3576 851 3632 sunt.
866 3572 895 3643 ¹)

228 3655 360 3719 Rursum
384 3657 443 3719 aliu
467 3659 554 3719 modo
570 3658 734 3739 explorari,
758 3666 856 3721 ntrmn
879 3675 937 3720 nun
962 3658 991 3719 in
1058 3538 1107 3815 V

140 3745 246 3808 eodem
274 3746 440 3826 quadrante
469 3747 615 3809 distantia
655 3746 814 3826 cujuslibet
850 3747 991 3827 planetae

139 3833 181 3897 eit
203 3834 355 3896 residuum
378 3854 416 3896 ex
446 3835 528 3911 sinn,
562 3846 593 3899 et
621 3843 719 3898 motus
747 3836 811 3914 ejus
843 3836 885 3897 sit
912 3836 991 3898 resi-

139 3924 229 3986 duum
252 3942 290 3985 sn
313 3923 379 4002 ejus
398 3925 607 4003 complemeuti
626 3926 703 3988 sinu.
742 3923 889 4006 tingatur
915 3945 991 4007 qua·
1032 3943 1055 3994 e
1459 3947 1481 3993 r

139 4014 259 4074 dratnm
280 4012 351 4085 AB,
378 4032 397 4073 a
419 4013 641 4076 semidiametro
664 4014 757 4076 totius
781 4013 911 4076 universi
934 4012 992 4077 Ao

139 4101 343 4181 descriptum.v
380 4100 427 4162 Ex
450 4103 561 4180 angulo
583 4103 674 4183 igitur
696 4104 722 4164 Β
747 4102 811 4166 Soli
835 4103 899 4165 sive
927 4110 1031 4166 neutro
1064 4104 1166 4168 muudi
1188 4105 1219 4167 A
1249 4103 1388 4186 opposito
1417 4101 1495 4166 seri·

139 4190 228 4251 batur
251 4208 317 4251 cum
342 4189 426 4252 radio
448 4189 503 4253 BC
527 4193 677 4271 quadrans
702 4190 796 4254 CED.
838 4191 956 4255 Deinde
979 4193 1010 4255 iu
1033 4212 1104 4255 vern
1127 4194 1229 4257 mundi
1252 4193 1337 4255 radlu
1359 4188 1417 4255 Ac
1440 4208 1497 4252 nn-

139 4287 242 4340 tentur
264 4277 333 4354 Sol,
356 4280 433 4341 fixae
457 4288 489 4340 et
511 4281 632 4343 mobilia
654 4300 708 4361 pro
731 4281 848 4343 ratione
872 4281 1102 4344 distantiarum:
1127 4304 1146 4344 a
1169 4282 1275 4362 quibus
1299 4280 1418 4360 punctis
1442 4297 1498 4339 ex·

139 4366 270 4428 uitentur
291 4377 403 4443 rectae,
428 4387 521 4448 nsque
545 4372 583 4432 ad
607 4372 765 4432 obversum
779 4368 844 4432 Soli
868 4371 1067 4450 quadrantem
1089 4377 1258 4451 porrectae.
1296 4367 1382 4439 Quae
1406 4365 1498 4447 igitur

14 4481 17 4486 ¹
103 4491 106 4494 -
139 4464 188 4517 est
219 4456 371 4536 proportio
406 4459 633 4537 parallelorum,
667 4460 793 4519 eandem
821 4459 943 4522 virtutis
972 4459 1120 4522 moventis
1150 4458 1220 4520 duxi
1243 4477 1337 4539 penes
1361 4455 1498 4535 singulos

139 4546 289 4623 planetas.
327 4544 362 4606 In
378 4543 459 4607 Solis
479 4548 559 4610 linea
581 4547 712 4608 infinitas
736 4558 902 4626 permanet,
927 4548 998 4630 quia
1020 4548 1079 4609 AD
1103 4546 1239 4626 tangitur
1261 4564 1318 4607 nun
1343 4553 1497 4607 secutura

140 4634 317 4713 quadrante.
354 4633 474 4696 lufinita
497 4636 587 4714 igitur
609 4635 655 4696 vis
679 4641 778 4697 motus
795 4634 922 4710 insule,
947 4655 1054 4715 nempe
1078 4635 1118 4697 nil
1142 4635 1200 4697 nisi
1223 4642 1323 4696 motus
1346 4634 1498 4713 ipsissimo

140 4730 220 4784 actu.
262 4722 296 4784 In
321 4721 471 4786 Mercurio
495 4723 610 4788 infinita
632 4723 713 4786 linea
735 4723 764 4784 in
789 4722 818 4786 K
842 4724 980 4785 abscissa
1003 4731 1060 4787 est.
1099 4722 1201 4795 Quare
1224 4724 1290 4804 ejus
1314 4731 1414 4787 motus
1432 4724 1498 4805 jam

140 4819 188 4870 est
211 4811 250 4871 ad
269 4818 388 4872 ceteros
403 4812 621 4890 comparabilis.
656 4813 690 4876 ln
715 4812 782 4874 lixis
806 4812 920 4874 amissa
942 4820 991 4874 est
1013 4812 1133 4875 omnino
1155 4812 1245 4888 linea,
1270 4821 1303 4875 et
1325 4832 1499 4894 compressa

139 4898 179 4961 in·
193 4917 306 4964 merum
329 4907 472 4984 puuctum
496 4899 532 4966 C.
578 4903 670 4966 Nulla
703 4902 795 4992 igitur
824 4901 865 4965 ibi
897 4901 994 4969 virtus
1022 4900 1059 4966 sd
1088 4909 1211 4968 motum.
1255 4903 1321 4967 Hoe
1344 4903 1499 4967 theorema
1609 4925 1621 4946 ·
