<?xml version="1.0" encoding="UTF-8"?>
<!DOCTYPE html PUBLIC "-//W3C//DTD XHTML 1.0 Transitional//EN"
    "http://www.w3.org/TR/xhtml1/DTD/xhtml1-transitional.dtd">
<html xmlns="http://www.w3.org/1999/xhtml" xml:lang="en" lang="en">
 <head>
  <title>
</title>
<meta http-equiv="Content-Type" content="text/html;charset=utf-8" />
  <meta name='ocr-system' content='tesseract 3.04.00' />
  <meta name='ocr-capabilities' content='ocr_page ocr_carea ocr_par ocr_line ocrx_word'/>
</head>
<body>
  <div class='ocr_page' id='page_1' title='image "./joanniskepleria01unkngoog_0062.png"; bbox 0 0 3609 5634; ppageno 0'>
   <div class='ocr_carea' id='block_1_1' title="bbox 296 351 1050 418">
    <p class='ocr_par' dir='ltr' id='par_1_1' title="bbox 296 351 1050 418">
     <span class='ocr_line' id='line_1_1' title="bbox 296 351 1050 418; baseline 0 -1"><span class='ocrx_word' id='word_1_1' title='bbox 296 351 338 418; x_wconf 79' lang='lat'>32</span> <span class='ocrx_word' id='word_1_2' title='bbox 888 352 1050 403; x_wconf 57' lang='lat' dir='ltr'>m</span> 
     </span>
    </p>
   </div>
   <div class='ocr_carea' id='block_1_2' title="bbox 240 510 1738 595">
    <p class='ocr_par' dir='ltr' id='par_1_2' title="bbox 240 510 1738 595">
     <span class='ocr_line' id='line_1_2' title="bbox 240 510 1738 595; baseline -0.001 -19"><span class='ocrx_word' id='word_1_3' title='bbox 240 512 243 523; x_wconf 85' lang='lat'>&#39;</span> <span class='ocrx_word' id='word_1_4' title='bbox 296 512 451 585; x_wconf 87' lang='lat' dir='ltr'>titatihns,</span> <span class='ocrx_word' id='word_1_5' title='bbox 476 532 529 575; x_wconf 89' lang='lat' dir='ltr'>ceu</span> <span class='ocrx_word' id='word_1_6' title='bbox 553 533 626 577; x_wconf 87' lang='lat' dir='ltr'>suae</span> <span class='ocrx_word' id='word_1_7' title='bbox 649 512 773 594; x_wconf 87' lang='lat' dir='ltr'>origini:</span> <span class='ocrx_word' id='word_1_8' title='bbox 797 510 836 573; x_wconf 90' lang='lat' dir='ltr'>nb</span> <span class='ocrx_word' id='word_1_9' title='bbox 858 510 906 573; x_wconf 89' lang='lat' dir='ltr'>his</span> <span class='ocrx_word' id='word_1_10' title='bbox 929 531 987 594; x_wconf 92' lang='lat' dir='ltr'>quo</span> <span class='ocrx_word' id='word_1_11' title='bbox 1011 513 1127 594; x_wconf 89' lang='lat' dir='ltr'>longius</span> <span class='ocrx_word' id='word_1_12' title='bbox 1150 512 1294 595; x_wconf 74' lang='lat' dir='ltr'>quidlibet</span> <span class='ocrx_word' id='word_1_13' title='bbox 1317 513 1443 588; x_wconf 78' lang='lat' dir='ltr'>recedit,</span> <span class='ocrx_word' id='word_1_14' title='bbox 1469 520 1555 577; x_wconf 85' lang='lat' dir='ltr'>tauto</span> <span class='ocrx_word' id='word_1_15' title='bbox 1576 512 1648 592; x_wconf 76' lang='lat' dir='ltr'>plns</span> <span class='ocrx_word' id='word_1_16' title='bbox 1732 576 1738 587; x_wconf 76' lang='grc'><em>,</em></span> 
     </span>
    </p>
   </div>
   <div class='ocr_carea' id='block_1_3' title="bbox 217 600 1743 3002">
    <p class='ocr_par' dir='ltr' id='par_1_3' title="bbox 296 600 1743 1841">
     <span class='ocr_line' id='line_1_3' title="bbox 297 600 1648 683; baseline -0.001 -18"><span class='ocrx_word' id='word_1_17' title='bbox 297 603 487 665; x_wconf 86' lang='lat' dir='ltr'>tenebramm</span> <span class='ocrx_word' id='word_1_18' title='bbox 510 610 543 665; x_wconf 89' lang='lat' dir='ltr'>et</span> <span class='ocrx_word' id='word_1_19' title='bbox 566 622 697 666; x_wconf 88' lang='lat' dir='ltr'>errorum</span> <span class='ocrx_word' id='word_1_20' title='bbox 720 600 835 664; x_wconf 76' lang='lat' dir='ltr'>existit.</span> <span class='ocrx_word' id='word_1_21' title='bbox 874 602 975 664; x_wconf 81' lang='lat' dir='ltr'>Adert</span> <span class='ocrx_word' id='word_1_22' title='bbox 997 602 1076 664; x_wconf 90' lang='lat' dir='ltr'>enim</span> <span class='ocrx_word' id='word_1_23' title='bbox 1099 620 1182 664; x_wconf 89' lang='lat' dir='ltr'>mens</span> <span class='ocrx_word' id='word_1_24' title='bbox 1205 610 1310 666; x_wconf 91' lang='lat' dir='ltr'>nostra</span> <span class='ocrx_word' id='word_1_25' title='bbox 1331 611 1439 683; x_wconf 89' lang='lat' dir='ltr'>suapte</span> <span class='ocrx_word' id='word_1_26' title='bbox 1462 610 1570 665; x_wconf 86' lang='lat' dir='ltr'>natura</span> <span class='ocrx_word' id='word_1_27' title='bbox 1593 621 1648 663; x_wconf 90' lang='lat' dir='ltr'>se-</span> 
     </span>
     <span class='ocr_line' id='line_1_4' title="bbox 297 682 1649 773; baseline -0.001 -18"><span class='ocrx_word' id='word_1_28' title='bbox 297 712 362 755; x_wconf 90' lang='lat' dir='ltr'>cum</span> <span class='ocrx_word' id='word_1_29' title='bbox 386 691 426 753; x_wconf 87' lang='lat' dir='ltr'>ad</span> <span class='ocrx_word' id='word_1_30' title='bbox 448 691 614 755; x_wconf 86' lang='lat' dir='ltr'>divinarum</span> <span class='ocrx_word' id='word_1_31' title='bbox 636 710 733 756; x_wconf 89' lang='lat' dir='ltr'>rerum</span> <span class='ocrx_word' id='word_1_32' title='bbox 756 682 857 752; x_wconf 91' lang='lat' dir='ltr'>studia</span> <span class='ocrx_word' id='word_1_33' title='bbox 880 691 1017 753; x_wconf 88' lang='lat' dir='ltr'>notiones</span> <span class='ocrx_word' id='word_1_34' title='bbox 1047 711 1118 754; x_wconf 91' lang='lat' dir='ltr'>suas</span> <span class='ocrx_word' id='word_1_35' title='bbox 1148 691 1177 753; x_wconf 93' lang='lat' dir='ltr'>in</span> <span class='ocrx_word' id='word_1_36' title='bbox 1200 692 1440 772; x_wconf 89' lang='lat' dir='ltr'>praedicamento</span> <span class='ocrx_word' id='word_1_37' title='bbox 1464 691 1649 773; x_wconf 75' lang='lat' dir='ltr'>quantitatis</span> 
     </span>
     <span class='ocr_line' id='line_1_5' title="bbox 298 778 1648 862; baseline -0.001 -19"><span class='ocrx_word' id='word_1_38' title='bbox 298 788 469 844; x_wconf 85' lang='lat' dir='ltr'>ertmctas:</span> <span class='ocrx_word' id='word_1_39' title='bbox 501 780 607 862; x_wconf 90' lang='lat' dir='ltr'>quibus</span> <span class='ocrx_word' id='word_1_40' title='bbox 630 782 657 843; x_wconf 90' lang='lat' dir='ltr'>si</span> <span class='ocrx_word' id='word_1_41' title='bbox 680 779 840 860; x_wconf 89' lang='lat' dir='ltr'>spolietur,</span> <span class='ocrx_word' id='word_1_42' title='bbox 864 778 938 842; x_wconf 91' lang='lat' dir='ltr'>nihil</span> <span class='ocrx_word' id='word_1_43' title='bbox 961 781 1019 842; x_wconf 91' lang='lat' dir='ltr'>nisi</span> <span class='ocrx_word' id='word_1_44' title='bbox 1043 781 1132 843; x_wconf 89' lang='lat' dir='ltr'>meris</span> <span class='ocrx_word' id='word_1_45' title='bbox 1155 781 1365 860; x_wconf 75' lang='lat' dir='ltr'>negationibus</span> <span class='ocrx_word' id='word_1_46' title='bbox 1388 780 1510 844; x_wconf 82' lang='lat' dir='ltr'>delinire</span> <span class='ocrx_word' id='word_1_47' title='bbox 1532 787 1648 859; x_wconf 91' lang='lat' dir='ltr'>potest.</span> 
     </span>
     <span class='ocr_line' id='line_1_6' title="bbox 296 867 1651 949; baseline -0.002 -17"><span class='ocrx_word' id='word_1_48' title='bbox 296 871 374 932; x_wconf 88' lang='lat' dir='ltr'>Hinc</span> <span class='ocrx_word' id='word_1_49' title='bbox 393 870 446 932; x_wconf 87' lang='lat' dir='ltr'>illa</span> <span class='ocrx_word' id='word_1_50' title='bbox 461 867 695 932; x_wconf 70' lang='lat' dir='ltr'>calvinistarum</span> <span class='ocrx_word' id='word_1_51' title='bbox 714 867 829 941; x_wconf 72' lang='grc' dir='ltr'>ε’κςασις</span> <span class='ocrx_word' id='word_1_52' title='bbox 852 869 891 929; x_wconf 92' lang='lat' dir='ltr'>ad</span> <span class='ocrx_word' id='word_1_53' title='bbox 914 887 1019 931; x_wconf 89' lang='lat' dir='ltr'>nomen</span> <span class='ocrx_word' id='word_1_54' title='bbox 1043 869 1281 949; x_wconf 89' lang='lat' dir='ltr'>praesentiae</span> <span class='ocrx_word' id='word_1_55' title='bbox 1304 870 1478 933; x_wconf 87' lang='lat' dir='ltr'>illocalis.</span> <span class='ocrx_word' id='word_1_56' title='bbox 1511 870 1590 933; x_wconf 89' lang='lat' dir='ltr'>Nam</span> <span class='ocrx_word' id='word_1_57' title='bbox 1613 876 1651 929; x_wconf 91' lang='lat' dir='ltr'>et</span> 
     </span>
     <span class='ocr_line' id='line_1_7' title="bbox 297 957 1649 1042; baseline 0 -24"><span class='ocrx_word' id='word_1_58' title='bbox 297 979 356 1022; x_wconf 79' lang='lat' dir='ltr'>vox</span> <span class='ocrx_word' id='word_1_59' title='bbox 380 958 581 1042; x_wconf 87' lang='lat' dir='ltr'>(praesentia)</span> <span class='ocrx_word' id='word_1_60' title='bbox 606 968 637 1020; x_wconf 91' lang='lat' dir='ltr'>et</span> <span class='ocrx_word' id='word_1_61' title='bbox 659 978 707 1021; x_wconf 91' lang='lat' dir='ltr'>res</span> <span class='ocrx_word' id='word_1_62' title='bbox 731 957 886 1019; x_wconf 87' lang='lat' dir='ltr'>intellecta</span> <span class='ocrx_word' id='word_1_63' title='bbox 903 957 959 1020; x_wconf 91' lang='lat' dir='ltr'>sub</span> <span class='ocrx_word' id='word_1_64' title='bbox 978 977 1051 1020; x_wconf 86' lang='lat' dir='ltr'>voce</span> <span class='ocrx_word' id='word_1_65' title='bbox 1075 958 1214 1021; x_wconf 91' lang='lat' dir='ltr'>desumta</span> <span class='ocrx_word' id='word_1_66' title='bbox 1238 967 1287 1022; x_wconf 91' lang='lat' dir='ltr'>est</span> <span class='ocrx_word' id='word_1_67' title='bbox 1309 979 1346 1021; x_wconf 81' lang='lat' dir='ltr'>ex</span> <span class='ocrx_word' id='word_1_68' title='bbox 1365 958 1533 1022; x_wconf 84' lang='lat' dir='ltr'>conditione</span> <span class='ocrx_word' id='word_1_69' title='bbox 1556 958 1649 1038; x_wconf 87' lang='lat' dir='ltr'>hujus</span> 
     </span>
     <span class='ocr_line' id='line_1_8' title="bbox 297 1046 1650 1135; baseline -0.003 -23"><span class='ocrx_word' id='word_1_70' title='bbox 297 1048 400 1124; x_wconf 88' lang='lat' dir='ltr'>seculi,</span> <span class='ocrx_word' id='word_1_71' title='bbox 423 1048 489 1109; x_wconf 91' lang='lat' dir='ltr'>loco</span> <span class='ocrx_word' id='word_1_72' title='bbox 513 1055 544 1109; x_wconf 90' lang='lat' dir='ltr'>et</span> <span class='ocrx_word' id='word_1_73' title='bbox 566 1057 699 1129; x_wconf 89' lang='lat' dir='ltr'>tempore</span> <span class='ocrx_word' id='word_1_74' title='bbox 723 1047 901 1117; x_wconf 88' lang='lat' dir='ltr'>constantis,</span> <span class='ocrx_word' id='word_1_75' title='bbox 925 1046 1108 1135; x_wconf 77' lang='lat' dir='ltr'>digitumque</span> <span class='ocrx_word' id='word_1_76' title='bbox 1132 1050 1181 1111; x_wconf 90' lang='lat' dir='ltr'>vel</span> <span class='ocrx_word' id='word_1_77' title='bbox 1203 1048 1384 1112; x_wconf 80' lang='lat' dir='ltr'>cautissimis</span> <span class='ocrx_word' id='word_1_78' title='bbox 1403 1049 1442 1110; x_wconf 92' lang='lat' dir='ltr'>ad</span> <span class='ocrx_word' id='word_1_79' title='bbox 1461 1049 1650 1129; x_wconf 78' lang='lat' dir='ltr'>quantitates</span> 
     </span>
     <span class='ocr_line' id='line_1_9' title="bbox 298 1135 1650 1215; baseline -0.001 -15"><span class='ocrx_word' id='word_1_80' title='bbox 298 1137 435 1200; x_wconf 84' lang='lat' dir='ltr'>intendit</span> <span class='ocrx_word' id='word_1_81' title='bbox 470 1137 555 1198; x_wconf 87' lang='lat' dir='ltr'>Haec</span> <span class='ocrx_word' id='word_1_82' title='bbox 573 1147 605 1199; x_wconf 86' lang='lat' dir='ltr'>et</span> <span class='ocrx_word' id='word_1_83' title='bbox 623 1136 734 1199; x_wconf 86' lang='lat' dir='ltr'>similia</span> <span class='ocrx_word' id='word_1_84' title='bbox 751 1135 776 1197; x_wconf 89' lang='lat' dir='ltr'>si</span> <span class='ocrx_word' id='word_1_85' title='bbox 797 1136 922 1215; x_wconf 88' lang='lat' dir='ltr'>quilibet</span> <span class='ocrx_word' id='word_1_86' title='bbox 936 1137 1091 1199; x_wconf 84' lang='lat' dir='ltr'>occasione</span> <span class='ocrx_word' id='word_1_87' title='bbox 1110 1157 1148 1199; x_wconf 84' lang='lat' dir='ltr'>ex</span> <span class='ocrx_word' id='word_1_88' title='bbox 1170 1157 1237 1200; x_wconf 91' lang='lat' dir='ltr'>meo</span> <span class='ocrx_word' id='word_1_89' title='bbox 1261 1138 1361 1201; x_wconf 90' lang='lat' dir='ltr'>libello</span> <span class='ocrx_word' id='word_1_90' title='bbox 1385 1138 1523 1201; x_wconf 91' lang='lat' dir='ltr'>desumta</span> <span class='ocrx_word' id='word_1_91' title='bbox 1546 1156 1650 1199; x_wconf 91' lang='lat' dir='ltr'>secum</span> 
     </span>
     <span class='ocr_line' id='line_1_10' title="bbox 296 1225 1650 1308; baseline -0.001 -19"><span class='ocrx_word' id='word_1_92' title='bbox 296 1227 511 1308; x_wconf 82' lang='lat' dir='ltr'>perpenderet3</span> <span class='ocrx_word' id='word_1_93' title='bbox 534 1227 648 1307; x_wconf 85' lang='lat' dir='ltr'>opinor,</span> <span class='ocrx_word' id='word_1_94' title='bbox 672 1244 730 1287; x_wconf 93' lang='lat' dir='ltr'>uno</span> <span class='ocrx_word' id='word_1_95' title='bbox 752 1225 847 1304; x_wconf 89' lang='lat' dir='ltr'>gradu</span> <span class='ocrx_word' id='word_1_96' title='bbox 871 1226 993 1305; x_wconf 90' lang='lat' dir='ltr'>propios</span> <span class='ocrx_word' id='word_1_97' title='bbox 1012 1235 1211 1289; x_wconf 80' lang='lat' dir='ltr'>conventurae</span> <span class='ocrx_word' id='word_1_98' title='bbox 1234 1237 1337 1307; x_wconf 84' lang='lat' dir='ltr'>partes</span> <span class='ocrx_word' id='word_1_99' title='bbox 1361 1229 1390 1290; x_wconf 91' lang='lat' dir='ltr'>in</span> <span class='ocrx_word' id='word_1_100' title='bbox 1414 1226 1556 1307; x_wconf 91' lang='lat' dir='ltr'>religione</span> <span class='ocrx_word' id='word_1_101' title='bbox 1580 1226 1650 1289; x_wconf 91' lang='lat' dir='ltr'>dis·</span> 
     </span>
     <span class='ocr_line' id='line_1_11' title="bbox 298 1314 1650 1397; baseline -0.001 -19"><span class='ocrx_word' id='word_1_102' title='bbox 298 1318 440 1378; x_wconf 86' lang='lat' dir='ltr'>sidentes.</span> <span class='ocrx_word' id='word_1_103' title='bbox 486 1314 549 1378; x_wconf 86' lang='lat' dir='ltr'>Sed</span> <span class='ocrx_word' id='word_1_104' title='bbox 573 1316 652 1378; x_wconf 93' lang='lat' dir='ltr'>enim</span> <span class='ocrx_word' id='word_1_105' title='bbox 675 1334 712 1376; x_wconf 79' lang='lat' dir='ltr'>ex</span> <span class='ocrx_word' id='word_1_106' title='bbox 734 1333 838 1375; x_wconf 87' lang='lat' dir='ltr'>musca</span> <span class='ocrx_word' id='word_1_107' title='bbox 864 1316 917 1376; x_wconf 83' lang='lat' dir='ltr'>fiet</span> <span class='ocrx_word' id='word_1_108' title='bbox 946 1315 1001 1376; x_wconf 89' lang='lat' dir='ltr'>hoc</span> <span class='ocrx_word' id='word_1_109' title='bbox 1023 1324 1113 1395; x_wconf 88' lang='lat' dir='ltr'>pacto</span> <span class='ocrx_word' id='word_1_110' title='bbox 1138 1317 1264 1397; x_wconf 91' lang='lat' dir='ltr'>denique</span> <span class='ocrx_word' id='word_1_111' title='bbox 1287 1318 1421 1397; x_wconf 89' lang='lat' dir='ltr'>elephas.</span> <span class='ocrx_word' id='word_1_112' title='bbox 1467 1315 1534 1396; x_wconf 84' lang='lat' dir='ltr'>Ego</span> <span class='ocrx_word' id='word_1_113' title='bbox 1557 1334 1650 1396; x_wconf 87' lang='lat' dir='ltr'>qnam</span> 
     </span>
     <span class='ocr_line' id='line_1_12' title="bbox 297 1401 1651 1487; baseline -0.002 -18"><span class='ocrx_word' id='word_1_114' title='bbox 297 1406 354 1469; x_wconf 83' lang='lat' dir='ltr'>siin</span> <span class='ocrx_word' id='word_1_115' title='bbox 377 1407 432 1468; x_wconf 90' lang='lat' dir='ltr'>hoc</span> <span class='ocrx_word' id='word_1_116' title='bbox 454 1405 557 1467; x_wconf 91' lang='lat' dir='ltr'>nuntio</span> <span class='ocrx_word' id='word_1_117' title='bbox 580 1411 743 1477; x_wconf 91' lang='lat' dir='ltr'>recreatus,</span> <span class='ocrx_word' id='word_1_118' title='bbox 767 1401 866 1465; x_wconf 87' lang='lat' dir='ltr'>dicere</span> <span class='ocrx_word' id='word_1_119' title='bbox 888 1403 1000 1466; x_wconf 89' lang='lat' dir='ltr'>rectius</span> <span class='ocrx_word' id='word_1_120' title='bbox 1024 1424 1080 1466; x_wconf 94' lang='lat' dir='ltr'>non</span> <span class='ocrx_word' id='word_1_121' title='bbox 1103 1423 1235 1485; x_wconf 89' lang='lat' dir='ltr'>possum,</span> <span class='ocrx_word' id='word_1_122' title='bbox 1259 1425 1347 1487; x_wconf 88' lang='lat' dir='ltr'>qnam</span> <span class='ocrx_word' id='word_1_123' title='bbox 1372 1407 1397 1468; x_wconf 89' lang='lat' dir='ltr'>si</span> <span class='ocrx_word' id='word_1_124' title='bbox 1419 1405 1475 1468; x_wconf 88' lang='lat' dir='ltr'>tibi</span> <span class='ocrx_word' id='word_1_125' title='bbox 1498 1404 1651 1468; x_wconf 88' lang='lat' dir='ltr'>sollicitu-</span> 
     </span>
     <span class='ocr_line' id='line_1_13' title="bbox 297 1493 1651 1576; baseline -0.001 -19"><span class='ocrx_word' id='word_1_126' title='bbox 297 1496 397 1558; x_wconf 91' lang='lat' dir='ltr'>dinem</span> <span class='ocrx_word' id='word_1_127' title='bbox 420 1494 519 1557; x_wconf 91' lang='lat' dir='ltr'>mariti</span> <span class='ocrx_word' id='word_1_128' title='bbox 541 1513 595 1575; x_wconf 91' lang='lat' dir='ltr'>pro</span> <span class='ocrx_word' id='word_1_129' title='bbox 618 1493 753 1575; x_wconf 91' lang='lat' dir='ltr'>pariente</span> <span class='ocrx_word' id='word_1_130' title='bbox 776 1511 878 1567; x_wconf 78' lang='lat' dir='ltr'>uxore,</span> <span class='ocrx_word' id='word_1_131' title='bbox 902 1493 1100 1574; x_wconf 78' lang='lat' dir='ltr'>gaudiumque</span> <span class='ocrx_word' id='word_1_132' title='bbox 1123 1513 1162 1555; x_wconf 84' lang='lat' dir='ltr'>ex</span> <span class='ocrx_word' id='word_1_133' title='bbox 1181 1494 1307 1576; x_wconf 92' lang='lat' dir='ltr'>deniqne</span> <span class='ocrx_word' id='word_1_134' title='bbox 1331 1503 1402 1557; x_wconf 86' lang='lat' dir='ltr'>nato</span> <span class='ocrx_word' id='word_1_135' title='bbox 1424 1513 1516 1575; x_wconf 91' lang='lat' dir='ltr'>puero</span> <span class='ocrx_word' id='word_1_136' title='bbox 1539 1513 1651 1575; x_wconf 91' lang='lat' dir='ltr'>ponam</span> 
     </span>
     <span class='ocr_line' id='line_1_14' title="bbox 298 1581 1649 1664; baseline -0.001 -18"><span class='ocrx_word' id='word_1_137' title='bbox 298 1586 335 1647; x_wconf 91' lang='lat' dir='ltr'>ub</span> <span class='ocrx_word' id='word_1_138' title='bbox 350 1584 462 1646; x_wconf 88' lang='lat' dir='ltr'>oculos.</span> <span class='ocrx_word' id='word_1_139' title='bbox 501 1581 646 1654; x_wconf 85' lang='lat' dir='ltr'>Quamvis</span> <span class='ocrx_word' id='word_1_140' title='bbox 661 1582 741 1644; x_wconf 86' lang='lat' dir='ltr'>hand</span> <span class='ocrx_word' id='word_1_141' title='bbox 755 1599 859 1661; x_wconf 86' lang='lat' dir='ltr'>parum</span> <span class='ocrx_word' id='word_1_142' title='bbox 873 1598 970 1644; x_wconf 90' lang='lat' dir='ltr'>meam</span> <span class='ocrx_word' id='word_1_143' title='bbox 989 1582 1187 1645; x_wconf 81' lang='lat' dir='ltr'>testivitatem</span> <span class='ocrx_word' id='word_1_144' title='bbox 1204 1584 1387 1647; x_wconf 82' lang='lat' dir='ltr'>interturbat</span> <span class='ocrx_word' id='word_1_145' title='bbox 1407 1602 1535 1658; x_wconf 83' lang='lat' dir='ltr'>remora,</span> <span class='ocrx_word' id='word_1_146' title='bbox 1559 1601 1649 1664; x_wconf 91' lang='lat' dir='ltr'>qnam</span> 
     </span>
     <span class='ocr_line' id='line_1_15' title="bbox 298 1670 1743 1757; baseline -0.003 -22"><span class='ocrx_word' id='word_1_147' title='bbox 298 1693 381 1735; x_wconf 88' lang='lat' dir='ltr'>meus</span> <span class='ocrx_word' id='word_1_148' title='bbox 405 1673 462 1735; x_wconf 89' lang='lat' dir='ltr'>iste</span> <span class='ocrx_word' id='word_1_149' title='bbox 485 1682 590 1752; x_wconf 88' lang='lat' dir='ltr'>partus</span> <span class='ocrx_word' id='word_1_150' title='bbox 613 1681 665 1734; x_wconf 90' lang='lat' dir='ltr'>tuo</span> <span class='ocrx_word' id='word_1_151' title='bbox 689 1670 801 1753; x_wconf 87' lang='lat' dir='ltr'>scripto</span> <span class='ocrx_word' id='word_1_152' title='bbox 825 1672 945 1753; x_wconf 88' lang='lat' dir='ltr'>objecit,</span> <span class='ocrx_word' id='word_1_153' title='bbox 969 1671 1113 1752; x_wconf 90' lang='lat' dir='ltr'>simulque</span> <span class='ocrx_word' id='word_1_154' title='bbox 1138 1673 1230 1735; x_wconf 89' lang='lat' dir='ltr'>totius</span> <span class='ocrx_word' id='word_1_155' title='bbox 1248 1672 1388 1754; x_wconf 83' lang='lat' dir='ltr'>Europae</span> <span class='ocrx_word' id='word_1_156' title='bbox 1407 1674 1652 1754; x_wconf 84' lang='lat' dir='ltr'>expectationem</span> <span class='ocrx_word' id='word_1_157' title='bbox 1733 1738 1743 1757; x_wconf 90' lang='lat'>.</span> 
     </span>
     <span class='ocr_line' id='line_1_16' title="bbox 299 1760 735 1841; baseline -0.009 -16"><span class='ocrx_word' id='word_1_158' title='bbox 299 1765 335 1825; x_wconf 90' lang='lat' dir='ltr'>de</span> <span class='ocrx_word' id='word_1_159' title='bbox 359 1762 411 1825; x_wconf 89' lang='lat' dir='ltr'>illo</span> <span class='ocrx_word' id='word_1_160' title='bbox 435 1761 546 1824; x_wconf 90' lang='lat' dir='ltr'>diutius</span> <span class='ocrx_word' id='word_1_161' title='bbox 569 1760 735 1841; x_wconf 88' lang='lat' dir='ltr'>suspendit.</span> 
     </span>
    </p>

    <p class='ocr_par' dir='ltr' id='par_1_4' title="bbox 217 1848 1668 3002">
     <span class='ocr_line' id='line_1_17' title="bbox 387 1848 1651 1931; baseline 0 -19"><span class='ocrx_word' id='word_1_162' title='bbox 387 1849 475 1922; x_wconf 88' lang='lat' dir='ltr'>Quod</span> <span class='ocrx_word' id='word_1_163' title='bbox 495 1850 532 1912; x_wconf 93' lang='lat' dir='ltr'>de</span> <span class='ocrx_word' id='word_1_164' title='bbox 552 1849 713 1912; x_wconf 81' lang='lat' dir='ltr'>offensione</span> <span class='ocrx_word' id='word_1_165' title='bbox 731 1857 855 1912; x_wconf 82' lang='lat' dir='ltr'>senatus</span> <span class='ocrx_word' id='word_1_166' title='bbox 869 1848 1033 1911; x_wconf 71' lang='lat' dir='ltr'>academici</span> <span class='ocrx_word' id='word_1_167' title='bbox 1049 1848 1189 1929; x_wconf 89' lang='lat' dir='ltr'>quereris,</span> <span class='ocrx_word' id='word_1_168' title='bbox 1214 1849 1327 1930; x_wconf 89' lang='lat' dir='ltr'>opinor,</span> <span class='ocrx_word' id='word_1_169' title='bbox 1352 1859 1383 1912; x_wconf 93' lang='lat' dir='ltr'>te</span> <span class='ocrx_word' id='word_1_170' title='bbox 1407 1860 1507 1913; x_wconf 84' lang='lat' dir='ltr'>tarnen</span> <span class='ocrx_word' id='word_1_171' title='bbox 1531 1849 1651 1931; x_wconf 91' lang='lat' dir='ltr'>aliquos</span> 
     </span>
     <span class='ocr_line' id='line_1_18' title="bbox 299 1937 1648 2021; baseline -0.001 -19"><span class='ocrx_word' id='word_1_172' title='bbox 299 1960 336 2002; x_wconf 82' lang='lat' dir='ltr'>ex</span> <span class='ocrx_word' id='word_1_173' title='bbox 358 1940 410 2002; x_wconf 90' lang='lat' dir='ltr'>illo</span> <span class='ocrx_word' id='word_1_174' title='bbox 434 1939 602 2002; x_wconf 87' lang='lat' dir='ltr'>habitumm</span> <span class='ocrx_word' id='word_1_175' title='bbox 634 1957 744 2019; x_wconf 87' lang='lat' dir='ltr'>aequos</span> <span class='ocrx_word' id='word_1_176' title='bbox 772 1947 888 2000; x_wconf 88' lang='lat' dir='ltr'>tuorum</span> <span class='ocrx_word' id='word_1_177' title='bbox 918 1937 1054 2021; x_wconf 88' lang='lat' dir='ltr'>laborum</span> <span class='ocrx_word' id='word_1_178' title='bbox 1081 1956 1230 2002; x_wconf 86' lang='lat' dir='ltr'>censores.</span> <span class='ocrx_word' id='word_1_179' title='bbox 1276 1939 1420 2013; x_wconf 87' lang='lat' dir='ltr'>Memini,</span> <span class='ocrx_word' id='word_1_180' title='bbox 1454 1958 1521 2002; x_wconf 90' lang='lat' dir='ltr'>cum</span> <span class='ocrx_word' id='word_1_181' title='bbox 1543 1938 1581 2000; x_wconf 90' lang='lat' dir='ltr'>D.</span> <span class='ocrx_word' id='word_1_182' title='bbox 1607 1940 1648 2001; x_wconf 91' lang='lat' dir='ltr'>D.</span> 
     </span>
     <span class='ocr_line' id='line_1_19' title="bbox 299 2028 1650 2112; baseline -0.001 -21"><span class='ocrx_word' id='word_1_183' title='bbox 299 2029 580 2111; x_wconf 87' lang='lat' dir='ltr'>superattendentes</span> <span class='ocrx_word' id='word_1_184' title='bbox 610 2028 754 2108; x_wconf 90' lang='lat' dir='ltr'>superiori</span> <span class='ocrx_word' id='word_1_185' title='bbox 784 2033 902 2089; x_wconf 86' lang='lat' dir='ltr'>aestate</span> <span class='ocrx_word' id='word_1_186' title='bbox 936 2045 973 2087; x_wconf 84' lang='lat' dir='ltr'>ex</span> <span class='ocrx_word' id='word_1_187' title='bbox 1004 2046 1051 2089; x_wconf 88' lang='lat' dir='ltr'>me</span> <span class='ocrx_word' id='word_1_188' title='bbox 1080 2036 1276 2107; x_wconf 87' lang='lat' dir='ltr'>quaererent,</span> <span class='ocrx_word' id='word_1_189' title='bbox 1311 2029 1417 2112; x_wconf 91' lang='lat' dir='ltr'>ecquid</span> <span class='ocrx_word' id='word_1_190' title='bbox 1445 2030 1482 2091; x_wconf 94' lang='lat' dir='ltr'>de</span> <span class='ocrx_word' id='word_1_191' title='bbox 1500 2029 1568 2090; x_wconf 83' lang='lat' dir='ltr'>isto</span> <span class='ocrx_word' id='word_1_192' title='bbox 1595 2037 1650 2090; x_wconf 93' lang='lat' dir='ltr'>tno</span> 
     </span>
     <span class='ocr_line' id='line_1_20' title="bbox 299 2115 1650 2199; baseline -0.001 -19"><span class='ocrx_word' id='word_1_193' title='bbox 299 2119 411 2199; x_wconf 90' lang='lat' dir='ltr'>scripto</span> <span class='ocrx_word' id='word_1_194' title='bbox 438 2120 542 2193; x_wconf 83' lang='lat' dir='ltr'>fieret;</span> <span class='ocrx_word' id='word_1_195' title='bbox 570 2117 750 2198; x_wconf 89' lang='lat' dir='ltr'>respondere</span> <span class='ocrx_word' id='word_1_196' title='bbox 777 2135 845 2179; x_wconf 90' lang='lat' dir='ltr'>me:</span> <span class='ocrx_word' id='word_1_197' title='bbox 875 2115 952 2197; x_wconf 91' lang='lat' dir='ltr'>quod</span> <span class='ocrx_word' id='word_1_198' title='bbox 976 2116 1112 2198; x_wconf 90' lang='lat' dir='ltr'>equidem</span> <span class='ocrx_word' id='word_1_199' title='bbox 1134 2125 1252 2179; x_wconf 89' lang='lat' dir='ltr'>tantum</span> <span class='ocrx_word' id='word_1_200' title='bbox 1280 2118 1391 2181; x_wconf 91' lang='lat' dir='ltr'>laboris</span> <span class='ocrx_word' id='word_1_201' title='bbox 1415 2119 1472 2182; x_wconf 93' lang='lat' dir='ltr'>tibi</span> <span class='ocrx_word' id='word_1_202' title='bbox 1494 2136 1594 2180; x_wconf 88' lang='lat' dir='ltr'>sumas</span> <span class='ocrx_word' id='word_1_203' title='bbox 1618 2117 1650 2179; x_wconf 94' lang='lat' dir='ltr'>in</span> 
     </span>
     <span class='ocr_line' id='line_1_21' title="bbox 299 2205 1652 2287; baseline -0.001 -17"><span class='ocrx_word' id='word_1_204' title='bbox 299 2228 368 2270; x_wconf 92' lang='lat' dir='ltr'>mea</span> <span class='ocrx_word' id='word_1_205' title='bbox 397 2227 505 2282; x_wconf 89' lang='lat' dir='ltr'>causa,</span> <span class='ocrx_word' id='word_1_206' title='bbox 539 2216 573 2269; x_wconf 93' lang='lat' dir='ltr'>ut</span> <span class='ocrx_word' id='word_1_207' title='bbox 603 2208 714 2286; x_wconf 88' lang='lat' dir='ltr'>partim</span> <span class='ocrx_word' id='word_1_208' title='bbox 741 2207 849 2287; x_wconf 90' lang='lat' dir='ltr'>pudor,</span> <span class='ocrx_word' id='word_1_209' title='bbox 882 2205 991 2284; x_wconf 88' lang='lat' dir='ltr'>partim</span> <span class='ocrx_word' id='word_1_210' title='bbox 1019 2216 1116 2268; x_wconf 89' lang='lat' dir='ltr'>metus</span> <span class='ocrx_word' id='word_1_211' title='bbox 1145 2225 1192 2268; x_wconf 90' lang='lat' dir='ltr'>me</span> <span class='ocrx_word' id='word_1_212' title='bbox 1219 2207 1379 2287; x_wconf 90' lang='lat' dir='ltr'>prohibeat</span> <span class='ocrx_word' id='word_1_213' title='bbox 1401 2207 1431 2269; x_wconf 92' lang='lat' dir='ltr'>in</span> <span class='ocrx_word' id='word_1_214' title='bbox 1455 2216 1507 2270; x_wconf 89' lang='lat' dir='ltr'>tna</span> <span class='ocrx_word' id='word_1_215' title='bbox 1529 2207 1652 2287; x_wconf 86' lang='lat' dir='ltr'>privata</span> 
     </span>
     <span class='ocr_line' id='line_1_22' title="bbox 300 2292 1651 2383; baseline -0.002 -23"><span class='ocrx_word' id='word_1_216' title='bbox 300 2298 402 2360; x_wconf 90' lang='lat' dir='ltr'>studia</span> <span class='ocrx_word' id='word_1_217' title='bbox 424 2296 569 2358; x_wconf 88' lang='lat' dir='ltr'>curiosius</span> <span class='ocrx_word' id='word_1_218' title='bbox 593 2296 750 2377; x_wconf 89' lang='lat' dir='ltr'>inquirere.</span> <span class='ocrx_word' id='word_1_219' title='bbox 796 2292 864 2366; x_wconf 92' lang='lat' dir='ltr'>Quo</span> <span class='ocrx_word' id='word_1_220' title='bbox 887 2293 931 2357; x_wconf 89' lang='lat' dir='ltr'>illi</span> <span class='ocrx_word' id='word_1_221' title='bbox 955 2294 1057 2357; x_wconf 84' lang='lat' dir='ltr'>audito</span> <span class='ocrx_word' id='word_1_222' title='bbox 1080 2303 1238 2358; x_wconf 90' lang='lat' dir='ltr'>tacuerunt</span> <span class='ocrx_word' id='word_1_223' title='bbox 1260 2305 1293 2357; x_wconf 91' lang='lat' dir='ltr'>et</span> <span class='ocrx_word' id='word_1_224' title='bbox 1313 2296 1418 2383; x_wconf 85' lang='lat' dir='ltr'>procui</span> <span class='ocrx_word' id='word_1_225' title='bbox 1441 2296 1528 2359; x_wconf 90' lang='lat' dir='ltr'>dubio</span> <span class='ocrx_word' id='word_1_226' title='bbox 1553 2297 1651 2358; x_wconf 88' lang='lat' dir='ltr'>adhuc</span> 
     </span>
     <span class='ocr_line' id='line_1_23' title="bbox 300 2384 1649 2466; baseline -0.003 -16"><span class='ocrx_word' id='word_1_227' title='bbox 300 2404 446 2450; x_wconf 88' lang='lat' dir='ltr'>memores</span> <span class='ocrx_word' id='word_1_228' title='bbox 470 2394 548 2449; x_wconf 84' lang='lat' dir='ltr'>sunt</span> <span class='ocrx_word' id='word_1_229' title='bbox 593 2386 662 2449; x_wconf 90' lang='lat' dir='ltr'>Non</span> <span class='ocrx_word' id='word_1_230' title='bbox 686 2384 777 2464; x_wconf 88' lang='lat' dir='ltr'>igitur</span> <span class='ocrx_word' id='word_1_231' title='bbox 798 2389 956 2462; x_wconf 92' lang='lat' dir='ltr'>tantopere</span> <span class='ocrx_word' id='word_1_232' title='bbox 979 2384 1035 2446; x_wconf 92' lang='lat' dir='ltr'>tibi</span> <span class='ocrx_word' id='word_1_233' title='bbox 1057 2392 1175 2446; x_wconf 89' lang='lat' dir='ltr'>metuas</span> <span class='ocrx_word' id='word_1_234' title='bbox 1200 2385 1238 2446; x_wconf 90' lang='lat' dir='ltr'>ab</span> <span class='ocrx_word' id='word_1_235' title='bbox 1261 2385 1316 2448; x_wconf 90' lang='lat' dir='ltr'>illa</span> <span class='ocrx_word' id='word_1_236' title='bbox 1337 2395 1460 2448; x_wconf 87' lang='lat' dir='ltr'>senatus</span> <span class='ocrx_word' id='word_1_237' title='bbox 1484 2387 1649 2466; x_wconf 89' lang='lat' dir='ltr'>reprehen-</span> 
     </span>
     <span class='ocr_line' id='line_1_24' title="bbox 302 2472 1649 2557; baseline -0.001 -19"><span class='ocrx_word' id='word_1_238' title='bbox 302 2478 400 2550; x_wconf 87' lang='lat' dir='ltr'>sione,</span> <span class='ocrx_word' id='word_1_239' title='bbox 431 2494 553 2556; x_wconf 91' lang='lat' dir='ltr'>eamqne</span> <span class='ocrx_word' id='word_1_240' title='bbox 580 2484 701 2554; x_wconf 85' lang='lat' dir='ltr'>praeter</span> <span class='ocrx_word' id='word_1_241' title='bbox 728 2472 968 2534; x_wconf 84' lang='lat' dir='ltr'>adhortationem</span> <span class='ocrx_word' id='word_1_242' title='bbox 1001 2472 1075 2535; x_wconf 88' lang='lat' dir='ltr'>nihil</span> <span class='ocrx_word' id='word_1_243' title='bbox 1106 2474 1135 2534; x_wconf 90' lang='lat' dir='ltr'>in</span> <span class='ocrx_word' id='word_1_244' title='bbox 1162 2494 1195 2537; x_wconf 91' lang='lat' dir='ltr'>se</span> <span class='ocrx_word' id='word_1_245' title='bbox 1220 2475 1372 2537; x_wconf 91' lang='lat' dir='ltr'>continere</span> <span class='ocrx_word' id='word_1_246' title='bbox 1395 2474 1523 2557; x_wconf 87' lang='lat' dir='ltr'>cogites.</span> <span class='ocrx_word' id='word_1_247' title='bbox 1569 2472 1649 2546; x_wconf 87' lang='lat' dir='ltr'>Quin</span> 
     </span>
     <span class='ocr_line' id='line_1_25' title="bbox 302 2559 1648 2647; baseline -0.001 -18"><span class='ocrx_word' id='word_1_248' title='bbox 302 2585 358 2647; x_wconf 90' lang='lat' dir='ltr'>ego</span> <span class='ocrx_word' id='word_1_249' title='bbox 381 2574 433 2628; x_wconf 90' lang='lat' dir='ltr'>tuo</span> <span class='ocrx_word' id='word_1_250' title='bbox 456 2565 500 2627; x_wconf 90' lang='lat' dir='ltr'>illi</span> <span class='ocrx_word' id='word_1_251' title='bbox 522 2564 658 2645; x_wconf 87' lang='lat' dir='ltr'>symbolo</span> <span class='ocrx_word' id='word_1_252' title='bbox 685 2563 765 2624; x_wconf 88' lang='lat' dir='ltr'>alind</span> <span class='ocrx_word' id='word_1_253' title='bbox 789 2580 916 2642; x_wconf 90' lang='lat' dir='ltr'>oppono.</span> <span class='ocrx_word' id='word_1_254' title='bbox 963 2559 1106 2633; x_wconf 91' lang='lat' dir='ltr'>Quereris</span> <span class='ocrx_word' id='word_1_255' title='bbox 1134 2571 1165 2624; x_wconf 90' lang='lat' dir='ltr'>te</span> <span class='ocrx_word' id='word_1_256' title='bbox 1192 2565 1325 2627; x_wconf 90' lang='lat' dir='ltr'>consumi</span> <span class='ocrx_word' id='word_1_257' title='bbox 1352 2564 1421 2627; x_wconf 91' lang='lat' dir='ltr'>aliis</span> <span class='ocrx_word' id='word_1_258' title='bbox 1449 2563 1648 2627; x_wconf 89' lang='lat' dir='ltr'>inserviendo.</span> 
     </span>
     <span class='ocr_line' id='line_1_26' title="bbox 302 2649 1652 2734; baseline -0.001 -17"><span class='ocrx_word' id='word_1_259' title='bbox 302 2658 348 2719; x_wconf 77' lang='lat' dir='ltr'>hs</span> <span class='ocrx_word' id='word_1_260' title='bbox 370 2655 461 2730; x_wconf 89' lang='lat' dir='ltr'>alins,</span> <span class='ocrx_word' id='word_1_261' title='bbox 490 2654 619 2734; x_wconf 88' lang='lat' dir='ltr'>regium,</span> <span class='ocrx_word' id='word_1_262' title='bbox 647 2653 703 2727; x_wconf 91' lang='lat' dir='ltr'>ait,</span> <span class='ocrx_word' id='word_1_263' title='bbox 732 2651 799 2713; x_wconf 86' lang='lat' dir='ltr'>aliis</span> <span class='ocrx_word' id='word_1_264' title='bbox 829 2649 1016 2713; x_wconf 88' lang='lat' dir='ltr'>inserviendo</span> <span class='ocrx_word' id='word_1_265' title='bbox 1040 2652 1117 2714; x_wconf 89' lang='lat' dir='ltr'>male</span> <span class='ocrx_word' id='word_1_266' title='bbox 1141 2653 1252 2715; x_wconf 88' lang='lat' dir='ltr'>andire.</span> <span class='ocrx_word' id='word_1_267' title='bbox 1299 2652 1396 2716; x_wconf 87' lang='lat' dir='ltr'>Crede</span> <span class='ocrx_word' id='word_1_268' title='bbox 1418 2653 1505 2728; x_wconf 89' lang='lat' dir='ltr'>mihi,</span> <span class='ocrx_word' id='word_1_269' title='bbox 1534 2673 1572 2715; x_wconf 84' lang='lat' dir='ltr'>ex</span> <span class='ocrx_word' id='word_1_270' title='bbox 1594 2654 1652 2715; x_wconf 83' lang='lat' dir='ltr'>hac</span> 
     </span>
     <span class='ocr_line' id='line_1_27' title="bbox 217 2740 1668 2822; baseline 0.004 -19"><span class='ocrx_word' id='word_1_271' title='bbox 217 2792 220 2803; x_wconf 93' lang='lat'>.</span> <span class='ocrx_word' id='word_1_272' title='bbox 303 2744 506 2808; x_wconf 88' lang='lat' dir='ltr'>consumtione</span> <span class='ocrx_word' id='word_1_273' title='bbox 529 2742 585 2804; x_wconf 90' lang='lat' dir='ltr'>tibi</span> <span class='ocrx_word' id='word_1_274' title='bbox 608 2750 732 2804; x_wconf 87' lang='lat' dir='ltr'>aeterna</span> <span class='ocrx_word' id='word_1_275' title='bbox 754 2740 836 2803; x_wconf 85' lang='lat' dir='ltr'>fama</span> <span class='ocrx_word' id='word_1_276' title='bbox 857 2741 1009 2802; x_wconf 89' lang='lat' dir='ltr'>nascitur:</span> <span class='ocrx_word' id='word_1_277' title='bbox 1034 2741 1117 2821; x_wconf 85' lang='lat' dir='ltr'>cnjus</span> <span class='ocrx_word' id='word_1_278' title='bbox 1132 2742 1248 2820; x_wconf 90' lang='lat' dir='ltr'>quidem</span> <span class='ocrx_word' id='word_1_279' title='bbox 1264 2749 1411 2804; x_wconf 86' lang='lat' dir='ltr'>metante</span> <span class='ocrx_word' id='word_1_280' title='bbox 1433 2742 1668 2822; x_wconf 85' lang='lat' dir='ltr'>diligentiorem.</span> 
     </span>
     <span class='ocr_line' id='line_1_28' title="bbox 303 2830 1652 2913; baseline -0.003 -17"><span class='ocrx_word' id='word_1_281' title='bbox 303 2834 524 2896; x_wconf 89' lang='lat' dir='ltr'>buccinatorem</span> <span class='ocrx_word' id='word_1_282' title='bbox 547 2851 613 2892; x_wconf 90' lang='lat' dir='ltr'>esse</span> <span class='ocrx_word' id='word_1_283' title='bbox 638 2830 792 2893; x_wconf 87' lang='lat' dir='ltr'>convenit:</span> <span class='ocrx_word' id='word_1_284' title='bbox 819 2837 930 2910; x_wconf 86' lang='lat' dir='ltr'>qunnto</span> <span class='ocrx_word' id='word_1_285' title='bbox 954 2836 987 2890; x_wconf 94' lang='lat' dir='ltr'>tu</span> <span class='ocrx_word' id='word_1_286' title='bbox 1009 2831 1076 2908; x_wconf 94' lang='lat' dir='ltr'>plus</span> <span class='ocrx_word' id='word_1_287' title='bbox 1100 2831 1170 2891; x_wconf 89' lang='lat' dir='ltr'>mihi</span> <span class='ocrx_word' id='word_1_288' title='bbox 1194 2830 1282 2912; x_wconf 83' lang='lat' dir='ltr'>quum</span> <span class='ocrx_word' id='word_1_289' title='bbox 1305 2830 1384 2907; x_wconf 88' lang='lat' dir='ltr'>aliis,</span> <span class='ocrx_word' id='word_1_290' title='bbox 1408 2840 1499 2913; x_wconf 89' lang='lat' dir='ltr'>atque</span> <span class='ocrx_word' id='word_1_291' title='bbox 1523 2832 1599 2895; x_wconf 92' lang='lat' dir='ltr'>adeo</span> <span class='ocrx_word' id='word_1_292' title='bbox 1622 2832 1652 2892; x_wconf 93' lang='lat' dir='ltr'>in</span> 
     </span>
     <span class='ocr_line' id='line_1_29' title="bbox 302 2918 1649 3002; baseline -0.001 -17"><span class='ocrx_word' id='word_1_293' title='bbox 302 2925 359 2986; x_wconf 93' lang='lat' dir='ltr'>hoc</span> <span class='ocrx_word' id='word_1_294' title='bbox 382 2941 453 2984; x_wconf 91' lang='lat' dir='ltr'>casn</span> <span class='ocrx_word' id='word_1_295' title='bbox 476 2920 531 2983; x_wconf 92' lang='lat' dir='ltr'>tibi</span> <span class='ocrx_word' id='word_1_296' title='bbox 553 2921 611 2999; x_wconf 92' lang='lat' dir='ltr'>ipsi</span> <span class='ocrx_word' id='word_1_297' title='bbox 626 2918 812 2982; x_wconf 82' lang='lat' dir='ltr'>benefecisti.</span> <span class='ocrx_word' id='word_1_298' title='bbox 850 2918 896 2980; x_wconf 86' lang='lat' dir='ltr'>Ac</span> <span class='ocrx_word' id='word_1_299' title='bbox 919 2918 1019 2980; x_wconf 92' lang='lat' dir='ltr'>hercle</span> <span class='ocrx_word' id='word_1_300' title='bbox 1042 2920 1152 2989; x_wconf 90' lang='lat' dir='ltr'>nescio,</span> <span class='ocrx_word' id='word_1_301' title='bbox 1177 2938 1234 2999; x_wconf 92' lang='lat' dir='ltr'>quo</span> <span class='ocrx_word' id='word_1_302' title='bbox 1252 2930 1342 3001; x_wconf 87' lang='lat' dir='ltr'>pacto</span> <span class='ocrx_word' id='word_1_303' title='bbox 1365 2929 1396 2982; x_wconf 88' lang='lat' dir='ltr'>te</span> <span class='ocrx_word' id='word_1_304' title='bbox 1420 2921 1516 3002; x_wconf 91' lang='lat' dir='ltr'>ipsum</span> <span class='ocrx_word' id='word_1_305' title='bbox 1539 2922 1649 2983; x_wconf 86' lang='lat' dir='ltr'>multo·</span> 
     </span>
    </p>
   </div>
   <div class='ocr_carea' id='block_1_4' title="bbox 171 3006 1653 3090">
    <p class='ocr_par' dir='ltr' id='par_1_5' title="bbox 171 3006 1653 3090">
     <span class='ocr_line' id='line_1_30' title="bbox 171 3006 1653 3090; baseline -0.003 -14"><span class='ocrx_word' id='word_1_306' title='bbox 171 3014 176 3025; x_wconf 78' lang='lat'><strong><em>‘</em></strong></span> <span class='ocrx_word' id='word_1_307' title='bbox 290 3014 361 3075; x_wconf 82' lang='lat' dir='ltr'>&#39;ties</span> <span class='ocrx_word' id='word_1_308' title='bbox 386 3010 581 3073; x_wconf 84' lang='lat' dir='ltr'>beneficentia</span> <span class='ocrx_word' id='word_1_309' title='bbox 607 3017 638 3071; x_wconf 91' lang='lat' dir='ltr'>et</span> <span class='ocrx_word' id='word_1_310' title='bbox 660 3009 843 3070; x_wconf 88' lang='lat' dir='ltr'>humanitate</span> <span class='ocrx_word' id='word_1_311' title='bbox 866 3007 979 3068; x_wconf 84' lang='lat' dir='ltr'>vincas.</span> <span class='ocrx_word' id='word_1_312' title='bbox 1025 3006 1100 3070; x_wconf 85' lang='lat' dir='ltr'>Cum</span> <span class='ocrx_word' id='word_1_313' title='bbox 1121 3008 1229 3088; x_wconf 88' lang='lat' dir='ltr'>ingens</span> <span class='ocrx_word' id='word_1_314' title='bbox 1251 3011 1442 3090; x_wconf 86' lang='lat' dir='ltr'>praestiteris</span> <span class='ocrx_word' id='word_1_315' title='bbox 1464 3011 1537 3072; x_wconf 92' lang='lat' dir='ltr'>mihi</span> <span class='ocrx_word' id='word_1_316' title='bbox 1559 3011 1653 3073; x_wconf 91' lang='lat' dir='ltr'>bene-</span> 
     </span>
    </p>
   </div>
   <div class='ocr_carea' id='block_1_5' title="bbox 261 3095 1655 3711">
    <p class='ocr_par' dir='ltr' id='par_1_6' title="bbox 261 3095 1655 3711">
     <span class='ocr_line' id='line_1_31' title="bbox 303 3095 1653 3180; baseline -0.002 -16"><span class='ocrx_word' id='word_1_317' title='bbox 303 3101 411 3176; x_wconf 86' lang='lat' dir='ltr'>ficium,</span> <span class='ocrx_word' id='word_1_318' title='bbox 434 3118 561 3161; x_wconf 80' lang='lat' dir='ltr'>excusas</span> <span class='ocrx_word' id='word_1_319' title='bbox 584 3108 615 3160; x_wconf 90' lang='lat' dir='ltr'>te</span> <span class='ocrx_word' id='word_1_320' title='bbox 639 3097 719 3171; x_wconf 84' lang='lat' dir='ltr'>mihi,</span> <span class='ocrx_word' id='word_1_321' title='bbox 744 3095 822 3177; x_wconf 93' lang='lat' dir='ltr'>quod</span> <span class='ocrx_word' id='word_1_322' title='bbox 845 3095 942 3175; x_wconf 89' lang='lat' dir='ltr'>majus</span> <span class='ocrx_word' id='word_1_323' title='bbox 965 3095 1038 3158; x_wconf 87' lang='lat' dir='ltr'>illud</span> <span class='ocrx_word' id='word_1_324' title='bbox 1062 3116 1120 3158; x_wconf 94' lang='lat' dir='ltr'>non</span> <span class='ocrx_word' id='word_1_325' title='bbox 1144 3097 1242 3172; x_wconf 85' lang='lat' dir='ltr'>inerit,</span> <span class='ocrx_word' id='word_1_326' title='bbox 1267 3100 1403 3180; x_wconf 91' lang='lat' dir='ltr'>quodque</span> <span class='ocrx_word' id='word_1_327' title='bbox 1423 3107 1485 3162; x_wconf 91' lang='lat' dir='ltr'>tam</span> <span class='ocrx_word' id='word_1_328' title='bbox 1502 3099 1553 3162; x_wconf 93' lang='lat' dir='ltr'>din</span> <span class='ocrx_word' id='word_1_329' title='bbox 1572 3101 1653 3162; x_wconf 87' lang='lat' dir='ltr'>dila-</span> 
     </span>
     <span class='ocr_line' id='line_1_32' title="bbox 305 3183 1653 3270; baseline -0.002 -17"><span class='ocrx_word' id='word_1_330' title='bbox 305 3202 367 3254; x_wconf 90' lang='lat' dir='ltr'>tum</span> <span class='ocrx_word' id='word_1_331' title='bbox 382 3189 424 3251; x_wconf 90' lang='lat' dir='ltr'>sit</span> <span class='ocrx_word' id='word_1_332' title='bbox 438 3187 620 3269; x_wconf 88' lang='lat' dir='ltr'>opusculum,</span> <span class='ocrx_word' id='word_1_333' title='bbox 644 3186 762 3266; x_wconf 89' lang='lat' dir='ltr'>culpam</span> <span class='ocrx_word' id='word_1_334' title='bbox 784 3207 804 3246; x_wconf 93' lang='lat' dir='ltr'>a</span> <span class='ocrx_word' id='word_1_335' title='bbox 825 3194 855 3246; x_wconf 94' lang='lat' dir='ltr'>te</span> <span class='ocrx_word' id='word_1_336' title='bbox 876 3202 1022 3247; x_wconf 86' lang='lat' dir='ltr'>removes.</span> <span class='ocrx_word' id='word_1_337' title='bbox 1056 3183 1152 3257; x_wconf 87' lang='lat' dir='ltr'>Quasi</span> <span class='ocrx_word' id='word_1_338' title='bbox 1175 3195 1229 3249; x_wconf 91' lang='lat' dir='ltr'>aut</span> <span class='ocrx_word' id='word_1_339' title='bbox 1250 3189 1324 3253; x_wconf 81' lang='lat' dir='ltr'>bees</span> <span class='ocrx_word' id='word_1_340' title='bbox 1348 3189 1435 3270; x_wconf 90' lang='lat' dir='ltr'>culpa</span> <span class='ocrx_word' id='word_1_341' title='bbox 1459 3189 1576 3264; x_wconf 83' lang='lat' dir='ltr'>inisset,</span> <span class='ocrx_word' id='word_1_342' title='bbox 1600 3196 1653 3251; x_wconf 88' lang='lat' dir='ltr'>aut</span> 
     </span>
     <span class='ocr_line' id='line_1_33' title="bbox 261 3274 1653 3360; baseline -0.004 -17"><span class='ocrx_word' id='word_1_343' title='bbox 261 3312 268 3323; x_wconf 93' lang='lat'><strong>·</strong></span> <span class='ocrx_word' id='word_1_344' title='bbox 305 3298 361 3360; x_wconf 91' lang='lat' dir='ltr'>ego</span> <span class='ocrx_word' id='word_1_345' title='bbox 385 3276 599 3340; x_wconf 84' lang='lat' dir='ltr'>beneticentiae</span> <span class='ocrx_word' id='word_1_346' title='bbox 622 3284 692 3337; x_wconf 87' lang='lat' dir='ltr'>tuae</span> <span class='ocrx_word' id='word_1_347' title='bbox 717 3274 829 3337; x_wconf 86' lang='lat' dir='ltr'>arbiter</span> <span class='ocrx_word' id='word_1_348' title='bbox 852 3281 942 3354; x_wconf 89' lang='lat' dir='ltr'>atque</span> <span class='ocrx_word' id='word_1_349' title='bbox 966 3274 1121 3353; x_wconf 88' lang='lat' dir='ltr'>legislator</span> <span class='ocrx_word' id='word_1_350' title='bbox 1143 3276 1305 3338; x_wconf 83' lang='lat' dir='ltr'>existerem</span> <span class='ocrx_word' id='word_1_351' title='bbox 1312 3296 1322 3351; x_wconf 91' lang='lat'>;</span> <span class='ocrx_word' id='word_1_352' title='bbox 1345 3278 1464 3341; x_wconf 91' lang='lat' dir='ltr'>omnino</span> <span class='ocrx_word' id='word_1_353' title='bbox 1487 3278 1574 3359; x_wconf 91' lang='lat' dir='ltr'>quasi</span> <span class='ocrx_word' id='word_1_354' title='bbox 1597 3279 1653 3340; x_wconf 92' lang='lat' dir='ltr'>de-</span> 
     </span>
     <span class='ocr_line' id='line_1_34' title="bbox 305 3361 1653 3447; baseline -0.001 -15"><span class='ocrx_word' id='word_1_355' title='bbox 305 3369 399 3433; x_wconf 90' lang='lat' dir='ltr'>bitum</span> <span class='ocrx_word' id='word_1_356' title='bbox 412 3368 469 3429; x_wconf 91' lang='lat' dir='ltr'>hoo</span> <span class='ocrx_word' id='word_1_357' title='bbox 488 3374 581 3428; x_wconf 87' lang='lat' dir='ltr'>esset.</span> <span class='ocrx_word' id='word_1_358' title='bbox 614 3363 756 3445; x_wconf 79' lang='lat' dir='ltr'>Agnosco</span> <span class='ocrx_word' id='word_1_359' title='bbox 779 3381 852 3424; x_wconf 91' lang='lat' dir='ltr'>sane</span> <span class='ocrx_word' id='word_1_360' title='bbox 875 3369 908 3424; x_wconf 89' lang='lat' dir='ltr'>et</span> <span class='ocrx_word' id='word_1_361' title='bbox 931 3361 1103 3425; x_wconf 89' lang='lat' dir='ltr'>reminiscor</span> <span class='ocrx_word' id='word_1_362' title='bbox 1126 3365 1218 3427; x_wconf 89' lang='lat' dir='ltr'>verba</span> <span class='ocrx_word' id='word_1_363' title='bbox 1240 3367 1383 3428; x_wconf 86' lang='lat' dir='ltr'>nonnulla</span> <span class='ocrx_word' id='word_1_364' title='bbox 1396 3385 1481 3429; x_wconf 90' lang='lat' dir='ltr'>meae</span> <span class='ocrx_word' id='word_1_365' title='bbox 1496 3367 1653 3447; x_wconf 88' lang='lat' dir='ltr'>epistolae,</span> 
     </span>
     <span class='ocr_line' id='line_1_35' title="bbox 307 3451 1654 3541; baseline -0.002 -21"><span class='ocrx_word' id='word_1_366' title='bbox 307 3458 412 3541; x_wconf 91' lang='lat' dir='ltr'>quibus</span> <span class='ocrx_word' id='word_1_367' title='bbox 435 3457 552 3519; x_wconf 87' lang='lat' dir='ltr'>isthaec</span> <span class='ocrx_word' id='word_1_368' title='bbox 575 3454 730 3517; x_wconf 82' lang='lat' dir='ltr'>excusatio</span> <span class='ocrx_word' id='word_1_369' title='bbox 753 3451 934 3534; x_wconf 89' lang='lat' dir='ltr'>respondere</span> <span class='ocrx_word' id='word_1_370' title='bbox 962 3452 1088 3515; x_wconf 86' lang='lat' dir='ltr'>videtur.</span> <span class='ocrx_word' id='word_1_371' title='bbox 1136 3453 1248 3516; x_wconf 89' lang='lat' dir='ltr'>Verum</span> <span class='ocrx_word' id='word_1_372' title='bbox 1280 3455 1354 3518; x_wconf 89' lang='lat' dir='ltr'>illud</span> <span class='ocrx_word' id='word_1_373' title='bbox 1386 3464 1417 3519; x_wconf 93' lang='lat' dir='ltr'>te</span> <span class='ocrx_word' id='word_1_374' title='bbox 1449 3475 1573 3519; x_wconf 87' lang='lat' dir='ltr'>moneo:</span> <span class='ocrx_word' id='word_1_375' title='bbox 1606 3456 1654 3537; x_wconf 90' lang='lat' dir='ltr'>qni</span> 
     </span>
     <span class='ocr_line' id='line_1_36' title="bbox 306 3541 1655 3626; baseline -0.003 -15"><span class='ocrx_word' id='word_1_376' title='bbox 306 3547 431 3611; x_wconf 89' lang='lat' dir='ltr'>candido</span> <span class='ocrx_word' id='word_1_377' title='bbox 446 3545 552 3608; x_wconf 88' lang='lat' dir='ltr'>scribit</span> <span class='ocrx_word' id='word_1_378' title='bbox 570 3543 677 3620; x_wconf 89' lang='lat' dir='ltr'>animo,</span> <span class='ocrx_word' id='word_1_379' title='bbox 702 3562 768 3605; x_wconf 92' lang='lat' dir='ltr'>eum</span> <span class='ocrx_word' id='word_1_380' title='bbox 783 3541 879 3605; x_wconf 87' lang='lat' dir='ltr'>multa</span> <span class='ocrx_word' id='word_1_381' title='bbox 900 3541 1102 3621; x_wconf 88' lang='lat' dir='ltr'>incogitanter</span> <span class='ocrx_word' id='word_1_382' title='bbox 1124 3543 1253 3607; x_wconf 89' lang='lat' dir='ltr'>scribere</span> <span class='ocrx_word' id='word_1_383' title='bbox 1272 3553 1304 3607; x_wconf 90' lang='lat' dir='ltr'>et</span> <span class='ocrx_word' id='word_1_384' title='bbox 1322 3546 1436 3608; x_wconf 91' lang='lat' dir='ltr'>semina</span> <span class='ocrx_word' id='word_1_385' title='bbox 1454 3546 1655 3626; x_wconf 91' lang='lat' dir='ltr'>suspicionum</span> 
     </span>
     <span class='ocr_line' id='line_1_37' title="bbox 307 3630 1654 3711; baseline -0.001 -12"><span class='ocrx_word' id='word_1_386' title='bbox 307 3655 424 3711; x_wconf 91' lang='lat' dir='ltr'>serere;</span> <span class='ocrx_word' id='word_1_387' title='bbox 448 3654 502 3697; x_wconf 92' lang='lat' dir='ltr'>nec</span> <span class='ocrx_word' id='word_1_388' title='bbox 526 3642 626 3696; x_wconf 89' lang='lat' dir='ltr'>tamen</span> <span class='ocrx_word' id='word_1_389' title='bbox 650 3633 717 3695; x_wconf 92' lang='lat' dir='ltr'>ideo</span> <span class='ocrx_word' id='word_1_390' title='bbox 741 3650 842 3694; x_wconf 92' lang='lat' dir='ltr'>earum</span> <span class='ocrx_word' id='word_1_391' title='bbox 865 3630 970 3692; x_wconf 90' lang='lat' dir='ltr'>teneri.</span> <span class='ocrx_word' id='word_1_392' title='bbox 1004 3630 1085 3693; x_wconf 86' lang='lat' dir='ltr'>Sane</span> <span class='ocrx_word' id='word_1_393' title='bbox 1103 3630 1174 3695; x_wconf 91' lang='lat' dir='ltr'>mihi</span> <span class='ocrx_word' id='word_1_394' title='bbox 1192 3652 1276 3695; x_wconf 89' lang='lat' dir='ltr'>mens</span> <span class='ocrx_word' id='word_1_395' title='bbox 1300 3634 1371 3698; x_wconf 88' lang='lat' dir='ltr'>aiibi</span> <span class='ocrx_word' id='word_1_396' title='bbox 1395 3654 1453 3698; x_wconf 91' lang='lat' dir='ltr'>non</span> <span class='ocrx_word' id='word_1_397' title='bbox 1476 3643 1542 3698; x_wconf 90' lang='lat' dir='ltr'>erat</span> <span class='ocrx_word' id='word_1_398' title='bbox 1563 3654 1599 3697; x_wconf 93' lang='lat' dir='ltr'>eo</span> <span class='ocrx_word' id='word_1_399' title='bbox 1624 3634 1654 3697; x_wconf 90' lang='lat' dir='ltr'>in</span> 
     </span>
    </p>
   </div>
   <div class='ocr_carea' id='block_1_6' title="bbox 192 3719 1653 3804">
    <p class='ocr_par' dir='ltr' id='par_1_7' title="bbox 192 3719 1653 3804">
     <span class='ocr_line' id='line_1_38' title="bbox 192 3719 1653 3804; baseline -0.002 -16"><span class='ocrx_word' id='word_1_400' title='bbox 192 3736 199 3747; x_wconf 66' lang='lat'><em>¹</em></span> <span class='ocrx_word' id='word_1_401' title='bbox 307 3728 392 3800; x_wconf 90' lang='lat' dir='ltr'>loco,</span> <span class='ocrx_word' id='word_1_402' title='bbox 426 3743 514 3804; x_wconf 91' lang='lat' dir='ltr'>qnam</span> <span class='ocrx_word' id='word_1_403' title='bbox 542 3725 573 3785; x_wconf 95' lang='lat' dir='ltr'>in</span> <span class='ocrx_word' id='word_1_404' title='bbox 601 3721 748 3785; x_wconf 89' lang='lat' dir='ltr'>sumtibus</span> <span class='ocrx_word' id='word_1_405' title='bbox 776 3739 866 3801; x_wconf 90' lang='lat' dir='ltr'>parce</span> <span class='ocrx_word' id='word_1_406' title='bbox 899 3719 1044 3781; x_wconf 87' lang='lat' dir='ltr'>iaciendis</span> <span class='ocrx_word' id='word_1_407' title='bbox 1076 3722 1206 3784; x_wconf 89' lang='lat' dir='ltr'>emtione</span> <span class='ocrx_word' id='word_1_408' title='bbox 1232 3741 1394 3803; x_wconf 91' lang='lat' dir='ltr'>pancorum</span> <span class='ocrx_word' id='word_1_409' title='bbox 1420 3724 1653 3804; x_wconf 83' lang='lat' dir='ltr'>exemplarium:</span> 
     </span>
    </p>
   </div>
   <div class='ocr_carea' id='block_1_7' title="bbox 304 3809 1689 4423">
    <p class='ocr_par' dir='ltr' id='par_1_8' title="bbox 304 3809 1689 4423">
     <span class='ocr_line' id='line_1_39' title="bbox 306 3809 1655 3896; baseline -0.004 -18"><span class='ocrx_word' id='word_1_410' title='bbox 306 3823 395 3896; x_wconf 85' lang='lat' dir='ltr'>atque</span> <span class='ocrx_word' id='word_1_411' title='bbox 420 3813 458 3876; x_wconf 86' lang='lat' dir='ltr'>ad</span> <span class='ocrx_word' id='word_1_412' title='bbox 482 3814 538 3875; x_wconf 91' lang='lat' dir='ltr'>hoc</span> <span class='ocrx_word' id='word_1_413' title='bbox 561 3812 731 3873; x_wconf 89' lang='lat' dir='ltr'>institutum</span> <span class='ocrx_word' id='word_1_414' title='bbox 754 3810 854 3872; x_wconf 90' lang='lat' dir='ltr'>omnia</span> <span class='ocrx_word' id='word_1_415' title='bbox 877 3809 992 3890; x_wconf 89' lang='lat' dir='ltr'>reliqna</span> <span class='ocrx_word' id='word_1_416' title='bbox 1014 3809 1172 3873; x_wconf 75' lang='lat' dir='ltr'>referenda</span> <span class='ocrx_word' id='word_1_417' title='bbox 1193 3820 1273 3872; x_wconf 88' lang='lat' dir='ltr'>snut.</span> <span class='ocrx_word' id='word_1_418' title='bbox 1317 3809 1398 3883; x_wconf 82' lang='lat' dir='ltr'>Quid</span> <span class='ocrx_word' id='word_1_419' title='bbox 1417 3814 1557 3894; x_wconf 85' lang='lat' dir='ltr'>qnaeris?</span> <span class='ocrx_word' id='word_1_420' title='bbox 1588 3812 1655 3894; x_wconf 87' lang='lat' dir='ltr'>Ego</span> 
     </span>
     <span class='ocr_line' id='line_1_40' title="bbox 305 3899 1689 3984; baseline -0.001 -18"><span class='ocrx_word' id='word_1_421' title='bbox 305 3904 430 3966; x_wconf 91' lang='lat' dir='ltr'>totidem</span> <span class='ocrx_word' id='word_1_422' title='bbox 454 3902 551 3964; x_wconf 89' lang='lat' dir='ltr'>sentio</span> <span class='ocrx_word' id='word_1_423' title='bbox 574 3901 722 3973; x_wconf 89' lang='lat' dir='ltr'>stimulos,</span> <span class='ocrx_word' id='word_1_424' title='bbox 746 3899 863 3981; x_wconf 92' lang='lat' dir='ltr'>quoties</span> <span class='ocrx_word' id='word_1_425' title='bbox 886 3907 920 3960; x_wconf 93' lang='lat' dir='ltr'>tn</span> <span class='ocrx_word' id='word_1_426' title='bbox 942 3899 991 3960; x_wconf 87' lang='lat' dir='ltr'>vel</span> <span class='ocrx_word' id='word_1_427' title='bbox 1014 3906 1131 3980; x_wconf 89' lang='lat' dir='ltr'>tempus</span> <span class='ocrx_word' id='word_1_428' title='bbox 1154 3919 1291 3975; x_wconf 79' lang='lat' dir='ltr'>excusas,</span> <span class='ocrx_word' id='word_1_429' title='bbox 1316 3902 1364 3964; x_wconf 86' lang='lat' dir='ltr'>vel</span> <span class='ocrx_word' id='word_1_430' title='bbox 1379 3912 1522 3984; x_wconf 91' lang='lat' dir='ltr'>quantum</span> <span class='ocrx_word' id='word_1_431' title='bbox 1544 3902 1575 3965; x_wconf 94' lang='lat' dir='ltr'>in</span> <span class='ocrx_word' id='word_1_432' title='bbox 1598 3922 1654 3964; x_wconf 80' lang='lat' dir='ltr'>ex·</span> <span class='ocrx_word' id='word_1_433' title='bbox 1683 3938 1689 3953; x_wconf 57' lang='grc' dir='ltr'>ι</span> 
     </span>
     <span class='ocr_line' id='line_1_41' title="bbox 305 3986 1655 4074; baseline -0.003 -18"><span class='ocrx_word' id='word_1_434' title='bbox 305 3993 426 4057; x_wconf 88' lang='lat' dir='ltr'>cusiene</span> <span class='ocrx_word' id='word_1_435' title='bbox 453 3991 662 4072; x_wconf 81' lang='lat' dir='ltr'>praestiteris,</span> <span class='ocrx_word' id='word_1_436' title='bbox 694 4008 842 4052; x_wconf 87' lang='lat' dir='ltr'>recenses.</span> <span class='ocrx_word' id='word_1_437' title='bbox 890 3986 1000 4049; x_wconf 89' lang='lat' dir='ltr'>Obmis</span> <span class='ocrx_word' id='word_1_438' title='bbox 1028 4007 1074 4050; x_wconf 89' lang='lat' dir='ltr'>me</span> <span class='ocrx_word' id='word_1_439' title='bbox 1102 4008 1175 4051; x_wconf 91' lang='lat' dir='ltr'>sane</span> <span class='ocrx_word' id='word_1_440' title='bbox 1203 3990 1292 4052; x_wconf 89' lang='lat' dir='ltr'>nimio</span> <span class='ocrx_word' id='word_1_441' title='bbox 1321 3990 1380 4053; x_wconf 91' lang='lat' dir='ltr'>mei</span> <span class='ocrx_word' id='word_1_442' title='bbox 1407 3992 1526 4055; x_wconf 85' lang='lat' dir='ltr'>studio:</span> <span class='ocrx_word' id='word_1_443' title='bbox 1559 4010 1655 4074; x_wconf 90' lang='lat' dir='ltr'>neque</span> 
     </span>
     <span class='ocr_line' id='line_1_42' title="bbox 305 4077 1657 4161; baseline -0.003 -16"><span class='ocrx_word' id='word_1_444' title='bbox 305 4084 421 4146; x_wconf 91' lang='lat' dir='ltr'>calamo</span> <span class='ocrx_word' id='word_1_445' title='bbox 444 4081 475 4143; x_wconf 92' lang='lat' dir='ltr'>id</span> <span class='ocrx_word' id='word_1_446' title='bbox 498 4099 626 4161; x_wconf 87' lang='lat' dir='ltr'>aequare</span> <span class='ocrx_word' id='word_1_447' title='bbox 650 4079 777 4159; x_wconf 87' lang='lat' dir='ltr'>amplius</span> <span class='ocrx_word' id='word_1_448' title='bbox 799 4096 931 4158; x_wconf 86' lang='lat' dir='ltr'>possum.</span> <span class='ocrx_word' id='word_1_449' title='bbox 967 4077 1033 4140; x_wconf 91' lang='lat' dir='ltr'>Nec</span> <span class='ocrx_word' id='word_1_450' title='bbox 1057 4077 1152 4140; x_wconf 88' lang='lat' dir='ltr'>minus</span> <span class='ocrx_word' id='word_1_451' title='bbox 1172 4088 1278 4158; x_wconf 89' lang='lat' dir='ltr'>gratae</span> <span class='ocrx_word' id='word_1_452' title='bbox 1302 4099 1391 4161; x_wconf 89' lang='lat' dir='ltr'>quam</span> <span class='ocrx_word' id='word_1_453' title='bbox 1413 4082 1563 4144; x_wconf 86' lang='lat' dir='ltr'>salutares</span> <span class='ocrx_word' id='word_1_454' title='bbox 1586 4088 1657 4144; x_wconf 91' lang='lat' dir='ltr'>sunt</span> 
     </span>
     <span class='ocr_line' id='line_1_43' title="bbox 304 4165 1656 4251; baseline -0.001 -16"><span class='ocrx_word' id='word_1_455' title='bbox 304 4174 507 4251; x_wconf 89' lang='lat' dir='ltr'>intersparsae</span> <span class='ocrx_word' id='word_1_456' title='bbox 541 4168 768 4231; x_wconf 88' lang='lat' dir='ltr'>admonitiones.</span> <span class='ocrx_word' id='word_1_457' title='bbox 814 4166 864 4228; x_wconf 87' lang='lat' dir='ltr'>Ad</span> <span class='ocrx_word' id='word_1_458' title='bbox 892 4165 1011 4229; x_wconf 89' lang='lat' dir='ltr'>unicum</span> <span class='ocrx_word' id='word_1_459' title='bbox 1038 4166 1075 4229; x_wconf 92' lang='lat' dir='ltr'>de</span> <span class='ocrx_word' id='word_1_460' title='bbox 1106 4166 1197 4229; x_wconf 89' lang='lat' dir='ltr'>nimia</span> <span class='ocrx_word' id='word_1_461' title='bbox 1223 4187 1292 4231; x_wconf 90' lang='lat' dir='ltr'>mea</span> <span class='ocrx_word' id='word_1_462' title='bbox 1317 4170 1466 4233; x_wconf 85' lang='lat' dir='ltr'>brevitate</span> <span class='ocrx_word' id='word_1_463' title='bbox 1500 4178 1532 4233; x_wconf 92' lang='lat' dir='ltr'>et</span> <span class='ocrx_word' id='word_1_464' title='bbox 1562 4190 1656 4250; x_wconf 77' lang='lat' dir='ltr'>nepu-</span> 
     </span>
     <span class='ocr_line' id='line_1_44' title="bbox 305 4255 1657 4342; baseline -0.001 -19"><span class='ocrx_word' id='word_1_465' title='bbox 305 4264 413 4342; x_wconf 73' lang='grc' dir='ltr'><strong><em>βασεσι</em></strong></span> <span class='ocrx_word' id='word_1_466' title='bbox 434 4259 601 4340; x_wconf 90' lang='lat' dir='ltr'>respondeo</span> <span class='ocrx_word' id='word_1_467' title='bbox 625 4258 654 4319; x_wconf 94' lang='lat' dir='ltr'>in</span> <span class='ocrx_word' id='word_1_468' title='bbox 677 4275 802 4338; x_wconf 82' lang='lat' dir='ltr'>genere3</span> <span class='ocrx_word' id='word_1_469' title='bbox 824 4275 883 4317; x_wconf 94' lang='lat' dir='ltr'>non</span> <span class='ocrx_word' id='word_1_470' title='bbox 907 4255 1084 4335; x_wconf 89' lang='lat' dir='ltr'>obloquendi</span> <span class='ocrx_word' id='word_1_471' title='bbox 1108 4256 1218 4333; x_wconf 89' lang='lat' dir='ltr'>animo,</span> <span class='ocrx_word' id='word_1_472' title='bbox 1243 4259 1297 4320; x_wconf 91' lang='lat' dir='ltr'>sed</span> <span class='ocrx_word' id='word_1_473' title='bbox 1320 4268 1354 4321; x_wconf 93' lang='lat' dir='ltr'>ut</span> <span class='ocrx_word' id='word_1_474' title='bbox 1378 4259 1482 4322; x_wconf 89' lang='lat' dir='ltr'>videas</span> <span class='ocrx_word' id='word_1_475' title='bbox 1507 4260 1657 4322; x_wconf 78' lang='lat' dir='ltr'>fortunam</span> 
     </span>
     <span class='ocr_line' id='line_1_45' title="bbox 306 4344 1654 4423; baseline -0.001 -10"><span class='ocrx_word' id='word_1_476' title='bbox 306 4371 413 4413; x_wconf 87' lang='lat' dir='ltr'>meam.</span> <span class='ocrx_word' id='word_1_477' title='bbox 460 4347 537 4412; x_wconf 87' lang='lat' dir='ltr'>Cum</span> <span class='ocrx_word' id='word_1_478' title='bbox 560 4347 706 4410; x_wconf 81' lang='lat' dir='ltr'>neminem</span> <span class='ocrx_word' id='word_1_479' title='bbox 733 4346 826 4408; x_wconf 86' lang='lat' dir='ltr'>sciam</span> <span class='ocrx_word' id='word_1_480' title='bbox 854 4344 883 4406; x_wconf 95' lang='lat' dir='ltr'>in</span> <span class='ocrx_word' id='word_1_481' title='bbox 911 4345 964 4406; x_wconf 90' lang='lat' dir='ltr'>illo</span> <span class='ocrx_word' id='word_1_482' title='bbox 991 4344 1158 4407; x_wconf 87' lang='lat' dir='ltr'>clarissimo</span> <span class='ocrx_word' id='word_1_483' title='bbox 1187 4348 1304 4409; x_wconf 62' lang='lat' dir='ltr'>lumine,</span> <span class='ocrx_word' id='word_1_484' title='bbox 1324 4358 1443 4410; x_wconf 83' lang='lat' dir='ltr'>vestrae</span> <span class='ocrx_word' id='word_1_485' title='bbox 1472 4349 1654 4423; x_wconf 87' lang='lat' dir='ltr'>academiae,</span> 
     </span>
    </p>
   </div>
   <div class='ocr_carea' id='block_1_8' title="bbox 179 4434 1657 4964">
    <p class='ocr_par' dir='ltr' id='par_1_9' title="bbox 179 4434 1657 4964">
     <span class='ocr_line' id='line_1_46' title="bbox 179 4434 1657 4522; baseline -0.002 -19"><span class='ocrx_word' id='word_1_486' title='bbox 179 4434 186 4453; x_wconf 92' lang='lat'><em>&#39;</em></span> <span class='ocrx_word' id='word_1_487' title='bbox 307 4442 450 4522; x_wconf 72' lang='lat' dir='ltr'>quirnea</span> <span class='ocrx_word' id='word_1_488' title='bbox 475 4439 617 4519; x_wconf 90' lang='lat' dir='ltr'>dogmata</span> <span class='ocrx_word' id='word_1_489' title='bbox 646 4435 720 4498; x_wconf 80' lang='lat' dir='ltr'>dart</span> <span class='ocrx_word' id='word_1_490' title='bbox 746 4437 905 4515; x_wconf 88' lang='lat' dir='ltr'>impeteret</span> <span class='ocrx_word' id='word_1_491' title='bbox 932 4434 1043 4516; x_wconf 75' lang='lat' dir='ltr'>operi:</span> <span class='ocrx_word' id='word_1_492' title='bbox 1077 4435 1214 4497; x_wconf 87' lang='lat' dir='ltr'>inventus</span> <span class='ocrx_word' id='word_1_493' title='bbox 1245 4446 1294 4498; x_wconf 90' lang='lat' dir='ltr'>est</span> <span class='ocrx_word' id='word_1_494' title='bbox 1325 4437 1354 4499; x_wconf 94' lang='lat' dir='ltr'>in</span> <span class='ocrx_word' id='word_1_495' title='bbox 1386 4438 1443 4499; x_wconf 91' lang='lat' dir='ltr'>hac</span> <span class='ocrx_word' id='word_1_496' title='bbox 1471 4439 1599 4500; x_wconf 87' lang='lat' dir='ltr'>obsoma</span> <span class='ocrx_word' id='word_1_497' title='bbox 1625 4445 1657 4499; x_wconf 87' lang='lat' dir='ltr'>et</span> 
     </span>
     <span class='ocr_line' id='line_1_47' title="bbox 307 4521 1657 4606; baseline -0.001 -15"><span class='ocrx_word' id='word_1_498' title='bbox 307 4529 468 4591; x_wconf 88' lang='lat' dir='ltr'>tenebrosa</span> <span class='ocrx_word' id='word_1_499' title='bbox 491 4527 639 4602; x_wconf 87' lang='lat' dir='ltr'>barbarie,</span> <span class='ocrx_word' id='word_1_500' title='bbox 664 4526 722 4606; x_wconf 91' lang='lat' dir='ltr'>qui,</span> <span class='ocrx_word' id='word_1_501' title='bbox 747 4524 903 4604; x_wconf 89' lang='lat' dir='ltr'>complue</span> <span class='ocrx_word' id='word_1_502' title='bbox 927 4521 1095 4603; x_wconf 87' lang='lat' dir='ltr'>intelligere</span> <span class='ocrx_word' id='word_1_503' title='bbox 1119 4543 1176 4586; x_wconf 91' lang='lat' dir='ltr'>non</span> <span class='ocrx_word' id='word_1_504' title='bbox 1200 4534 1314 4605; x_wconf 88' lang='lat' dir='ltr'>posset,</span> <span class='ocrx_word' id='word_1_505' title='bbox 1339 4527 1435 4589; x_wconf 92' lang='lat' dir='ltr'>solum</span> <span class='ocrx_word' id='word_1_506' title='bbox 1453 4527 1526 4589; x_wconf 88' lang='lat' dir='ltr'>illud</span> <span class='ocrx_word' id='word_1_507' title='bbox 1540 4528 1657 4590; x_wconf 87' lang='lat' dir='ltr'>caium·</span> 
     </span>
     <span class='ocr_line' id='line_1_48' title="bbox 307 4613 1655 4697; baseline 0.001 -19"><span class='ocrx_word' id='word_1_508' title='bbox 307 4619 381 4680; x_wconf 90' lang='lat' dir='ltr'>niari</span> <span class='ocrx_word' id='word_1_509' title='bbox 406 4619 444 4680; x_wconf 92' lang='lat' dir='ltr'>ad</span> <span class='ocrx_word' id='word_1_510' title='bbox 466 4636 606 4697; x_wconf 88' lang='lat' dir='ltr'>proceres</span> <span class='ocrx_word' id='word_1_511' title='bbox 631 4635 720 4677; x_wconf 87' lang='lat' dir='ltr'>ausus</span> <span class='ocrx_word' id='word_1_512' title='bbox 745 4624 806 4688; x_wconf 88' lang='lat' dir='ltr'>est,</span> <span class='ocrx_word' id='word_1_513' title='bbox 831 4615 973 4693; x_wconf 90' lang='lat' dir='ltr'>pleraque</span> <span class='ocrx_word' id='word_1_514' title='bbox 997 4633 1034 4673; x_wconf 81' lang='lat' dir='ltr'>ex</span> <span class='ocrx_word' id='word_1_515' title='bbox 1058 4613 1223 4694; x_wconf 88' lang='lat' dir='ltr'>Copernico</span> <span class='ocrx_word' id='word_1_516' title='bbox 1247 4615 1386 4677; x_wconf 87' lang='lat' dir='ltr'>desumta</span> <span class='ocrx_word' id='word_1_517' title='bbox 1408 4623 1439 4678; x_wconf 87' lang='lat' dir='ltr'>et</span> <span class='ocrx_word' id='word_1_518' title='bbox 1462 4616 1501 4679; x_wconf 93' lang='lat' dir='ltr'>ab</span> <span class='ocrx_word' id='word_1_519' title='bbox 1524 4635 1559 4678; x_wconf 91' lang='lat' dir='ltr'>ec</span> <span class='ocrx_word' id='word_1_520' title='bbox 1583 4624 1655 4679; x_wconf 90' lang='lat' dir='ltr'>ante</span> 
     </span>
     <span class='ocr_line' id='line_1_49' title="bbox 309 4702 1655 4787; baseline -0.001 -17"><span class='ocrx_word' id='word_1_521' title='bbox 309 4708 417 4770; x_wconf 89' lang='lat' dir='ltr'>multos</span> <span class='ocrx_word' id='word_1_522' title='bbox 442 4725 536 4768; x_wconf 91' lang='lat' dir='ltr'>annos</span> <span class='ocrx_word' id='word_1_523' title='bbox 560 4706 649 4768; x_wconf 85' lang='lat' dir='ltr'>dicta</span> <span class='ocrx_word' id='word_1_524' title='bbox 687 4702 767 4775; x_wconf 83' lang='lat' dir='ltr'>Quid</span> <span class='ocrx_word' id='word_1_525' title='bbox 791 4702 903 4782; x_wconf 81' lang='lat' dir='ltr'>agam?</span> <span class='ocrx_word' id='word_1_526' title='bbox 934 4704 1040 4783; x_wconf 88' lang='lat' dir='ltr'>Neque</span> <span class='ocrx_word' id='word_1_527' title='bbox 1059 4704 1241 4785; x_wconf 83' lang='lat' dir='ltr'>hypotheses</span> <span class='ocrx_word' id='word_1_528' title='bbox 1259 4723 1343 4766; x_wconf 90' lang='lat' dir='ltr'>meae</span> <span class='ocrx_word' id='word_1_529' title='bbox 1363 4715 1442 4779; x_wconf 92' lang='lat' dir='ltr'>sunt,</span> <span class='ocrx_word' id='word_1_530' title='bbox 1467 4725 1563 4787; x_wconf 91' lang='lat' dir='ltr'>neque</span> <span class='ocrx_word' id='word_1_531' title='bbox 1587 4726 1655 4769; x_wconf 92' lang='lat' dir='ltr'>cor-</span> 
     </span>
     <span class='ocr_line' id='line_1_50' title="bbox 307 4791 1656 4878; baseline 0 -20"><span class='ocrx_word' id='word_1_532' title='bbox 307 4815 391 4878; x_wconf 89' lang='lat' dir='ltr'>pora.</span> <span class='ocrx_word' id='word_1_533' title='bbox 429 4796 559 4857; x_wconf 90' lang='lat' dir='ltr'>Tantum</span> <span class='ocrx_word' id='word_1_534' title='bbox 582 4810 638 4875; x_wconf 89' lang='lat' dir='ltr'>ego</span> <span class='ocrx_word' id='word_1_535' title='bbox 660 4794 758 4856; x_wconf 79' lang='lat' dir='ltr'>nerui.</span> <span class='ocrx_word' id='word_1_536' title='bbox 796 4794 841 4854; x_wconf 89' lang='lat' dir='ltr'>At</span> <span class='ocrx_word' id='word_1_537' title='bbox 863 4792 929 4872; x_wconf 91' lang='lat' dir='ltr'>quis</span> <span class='ocrx_word' id='word_1_538' title='bbox 954 4811 991 4853; x_wconf 82' lang='lat' dir='ltr'>ex</span> <span class='ocrx_word' id='word_1_539' title='bbox 1014 4791 1158 4872; x_wconf 88' lang='lat' dir='ltr'>imperitis</span> <span class='ocrx_word' id='word_1_540' title='bbox 1182 4792 1286 4854; x_wconf 92' lang='lat' dir='ltr'>harum</span> <span class='ocrx_word' id='word_1_541' title='bbox 1305 4814 1411 4871; x_wconf 90' lang='lat' dir='ltr'>rerum,</span> <span class='ocrx_word' id='word_1_542' title='bbox 1435 4794 1559 4858; x_wconf 90' lang='lat' dir='ltr'>audiens</span> <span class='ocrx_word' id='word_1_543' title='bbox 1578 4796 1656 4858; x_wconf 92' lang='lat' dir='ltr'>hanc</span> 
     </span>
     <span class='ocr_line' id='line_1_51' title="bbox 309 4881 1656 4964; baseline -0.001 -15"><span class='ocrx_word' id='word_1_544' title='bbox 309 4886 489 4950; x_wconf 87' lang='lat' dir='ltr'>calumniam</span> <span class='ocrx_word' id='word_1_545' title='bbox 512 4903 549 4946; x_wconf 84' lang='lat' dir='ltr'>ex</span> <span class='ocrx_word' id='word_1_546' title='bbox 571 4902 618 4960; x_wconf 91' lang='lat' dir='ltr'>eo,</span> <span class='ocrx_word' id='word_1_547' title='bbox 642 4902 729 4964; x_wconf 90' lang='lat' dir='ltr'>quem</span> <span class='ocrx_word' id='word_1_548' title='bbox 751 4883 871 4945; x_wconf 89' lang='lat' dir='ltr'>doctum</span> <span class='ocrx_word' id='word_1_549' title='bbox 894 4888 1040 4955; x_wconf 89' lang='lat' dir='ltr'>autumat,</span> <span class='ocrx_word' id='word_1_550' title='bbox 1065 4881 1121 4944; x_wconf 90' lang='lat' dir='ltr'>hoc</span> <span class='ocrx_word' id='word_1_551' title='bbox 1143 4888 1234 4961; x_wconf 91' lang='lat' dir='ltr'>pacto</span> <span class='ocrx_word' id='word_1_552' title='bbox 1257 4883 1374 4948; x_wconf 91' lang='lat' dir='ltr'>institui</span> <span class='ocrx_word' id='word_1_553' title='bbox 1396 4892 1507 4964; x_wconf 83' lang='lat' dir='ltr'>potest,</span> <span class='ocrx_word' id='word_1_554' title='bbox 1532 4893 1567 4947; x_wconf 92' lang='lat' dir='ltr'>ut</span> <span class='ocrx_word' id='word_1_555' title='bbox 1589 4904 1656 4948; x_wconf 91' lang='lat' dir='ltr'>eum</span> 
     </span>
    </p>
   </div>
   <div class='ocr_carea' id='block_1_9' title="bbox 0 0 1822 5634">
    <p class='ocr_par' dir='ltr' id='par_1_10' title="bbox 0 0 1822 5634">
     <span class='ocr_line' id='line_1_52' title="bbox 0 0 1822 5634; baseline 0 0"><span class='ocrx_word' id='word_1_556' title='bbox 0 0 1822 5634; x_wconf 95' lang='lat' dir='ltr'> </span> 
     </span>
    </p>
   </div>
  </div>
 </body>
</html>
