3609 5634
751 388 833 454 Ceret
850 388 903 439 XX·
1446 387 1507 453 117

100 543 180 603 306
200 550 544 622 66666116666611000
566 556 611 604 661
624 550 702 615 idem,
727 551 772 622 qui
792 568 926 607 excessus
939 549 1061 607 Martiae
1076 550 1228 606 distantiae
1245 550 1321 606 1000
1345 569 1431 623 66666
1445 554 1508 606 Tel·
1549 528 1553 537 „

99 626 193 683 luris
230 640 391 687 assumtam
405 631 472 688 694.
510 631 625 686 Hoo'flt
648 632 718 697 ideo,
742 632 1297 703 661611661166611666616666611000,
1322 639 1380 686 1616
1402 632 1509 703 6661661

100 708 271 777 16616616,
287 729 371 784 qnam
383 712 503 775 virtutis,
528 727 611 781 quam
624 712 710 766 etiam
724 711 884 767 distantiae.
922 712 1008 784 Atqui
1022 712 1075 767 boo
1088 729 1143 767 nou
1156 717 1208 777 est,
1231 712 1337 767 rerolri
1350 729 1401 783 per
1414 730 1509 767 neces·

100 788 258 847 uitatem
272 794 391 865 regulae
405 792 471 846 fulsi
485 793 520 846 66
535 793 645 846 eosdem
658 788 793 857 numeros,
809 793 855 864 qui
869 799 952 848 erant
965 793 993 847 in
1006 810 1138 863 processu
1153 792 1245 864 priori,
1265 794 1313 846 sed
1328 800 1373 848 est
1387 793 1509 848 invenire

102 869 254 937 iterum,
278 875 349 945 quod
363 872 442 927 initio
456 887 598 942 posueras.
636 873 703 928 Cum
717 873 788 927 enim
812 873 840 927 111
854 874 941 945 661166
955 890 1087 944 processu
1110 873 1161 927 661
1183 872 1312 927 mediatio
1334 873 1510 928 arithmetica
1568 891 1571 897 ·

104 950 207 1005 inter
230 954 294 1009 687
316 948 452 1012 613651.
474 944 648 1022 6665261.;
671 955 741 1008 duae
766 953 853 1027 igitur
876 954 1001 1009 diuersae
1026 953 1231 1008 constituuntur
1251 954 1453 1023 proportiones,
1478 960 1509 1007 ut

105 1031 142 1084 in
164 1035 261 1088 omni
274 1034 329 1088 1611
343 1033 515 1097 mediatione,
540 1032 666 1103 superior
679 1035 787 1105 quidem
801 1040 832 1088 et
845 1034 933 1089 minor
948 1034 1005 1090 687
1021 1056 1027 1088 :
1044 1030 1152 1097 5261..
1171 1033 1285 1088 16166166
1298 1050 1363 1088 vero
1378 1041 1408 1089 et
1421 1034 1511 1103 major
1621 1032 1627 1039 “

108 1108 241 1175 5261.
259 1136 266 1168 z
284 1109 393 1178 3651,
410 1130 481 1184 qnae
495 1112 686 1185 perfregulam
700 1114 780 1168 Detri
796 1115 937 1169 translata
950 1114 1003 1169 fuit
1016 1115 1044 1168 in
1059 1114 1206 1169 distantias
1223 1113 1299 1168 1000
1315 1121 1344 1168 61
1358 1114 1426 1170 694.

229 1213 261 1266 16
284 1214 403 1266 secundo
426 1225 565 1281 processu,
590 1212 652 1265 dum
675 1212 786 1281 ponitur
808 1211 943 1266 distantia
956 1212 1055 1267 Martis
1081 1212 1165 1274 1000.
1189 1212 1293 1266 Terrae
1308 1212 1375 1277 694,
1399 1211 1511 1281 6661166

112 1290 237 1361 igitur
260 1293 334 1346 inter
356 1291 505 1346 distantias
518 1291 617 1346 1166116
640 1300 670 1346 61
683 1292 785 1346 Terrae
809 1292 995 1362 proportionis
1009 1292 1182 1386 periodorum
1199 1293 1371 1347 arithmetice
1387 1292 1510 1346 bisectae
1564 1341 1567 1347 .
1681 1284 1684 1290 Δ

113 1388 208 1442 pars
228 1372 350 1435 inferior,
375 1366 587 1432 661116615261
606 1391 612 1425 :
629 1366 733 1432 3651..
768 1373 823 1426 illa
837 1390 902 1426 sero
917 1374 1084 1428 transfertur
1102 1366 1130 1426 in
1145 1373 1214 1427 alios
1229 1390 1364 1437 numeros,
1389 1390 1426 1427 sc.
1443 1372 1510 1436 687,

63 1506 68 1519 ,
117 1452 532 1523 477,666·666616611)6161.
571 1452 683 1524 Siergo
706 1453 988 1524 666666611666687
1004 1474 1011 1507 z
1028 1446 1120 1512 3651.
1147 1454 1258 1509 auferas
1281 1451 1511 1524 partemdirisae

89 1548 96 1557 ’
121 1533 327 1587 arithmetice
341 1533 505 1594 inferiorem,
526 1532 696 1603 applicatam
709 1540 802 1587 tamen
827 1534 942 1593 termino
966 1534 1101 1603 superiori
1116 1532 1182 1599 687,
1207 1534 1325 1606 relinqui
1340 1550 1453 1588 necesse
1468 1539 1513 1587 est

122 1612 274 1681 ejusdem
294 1620 403 1683 partem
417 1611 593 1682 superiorem,
617 1613 691 1683 apud
705 1613 851 1668 terminum
874 1612 1039 1679 inferiorem,
1062 1614 1169 1668 scilicet
1182 1612 1240 1668 477
1257 1628 1263 1669 :
1281 1609 1386 1674 3651..
1429 1611 1511 1675 Quali

124 1692 376 1764 transpositione,
399 1698 432 1746 61
456 1692 547 1746 obiter
569 1710 701 1757 moneam,
725 1710 792 1747 usus
816 1710 875 1747 sum
896 1694 981 1748 etiam
1003 1695 1032 1748 in
1055 1693 1226 1767 digressione
1249 1694 1365 1765 politica
1380 1694 1510 1749 6616616

126 1773 213 1828 libri
227 1774 276 1828 111.
290 1774 525 1828 Harmouieorum.
563 1774 649 1844 Atqui
672 1791 723 1845 per
735 1773 817 1828 Detri
840 1775 981 1828 1661161616
1001 1774 1055 1828 tuit
1077 1774 1148 1828 11666
1168 1775 1311 1845 proportio
1334 1774 1362 1829 in
1383 1790 1510 1828 numeros

131 1854 231 1921 61166,
251 1854 327 1909 1306
343 1875 349 1907 :
370 1851 453 1909 1000.
483 1853 575 1915 Quare
590 1871 649 1908 cnm
664 1855 734 1908 idem
748 1870 876 1908 numerus
893 1856 968 1909 1000
989 1854 1027 1908 611
1040 1854 1068 1908 16
1081 1860 1199 1926 utraque
1220 1860 1301 1926 parte
1315 1853 1510 1926 proportionis,

132 1934 277 2005 66661166
291 1933 386 2004 igitur,
409 1940 443 1988 ut
455 1932 528 1987 inter
541 1936 608 1988 duos
623 1934 752 1989 terminos
767 1935 890 2003 ejusdem
905 1934 1002 1999 socios,
1027 1935 1099 1989 inter
1117 1952 1155 1988 66.
1171 1934 1230 1990 694
1248 1934 1336 2006 661616
1351 1943 1509 2001 assumtum,
1622 1980 1630 1989 .

135 2022 176 2068 et
196 2014 275 2069 1306
300 2014 396 2068 ultimo
418 2012 605 2079 constitutum,
630 2015 707 2069 facta
729 2015 767 2068 sit
788 2014 918 2069 mediatio
942 2015 1119 2069 arithmetica
1141 2031 1191 2085 per
1217 2016 1302 2069 1000.
1345 2015 1416 2078 Quia
1440 2031 1511 2086 quae

138 2094 228 2164 prius
244 2093 398 2158 16166687,
422 2087 513 2152 36511
530 2102 593 2148 6661
605 2111 672 2165 pars
687 2094 807 2159 inferior,
832 2112 869 2149 66.
886 2091 995 2159 5261,
1020 2090 1130 2159 36511,
1159 2111 1194 2149 66
1206 2095 1252 2150 1116
1265 2093 1371 2149 rursu'm
1387 2101 1512 2149 assumta

138 2174 206 2228 fuit
220 2190 286 2244 pars
300 2173 414 2228 inferior
429 2175 514 2239 1000,
530 2175 597 2239 694,
613 2190 765 2246 quaerero
780 2174 818 2229 ibi
831 2191 897 2244 pars
912 2176 1046 2246 superior,
1063 2193 1100 2230 sc.
1117 2173 1183 2239 687,
1200 2169 1290 2235 5261.
1316 2170 1425 2243 (eadem
1440 2175 1512 2229 enim

142 2262 205 2317 est,
229 2254 372 2325 6666477
388 2268 395 2312 :
411 2248 540 2321 3651),
564 2271 600 2308 66
620 2256 664 2309 hic
687 2272 793 2310 rursum
817 2255 944 2327 superior
967 2257 1121 2311 constituta
1143 2254 1203 2319 fuit,
1228 2255 1288 2310 scil.
1308 2255 1510 2311 130611000.

145 2335 182 2389 81
196 2334 272 2389 inter
287 2332 363 2389 1306
378 2341 408 2388 61
422 2335 673 2390 694666611161661
697 2336 750 2389 fuit
772 2335 888 2390 medium
911 2335 1114 2391 arithmeticum
1131 2336 1216 2399 1000,
1241 2353 1353 2390 6666666
1368 2343 1414 2390 661
1436 2336 1512 2390 diffe-

144 2414 258 2469 rentias
280 2415 412 2485 aequales
433 2415 551 2485 prodire,
576 2432 612 2469 sc.
637 2415 765 2486 utrinque
781 2414 847 2469 306.
885 2415 1049 2471 sufficiebat
1062 2416 1156 2487 igitur,
1179 2416 1357 2486 proposuisse
1372 2416 1514 2471 facerent

149 2492 246 2554 5261.
262 2496 298 2548 66
313 2494 370 2549 687
386 2490 535 2558 613651,
560 2495 600 2549 616
616 2497 692 2550 1000
707 2498 742 2550 66
756 2497 824 2549 6666
840 2495 925 2549 alios:
949 2497 975 2550 id
993 2513 1045 2567 per
1059 2495 1210 2565 simplicem
1222 2495 1303 2549 Detri
1317 2497 1397 2552 fieret
1411 2512 1447 2550 an
1462 2513 1512 2567 per

150 2574 238 2638 16161,
264 2574 378 2644 perinde
398 2582 469 2629 erat.
509 2576 620 2630 Certum
642 2576 713 2630 enim
734 2584 803 2640 erat,
836 2575 974 2631 minimum
996 2576 1142 2631 terminum
1162 2575 1333 2646 proditurum
1350 2576 1423 2641 ,694,
1448 2577 1514 2647 6616

151 2654 238 2709 etiam
253 2655 281 2708 in
295 2654 381 2723 primo
394 2671 527 2725 processu
539 2656 627 2710 debat
640 2662 672 2710 ut
687 2650 778 2716 5261
795 2659 830 2712 66
845 2650 937 2716 3651.
959 2656 998 2712 616
1015 2658 1089 2711 1000
1104 2657 1139 2709 66
1154 2656 1221 2712 694.

172 2786 173 2791 ,
234 2735 347 2791 Interim
372 2736 569 2799 animadverte,
595 2739 666 2807 quod
686 2737 738 2791 1166
761 2737 926 2810 imaginario
944 2753 1077 2791 concursu
1091 2736 1222 2791 turbatus
1237 2730 1338 2805 (veluti
1352 2734 1399 2806 qui
1412 2738 1514 2790 dextra

154 2815 296 2870 sinistram
310 2816 418 2869 nescius
443 2818 470 2871 in
485 2817 607 2871 tenebris
629 2818 766 2890 contingit
788 2826 818 2872 et
831 2815 978 2884 horrescit)
994 2816 1180 2872 aberraverim
1203 2833 1222 2871 6
1241 2816 1392 2887 666666116,
1417 2817 1513 2871 volens

155 2897 272 2950 eandem
284 2895 417 2949 virtutum
430 2898 636 2967 proportionem
650 2898 778 2968 probare,
796 2914 867 2968 quae
882 2905 959 2952 esset
972 2896 1178 2959 distantiarum
1201 2912 1262 2951 cum
1275 2901 1367 2950 tamen
1382 2896 1514 2951 virtutum

155 2976 199 3031 hic
212 2975 417 3047 proportionem
430 2978 561 3032 minorem·
575 2984 705 3041 statuam,
720 2976 819 3032 Martis
834 2977 892 3032 6611.
912 2979 996 3043 1000,
1012 2979 1116 3033 Terrae
1132 2976 1224 3040 1306,
1246 2976 1437 3031 distantiarum
1456 2994 1514 3032 166·

150 3056 251 3124 jurem,
272 3056 371 3112 1166116
395 3058 480 3121 1000,
502 3058 606 3112 Terrae
621 3058 687 3122 694,
709 3057 808 3112 1616661
820 3076 887 3113 sero
901 3061 998 3114 eadem
1011 3057 1140 3129 utrinque
1154 3057 1305 3129 proportio,
1320 3057 1343 3112 si
1357 3075 1412 3113 non
1426 3055 1514 3112 arith·

156 3137 264 3200 notice,
279 3138 328 3190 sed
341 3138 509 3209 geometrice
523 3138 692 3193 mediassem.

236 3216 322 3271 Nimis
345 3218 435 3272 166116
455 3220 489 3272 66
510 3218 563 3272 hoo
585 3235 730 3289 processu;
755 3218 929 3289 sepeliendus
949 3219 1020 3272 enim
1034 3225 1079 3274 est
1102 3237 1157 3274 nou
1170 3235 1266 3273 errans
1288 3224 1406 3283 tantum,
1430 3219 1478 3271 sed
1493 3216 1517 3273 61

156 3298 242 3352 etiam
255 3298 340 3368 plane
354 3298 479 3369 legitime
493 3301 638 3369 procedat;
662 3299 728 3370 quia
746 3300 888 3369 proportio
912 3299 1085 3369 periodorum
1105 3305 1218 3355 nonest
1232 3299 1318 3370 dupla
1331 3298 1516 3369 proportionis

156 3378 350 3433 distantiarum
363 3379 522 3444 mediarum,
544 3381 592 3433 sed
606 3378 806 3450 perfectissime
819 3387 850 3434 et
870 3380 1074 3435 absolutissime
1098 3379 1439 3451 ejusdem'sesquialtera:
1463 3379 1516 3433 hoc

156 3465 210 3522 est,
234 3459 258 3512 si
281 3467 450 3530 quaerantur
472 3459 578 3514 radices
602 3460 715 3514 cubicae
739 3477 776 3514 ex
799 3460 977 3530 planetarum
998 3460 1167 3532 temporibus
1189 3459 1343 3532 periodiois,
1368 3458 1470 3515 61687
1487 3465 1517 3513 61

158 3538 268 3604 3661,
292 3545 322 3593 61
343 3539 398 3594 bae
420 3540 527 3594 radices
550 3540 768 3611 multiplicentur
783 3542 932 3610 quadrato:
956 3547 1023 3596 tunc
1043 3541 1070 3595 in
1086 3540 1228 3613 quadratis
1252 3541 1295 3595 his
1310 3539 1429 3593 numeris
1443 3538 1517 3594 inest

158 3616 313 3673 certissima
331 3620 472 3689 proportio
486 3621 748 3675 semidiametrorum
763 3620 877 3674 orbium.
915 3620 1013 3675 Perflui
1027 3638 1093 3675 1666
1116 3628 1234 3692 possunt
1247 3620 1424 3691 operationes
1444 3619 1517 3675 istae

158 3698 250 3763 facile,
273 3700 317 3753 rel
332 3717 382 3770 per
396 3701 523 3755 tabulam
537 3703 666 3759 cuborum
681 3699 778 3764 Clarii,
798 3717 869 3771 quae
885 3701 997 3771 adjecta
1010 3707 1055 3755 est
1068 3701 1129 3771 ejus
1146 3701 1338 3765 ,Geometriae
1352 3699 1515 3755 Prastioae“

161 3778 221 3845 (lib.
237 3774 338 3847 vui),
353 3780 400 3834 rel
414 3781 498 3852 longe
513 3781 621 3835 facilius
636 3798 686 3852 per
700 3780 882 3851 lugarithmos
897 3781 1000 3851 Nepesi
1014 3781 1131 3836 Baronis
1145 3781 1220 3836 Sooti
1234 3780 1288 3835 sio:
1312 3780 1519 3853 Prolougentnr

157 3858 246 3913 nostri
267 3860 372 3914 numeri
394 3877 445 3930 pro
459 3861 627 3916 necessitate
650 3867 679 3915 et
700 3861 900 3925 commoditate,
925 3867 958 3914 nt
971 3860 1027 3916 sint
1041 3861 1138 3917 68700
1154 3860 1309 3925 6136526,
1333 3877 1384 3914 666
1400 3859 1460 3929 jam
1475 3876 1518 3914 se·

158 3955 278 4074 61666166
296 3955 427 4032 summam
450 3941 648 3997 subtilitatem:
672 3940 848 4013 Logaritbmi
870 3957 965 3996 eorum
986 3948 1053 3996 sunt
1072 3959 1110 3996 ex
1125 3942 1236 3997 Conone
1250 3940 1353 4012 Neperi
1368 3939 1466 3996 37543
1489 3946 1520 3994 61

299 4021 416 4076 61661166.
734 4048 738 4057 ’

238 4118 342 4173 Horum
364 4126 461 4189 partes
484 4119 585 4174 tertiae
610 4119 954 4176 6661125146133572.
996 4121 1035 4175 Et
1056 4119 1154 4173 harum
1172 4118 1265 4189 dupla,
1289 4116 1400 4172 illarum
1423 4117 1518 4171 besses
1611 4125 1617 4136 ·

160 4197 257 4253 25029
281 4198 432 4267 6167114,
456 4215 529 4271 quae
550 4199 686 4254 exhibent
708 4200 870 4255 1616661666
893 4218 1019 4255 numeros
1039 4199 1122 4253 hosce
1139 4198 1236 4254 77858
1251 4193 1402 4252 6151097.
1444 4197 1520 4249 16166

159 4279 210 4332 bos
234 4285 279 4333 est
298 4280 441 4350 proportio
465 4280 570 4335 orbium
584 4280 684 4335 1166116
708 4288 738 4335 61
751 4281 879 4335 Telluris.
923 4273 1133 4352 Transponatur
1155 4279 1227 4333 enim
1241 4276 1382 4349 proportio
1406 4276 1433 4330 in
1449 4275 1519 4329 alios

159 4375 294 4423 numeros,
318 4361 458 4414 61661111
472 4360 569 4416 51097
585 4363 620 4415 66
637 4362 765 4426 100000,
788 4360 988 4417 6167786866
1007 4358 1137 4423 152373,
1162 4375 1233 4429 6666
1254 4357 1519 4429 61666661666611·

160 4447 205 4493 tas
228 4439 371 4494 mediocris
392 4440 541 4497 distantiae
559 4441 667 4505 Martis,
692 4441 812 4513 qualium
837 4442 924 4495 Terra
944 4441 1043 4497 68616
1058 4439 1146 4494 distat
1162 4438 1286 4493 100000.
1330 4438 1449 4492 Causam
1472 4453 1521 4490 cur

159 4537 214 4574 non
228 4520 266 4574 sit
278 4521 365 4590 dupla
377 4522 519 4592 proportio
538 4522 712 4594 periodorum
730 4523 765 4574 ad
779 4522 985 4591 proportionem
999 4520 1113 4595 orbium,
1138 4520 1187 4573 sed
1210 4519 1311 4573 saltem
1326 4516 1520 4589 sesquialtera,

117 4658 119 4661 ,
160 4599 282 4655 iuvenies
296 4600 467 4671 explicatam
480 4602 508 4657 in
520 4603 596 4673 Epit
611 4606 686 4656 Astr.
702 4600 750 4655 lib.
766 4602 812 4656 IV.

239 4682 300 4736 Hoc
322 4681 410 4753 igitur
432 4684 552 4738 aiterum
573 4689 604 4737 et
625 4679 893 4753 praestantissimum
926 4680 1034 4750 quidem
1056 4685 1193 4733 secretum
1220 4678 1337 4733 auctarii
1365 4679 1426 4732 loco
1449 4694 1521 4732 nunc

161 4763 276 4816 accedat
290 4761 431 4832 Mysteriis
446 4764 522 4818 hisce
537 4760 792 4835 cosmographicis:
824 4777 877 4831 quo
896 4760 925 4814 in
939 4761 1041 4830 vulgus
1063 4759 1211 4814 enunciato
1235 4759 1314 4813 lubet
1327 4776 1399 4814 nuuc
1413 4759 1521 4813 unirer·

47 4888 51 4896 .
162 4859 216 4906 sos,
239 4848 298 4897 tam
312 4843 469 4916 theologos,
493 4860 575 4915 quam
589 4843 769 4915 philosophos
793 4842 871 4897 elata
884 4857 952 4895 voce
977 4842 1011 4894 ad
1026 4858 1169 4896 censuram
1189 4839 1328 4912 dogmatis
1341 4839 1523 4895 Aristarchiui

162 4939 323 4979 6611166666.
363 4923 510 4981 Attendite
529 4924 582 4980 riri
602 4923 812 4997 religiosissimi,
834 4921 1047 4994 profundissimi,
1069 4921 1230 4978 doctissimi:

215 5016 420 5067 [modowal-
1277 5016 1310 5069 12
