3609 5634
745 334 828 398 capue
846 335 865 383 ¹·
1440 335 1502 404 tls
1583 392 1587 402 .

120 492 221 555 citata
247 493 379 576 iusuper
393 494 539 568 mutabili,
551 493 578 567 ΙΙ)
603 493 762 572 tripliciter
782 493 867 554 nobis
882 492 1117 557 considerandus
1138 505 1195 558 est.
1211 495 1234 570 ¹)
1272 495 1363 560 initio
1386 489 1503 562 remota

120 583 420 657 ecceutrieitatelk
444 583 526 644 orbis
543 582 636 661 igitur
657 581 705 642 hic
724 589 882 662 motusque
902 580 1014 643 'l’errac
1029 583 1085 644 has
1101 585 1329 648 commoditates
1345 597 1502 667 praestat:

120 671 203 752 quod
231 690 300 733 non
324 671 491 751 indigemus
515 670 612 732 tribus
641 669 817 731 eceentricis
845 669 875 730 in
903 669 1025 731 usitatis
1055 671 1287 751 hypothesibus,
1319 674 1384 738 scil.
1410 675 1501 752 Solis,

119 759 265 822 Veneris
294 769 327 822 et
348 759 500 821 Mercurii.
537 759 617 840 Nam
640 775 694 841 pro
719 777 764 827 eo,
790 758 874 838 quod
890 758 984 819 Terra
1006 758 1088 820 circa
1110 760 1166 822 hos
1190 771 1253 824 tres
1276 763 1418 842 planetas
1442 765 1502 827 cir-

120 847 344 924 cumvehitur,
378 848 538 910 terricolae
567 846 743 909 existimant
771 854 835 908 tres
864 846 932 908 illos
961 847 1042 908 circa
1065 866 1098 908 se
1122 849 1289 912 immobiles
1313 851 1503 914 circumvehi.

123 935 177 997 Sic
204 955 249 998 ex
276 953 338 1000 uno
362 945 443 998 motu
467 943 531 998 tres
557 934 680 997 iaciunt.
728 933 817 1005 Quod
846 934 871 995 si
900 935 1002 1014 plures
1031 946 1135 999 essent
1164 939 1272 1000 stellae
1297 939 1378 1002 iutra
1401 941 1505 1005 orbem

120 1025 262 1100 Terrae,
298 1025 434 1104 pluribus
462 1025 554 1085 etiam
578 1024 655 1085 hunc
677 1031 790 1085 motum
819 1022 1015 1085 ascriberent.
1064 1023 1203 1087 Cadunt·
1218 1028 1309 1089 etiam
1343 1028 1399 1089 hoc
1432 1031 1503 1092 orbe

121 1114 233 1193 posito
260 1123 329 1177 tres
348 1114 449 1192 magni
464 1112 599 1195 epicyeli,
616 1109 758 1184 Saturni,
784 1111 881 1184 Joris,
907 1122 939 1174 et
953 1112 1073 1187 Martis,
1097 1133 1278 1178 cumeorum
1294 1117 1448 1179 motibus)
1469 1119 1504 1180 ld

123 1203 291 1280 quomodo
307 1201 436 1275 accidat,
460 1201 490 1262 in
506 1201 656 1282 adjunctis
670 1200 825 1279 parallelis
840 1201 1043 1263 schematibus
1067 1202 1161 1264 videri
1184 1211 1286 1283 potest
1310 1203 1368 1278 (10
1384 1216 1416 1268 et
1437 1204 1503 1281 11),

125 1309 255 1352 rursum
283 1290 372 1364 sulm,
397 1288 467 1370 quia
490 1290 585 1351 Terra
608 1288 637 1350 in
661 1297 825 1369 conspectu
849 1288 975 1351 Saturni
999 1291 1101 1369 (qnasi
1124 1292 1316 1371 quiescentis,
1344 1296 1413 1375 quia
1435 1289 1526 1356 tar-'

122 1379 195 1441 dior
222 1382 294 1453 est)
318 1380 346 1440 iu
371 1379 443 1441 orbe
466 1397 520 1439 suo
544 1378 694 1452 circumit,
720 1399 739 1438 a
762 1376 895 1439 Saturno
919 1378 1063 1439 recedens
1087 1389 1119 1441 et
1141 1383 1303 1458 accedens,
1329 1382 1504 1445 existimant

125 1467 269 1540 incolae,
294 1467 457 1529 Saturnum
482 1467 510 1526 in
534 1466 668 1548 epicyelo
692 1485 746 1527 suo
770 1466 934 1540 circumire,
960 1467 1114 1541 accedere,
1140 1470 1295 1545 recedere,
1320 1490 1354 1533 se
1377 1490 1449 1534 vero
1473 1470 1503 1533 in

124 1567 240 1618 centro
268 1554 350 1617 orbis
373 1555 419 1616 sui
444 1555 607 1634 quiescere.
656 1553 806 1617 Circnlnrn
831 1555 922 1634 igitur
945 1555 1001 1616 AB
1027 1555 1092 1634 (lig.
1120 1555 1175 1631 10)
1204 1567 1312 1638 putant
1339 1580 1408 1622 esse
1436 1561 1501 1639 epi·

125 1646 238 1726 cyclos
266 1664 303 1723 g,
328 1643 356 1716 i,
381 1644 390 1704 l
414 1645 478 1721 (lig.
507 1640 569 1716 11).
616 1640 693 1703 Item
721 1651 846 1723 propter
869 1643 998 1706 Telluris
1026 1644 1104 1707 hunc
1132 1648 1259 1708 eundern
1283 1667 1438 1710 accessum
1462 1648 1502 1709 ad

149 4151 291 4231 planetas
315 4155 347 4210 et
368 4165 518 4210 recessum
542 4144 571 4207 in
596 4144 667 4206 orbe
691 4161 745 4205 sno
775 4142 916 4204 videntur
944 4138 1030 4201 nohis
1057 4137 1142 4218 ipsae
1167 4138 1293 4217 quinque
1316 4131 1507 4212 planetarum

152 4238 326 4302 latitudines
350 4237 480 4317 aliquam
505 4234 684 4296 varietatem
708 4232 864 4311 accipere;
889 4247 979 4309 quam
1003 4227 1191 4289 librationem
1215 4233 1249 4286 ut
1272 4222 1407 4283 salvaret
1429 4219 1506 4279 Pto·
1602 4229 1607 4238 ‘

153 4330 299 4402 lemaeus,
329 4343 453 4387 necesse
478 4324 534 4403 ipsi
557 4322 615 4384 fuit
638 4322 766 4402 quinque
790 4320 867 4381 alios
890 4326 990 4380 motus
1014 4321 1163 4389 statuere,
1197 4312 1246 4392 qui
1274 4318 1377 4372 omnes
1407 4307 1507 4387 posito

152 4416 239 4479 unico
263 4414 391 4476 Telluris
413 4420 494 4475 motu
517 4411 640 4473 cadunt.
672 4483 674 4486 ⁸

240 4504 284 4566 m
304 4502 438 4583 quamvis
461 4500 492 4563 hi
511 4519 613 4561 omnes
631 4505 740 4570 motus,
765 4494 901 4557 undecim
921 4509 1053 4566 nurnero,
1078 4488 1217 4552 emunda
1238 4484 1428 4548 exterminati
1447 4482 1509 4546 sint

153 4593 317 4657 substituto
344 4591 401 4653 hoc
429 4589 515 4652 unico
538 4589 649 4650 Terrae
682 4592 782 4654 motu,
817 4581 1006 4644 nihilominus
1037 4578 1133 4640 adhuc
1162 4576 1287 4638 aliarum
1313 4574 1508 4656 plurimarum

153 4695 250 4748 rerum
279 4697 389 4743 causae
417 4678 594 4747 redduntur,
628 4694 702 4757 quas
724 4672 920 4735 Ptolemaeus
948 4687 986 4731 ex
1013 4675 1077 4729 taur
1105 4665 1207 4729 multis
1230 4664 1360 4727 motibus
1382 4663 1507 4726 reddere

153 4781 212 4835 non
234 4769 343 4853 potuit.

240 4857 321 4924 Nam
343 4855 439 4940 primo
462 4875 482 4918 a
503 4854 678 4918 Ptolemaeo
702 4850 805 4940 quaeri
831 4847 948 4929 potuit,
977 4846 1028 4930 qui
1054 4845 1127 4923 liat,
1157 4843 1235 4927 quod
1264 4839 1423 4906 eccentriei
1444 4847 1508 4901 tres

510 4967 512 4972 ,
1254 4946 1297 4999 8,
