3609 5634
740 401 901 454 nomm
1432 403 1497 473 293

101 569 139 615 so
164 555 344 641 narrisch,
374 561 448 624 dass
470 561 647 625 deroselhen
669 581 706 624 zu
728 563 808 626 ihrer
821 562 1094 625 selhstFrommen
1117 563 1201 626 disse
1217 563 1280 626 alte
1298 567 1496 647 versttndige

100 642 247 719 Mutten
291 648 353 712 die
379 650 577 718 Astrouomia
605 651 698 732 durch
722 651 775 715 der
787 651 930 714 ‘Pochter
952 652 1199 735 Narreuteyoug,
1231 654 1299 715 weil
1328 654 1372 716 sie
1395 657 1495 722 zumal

99 732 185 794 auch
221 735 330 799 einen
359 739 481 824 Spiegel
508 741 575 815 hat,
609 761 664 802 nur
691 740 927 820 eingeschwatzt
953 741 1013 802 rud
1042 741 1218 821 eingelogen
1246 743 1366 805 werden
1399 762 1491 809 muas.

99 821 178 884 Vnd
206 827 325 907 aeynd
353 835 477 891 sonsteu
501 829 554 890 der
576 830 862 891 Mathematicornm
889 828 1003 891 salaria
1026 849 1060 890 so
1084 829 1212 891 seltzam
1234 832 1295 891 ind
1319 850 1353 893 so
1377 833 1492 913 gering,

98 909 179 972 dass
206 912 267 975 die
297 917 424 981 Mutter
446 917 615 997 geuisslieh
640 919 762 998 Hunger
784 918 890 998 leyden
916 925 1044 992 mdeste,
1074 936 1138 979 wan
1164 918 1212 980 die
1236 918 1369 981 Tochter
1392 922 1494 984 nichts

100 1002 254 1065 erwdrbe
285 1005 352 1069 duc.
379 1005 499 1086 (Comp.
525 1006 630 1069 librum
654 1006 705 1067 do·
715 1006 814 1068 Stella
838 1025 917 1069 nova
940 1005 1016 1085 Cap.
1041 1006 1111 1069 ΧΠ.
1137 1007 1193 1069 sub
1216 1007 1304 1069 finem
1332 1016 1364 1070 et
1387 1016 1492 1072 annot.

101 1097 258 1154 nostram
285 1094 377 1157 infra
400 1102 573 1176 sequentem
596 1096 669 1157 Nro.
697 1093 764 1169 10.)
809 1095 896 1165 Etsi,
927 1103 960 1156 nt
983 1096 1057 1156 haec
1081 1103 1235 1157 testantur
1254 1096 1364 1170 verba,
1388 1098 1494 1178 priva·

102 1178 165 1241 tim
193 1188 232 1243 et
258 1183 393 1262 publice
417 1204 473 1246 nnn
494 1184 621 1246 multum
637 1184 789 1246 tribuebat
802 1184 953 1262 Keplerns
972 1184 1169 1263 astrologiae,
1195 1185 1233 1245 ob
1253 1203 1306 1247 eas
1320 1204 1396 1270 quas
1411 1186 1493 1250 dixi·

102 1285 176 1329 mus
208 1288 345 1335 causas
377 1291 453 1354 quae
477 1268 585 1335 rationi
618 1274 715 1334 minus
738 1273 889 1334 contraria
920 1272 1094 1334 viderentur
1120 1279 1158 1333 ex
1191 1273 1244 1335 illa
1267 1272 1427 1349 desumsit,
1462 1282 1494 1336 et

105 1356 169 1420 sibi
195 1355 267 1438 ipsi
302 1362 433 1442 aliisque
464 1362 634 1440 acceptiora
662 1361 786 1423 reddere
813 1361 927 1440 passim
951 1369 1079 1423 conatus
1100 1370 1150 1422 est
1177 1379 1243 1423 cum
1266 1361 1363 1424 literis
1386 1363 1492 1443 priva·

104 1445 161 1520 tis,
189 1455 266 1511 tum
295 1451 386 1513 libris
410 1451 439 1511 in
461 1451 568 1526 vulgus
592 1450 691 1519 editis.
716 1450 875 1529 praecipue
898 1449 972 1523 illis,
1003 1468 1077 1530 quos
1101 1469 1192 1531 supra
1215 1450 1354 1521 diximus,
1377 1452 1492 1514 Astro-

104 1535 220 1616 logiae
248 1539 479 1613 fundamentis,
508 1539 584 1601 libro
608 1538 646 1600 de
670 1539 761 1600 stella
783 1538 852 1601 anni
878 1534 963 1603 1604
987 1546 1019 1600 et
1041 1538 1143 1600 Tertio
1175 1539 1410 1603 Interveniente.
1456 1541 1493 1602 In

107 1624 219 1687 literis
246 1629 401 1708 privatis,
426 1628 586 1708 praecipue
609 1626 661 1715 iis,
677 1645 752 1708 quas
775 1628 813 1688 ad
837 1627 1020 1689 Davidem
1043 1627 1249 1690 Fabricium
1272 1628 1364 1703 dedit,
1396 1630 1493 1692 multa

107 1713 400 1792 deprehendimus,
422 1736 498 1796 quae
521 1716 578 1778 huc
599 1716 764 1797 pertinent,
790 1735 879 1797 qnam
902 1717 941 1778 nb
964 1735 1028 1778 rem
1051 1717 1107 1777 has
1127 1713 1319 1779 calendariis
1342 1719 1491 1796 praemit·

107 1803 214 1863 tenda
241 1824 419 1868 censemus.
467 1803 543 1868 Cum
566 1811 666 1866 autem
689 1804 718 1865 in
743 1803 803 1866 illis
827 1805 906 1866 sicut
929 1805 1023 1866 etiam
1045 1805 1075 1865 in
1100 1803 1290 1867 Calendariis
1318 1806 1415 1867 multa
1441 1808 1490 1868 in·

109 1892 190 1966 aiut,
219 1911 309 1973 quae
334 1914 411 1957 nnnc
434 1895 498 1957 sine
514 1893 712 1973 explicatione
729 1911 818 1972 aegre
832 1894 1055 1973 intelligantur,
1079 1893 1127 1955 his
1142 1894 1195 1955 illa
1212 1893 1393 1955 illustranda
1411 1901 1490 1957 sunt

152 1972 159 1982 ⁸
211 1981 383 2062 Astrologi
407 1984 528 2065 qnidam
552 1983 715 2044 horizontis
739 1982 881 2045 circulum
905 1982 934 2043 in
962 1980 1003 2044 12
1018 1982 1161 2063 aequales
1185 1990 1289 2061 partes
1314 1982 1489 2055 diviserunt,

113 2067 208 2132 initio
237 2072 328 2134 iacto
353 2093 371 2132 a
393 2079 503 2153 puncto
527 2072 653 2133 orientis
676 2070 758 2133 Solis
782 2070 967 2152 aequinoctii·
992 2079 1138 2149 tempore.
1187 2069 1299 2133 Circuli
1328 2072 1491 2134 verticales

113 2176 174 2239 per
198 2160 391 2223 divisionum
418 2167 530 2242 puncta
556 2159 687 2221 traducti
718 2165 815 2221 totum
838 2159 914 2221 coeli
943 2160 1196 2239 hemisphaerium
1224 2160 1253 2221 in
1286 2157 1326 2221 12
1355 2168 1490 2222 sectores

116 2247 283 2324 dividunt,
310 2270 386 2329 quas
409 2251 535 2312 domos
558 2249 708 2310 coelestes
731 2255 850 2310 vocant.
898 2247 961 2310 Alii
984 2248 1173 2310 constituunt
1199 2248 1255 2309 has
1279 2249 1385 2310 domus
1408 2249 1489 2310 diri·

117 2331 228 2398 der'rdo
255 2340 414 2401 zodiacum
442 2358 498 2421 per
525 2337 652 2398 circulos
681 2337 886 2406 latitudinum,
921 2336 973 2398 alii
1002 2336 1164 2398 dividendo
1196 2345 1405 2416 aequatorem,
1438 2337 1490 2398 alii

119 2424 263 2507 denique
294 2427 436 2490 circulum
458 2426 636 2488 verticalem
663 2443 717 2505 per
741 2432 838 2487 ortum
861 2433 894 2486 et
916 2443 1057 2487 occasum
1082 2425 1333 2505 aequinoctialem
1357 2425 1489 2489 ductum.

119 2513 406 2578 Deuominationes
430 2524 463 2578 et
485 2515 721 2594 significationes
744 2514 848 2575 harum
864 2513 1048 2588 ‚,domuuru“
1072 2515 1128 2574 hae
1143 2521 1213 2575 sunt
1228 2513 1392 2576 secuudum
1407 2512 1492 2577 Ori·

121 2621 298 2683 ganum:
327 2607 349 2669 1.
374 2604 552 2667 moendens
583 2622 636 2665 sen
660 2604 868 2682 Horoscopus;
898 2603 1003 2664 domus
1027 2602 1118 2663 vitae.
1168 2603 1206 2664 ll.
1232 2603 1413 2664 Diuitiarum
1436 2621 1489 2664 sen

120 2701 239 2771 portae
263 2693 418 2756 internae:
454 2694 508 2756 lli.
533 2694 673 2755 Fratrum
695 2711 749 2754 seu
772 2710 917 2764 sororum,
934 2711 987 2753 sen
1007 2690 1117 2754 divina.
1165 2692 1221 2753 IV.
1245 2691 1419 2764 Parentum,
1437 2709 1490 2753 seu

122 2780 225 2844 imum
241 2783 328 2845 coeli.
377 2784 417 2844 V.
442 2782 627 2854 Liberorum,
645 2799 697 2842 seu
711 2781 793 2842 bona
807 2780 937 2843 fortuna.
977 2781 1032 2842 VI.
1059 2780 1260 2854 Valetudinis,
1276 2779 1490 2853 ministrorum,

125 2870 308 2934 animalium
332 2871 572 2944 domesticorum,
598 2889 651 2931 seu
674 2870 756 2931 mala
770 2870 899 2931 lomuna.
948 2868 1019 2930 v11.
1045 2866 1194 2948 Gonjugii,
1220 2888 1272 2930 seu
1291 2870 1382 2932 cardo
1406 2867 1489 2930 oeci·

127 2957 278 3023 dentalis.
326 2959 409 3021 VIII.
434 2959 552 3033 Mortis,
578 2977 631 3020 sen
650 2976 780 3038 superna
794 2965 892 3037 porta.
939 2957 995 3019 IX.
1016 2956 1195 3035 Religionis,
1221 2957 1410 3031 somniorum,
1435 2955 1489 3018 iti·

126 3065 247 3124 nerum,
273 3069 326 3111 seu
341 3048 435 3110 Deus.
473 3048 513 3111 X.
537 3048 631 3110 Vitae
650 3065 745 3127 genus
760 3055 909 3121 natorum,
935 3066 988 3109 seu
1003 3046 1132 3108 medium
1147 3046 1233 3108 coeli.
1280 3046 1336 3109 XI.
1360 3044 1489 3107 Auricu-

127 3155 208 3207 rum‚
235 3157 288 3199 seu
302 3139 398 3200 bonus
412 3137 527 3216 genius.
568 3137 638 3198 ΧΠ.
663 3135 861 3210 Inimicornm,
885 3154 939 3197 seu
953 3135 1051 3198 malus
1066 3134 1181 3214 genius.
1229 3133 1351 3198 Gradus
1365 3133 1488 3214 eclipti-

129 3242 186 3286 cae
224 3227 422 3288 meridianum
463 3243 613 3305 occupans
1011 3240 1058 3290 rta-
1073 3240 1094 3280 ¹·

131 3310 216 3377 cor
253 3313 379 3378 Coeli
415 3321 612 3397 nuncupatur.

132 3399 259 3466 Gradus
311 3403 468 3483 eclipticas
514 3403 613 3465 oriens

131 3490 360 3572 (Horoscopns)
392 3501 524 3572 tempore
556 3492 614 3552 ob-

132 3582 327 3655 servationis,
352 3581 381 3641 in
395 3581 421 3642 Ι.
437 3582 524 3643 domo
548 3580 613 3642 ool-

92 3675 97 3684 '
132 3668 453 3745 locatur„thematis“
472 3687 526 3731 seu
539 3687 613 3743 ‚,ra-

134 3758 248 3834 dicis⁴‘;
261 3778 347 3833 '„cor
361 3757 459 3819 coeli“
484 3759 512 3819 in
526 3758 567 3830 X,
583 3765 615 3819 et
633 3756 679 3810 Ill
701 3831 709 3841 ,
736 3753 749 3781 ⁰

133 3846 222 3909 initia
243 3848 423 3928 reliquarum
448 3847 612 3918 domorum,
640 3863 644 3866 ·

132 3935 163 3998 h.
198 3954 226 3998 e.
264 3935 533 4016 correspondentes
566 3935 613 3995 his

133 4024 247 4100 gradus
283 4026 456 4105 eclipticas,
503 4023 612 4085 inscri-

135 4113 244 4175 buntur
280 4113 405 4193 singulis
443 4112 611 4192 triangulis,
661 4123 678 4181 Ι

135 4220 211 4282 quae
230 4203 366 4283 singulas
380 4207 614 4283 repraesentant
628 4237 636 4250 ,

135 4290 250 4353 domus.

224 4378 382 4456 „Thema“
406 4386 506 4440 autem
534 4376 612 4439 hanc

134 4468 228 4531 habet
249 4470 388 4549 liguram,
421 4485 524 4548 qnam,
559 4484 610 4527 se-
647 4511 677 4569 Π
748 4531 761 4561 0

134 4565 260 4638 quantes
276 4557 440 4637 Keplerum
462 4554 610 4617 sauvita-

134 4653 195 4708 tem
208 4643 476 4709 Walleustenii
499 4652 610 4706 notan·

112 4777 118 4792 .
134 4743 205 4809 tem,
230 4733 445 4797 delinearimus
460 4732 544 4808 (vide
560 4733 609 4794 in·

133 4824 204 4899 ira).
246 4821 457 4902 inscripsimus
465 4835 611 4885 numeros

134 4913 287 4977 domorum
310 4911 436 4992 singulis
450 4910 610 4993 triangulis
