3609 5634
231 264 292 331 rm
608 214 1216 328 ,nmmmwm-

334 428 450 489 modum,
470 431 503 480 ut
520 427 554 478 de
573 425 685 479 cometis
700 431 808 493 septem
829 424 958 496 secundo,
982 426 1015 478 de
1035 423 1189 493 bpianetis
1211 422 1294 478 tertio
1313 430 1387 478 torno
1406 439 1437 476 se
1457 421 1596 476 dicturum

336 505 511 577 polliceatur.
553 509 593 558 At
614 506 749 558 secundus
773 520 827 556 non
850 504 903 556 erit
922 502 1083 567 vendibilis,
1108 520 1168 558 cum
1186 503 1248 573 jam
1270 498 1390 573 plurima
1410 503 1493 572 pars,
1516 502 1596 572 prior

338 604 375 640 sc.
392 587 526 655 impressa
540 594 570 640 et
583 602 654 654 pene
669 585 800 639 absoluta
813 584 858 637 sit.
889 585 934 637 lta
951 584 1125 654 exemplaria
1138 584 1247 638 interes
1260 583 1315 638 situ
1329 582 1468 653 peribunt.
1495 581 1595 652 'lycho

335 666 437 721 alicubi
452 665 535 719 aliter
548 665 679 719 materias
693 664 810 726 ordinat,
832 680 946 732 nempe:

285 744 318 813 5)
338 747 677 817 Progymnasmatum
698 749 774 799 Astr.
789 752 854 797 tom.
873 744 920 801 111.
941 744 975 796 de
989 743 1052 796 aliis
1066 745 1084 797 6
1099 743 1220 797 cometis.
1249 745 1291 797 Ad
1306 743 1379 797 huno
1392 743 1491 797 librum
1505 757 1594 811 appa-

235 861 238 868 ·
335 827 451 882 randum
465 825 601 878 sufficiens
626 826 707 879 adest
729 823 854 886 materia,
875 825 923 876 sed
944 823 1058 877 formam
1073 823 1163 877 wirne
1176 822 1281 877 attilam
1295 824 1391 878 babet.
1419 823 1479 876 Non
1494 824 1595 875 desunt

338 914 440 968 tamen,
456 904 502 974 qui
516 905 629 958 sormam
644 905 685 957 iiii
699 904 839 966 inducant,
855 902 886 965 si,
903 903 974 973 qnod
989 918 1041 972 par
1054 912 1085 956 et
1098 903 1168 957 satis
1183 911 1235 967 est
1250 890 1451 957 sustententar.

285 986 316 1051 6)
337 986 491 1040 Tabulae
514 985 744 1054 Redolpheae.
783 983 905 1037 Materia
927 985 962 1036 ad
985 983 1035 1037 has
1060 985 1237 1053 apparandas
1260 985 1341 1037 adest
1363 981 1597 1037 sufficientissima

339 1082 413 1137 pers,
428 1081 479 1118 nec
493 1065 610 1118 deerunt
624 1064 745 1134 ingenia,
768 1064 792 1117 si
805 1063 985 1117 Maecenates
1000 1064 1063 1127 sint,
1079 1069 1109 1116 et
1123 1064 1255 1135 exiguum
1270 1062 1374 1134 aliquid
1387 1062 1416 1118 in
1429 1062 1511 1116 certis
1525 1078 1595 1131 peu·

339 1145 461 1200 sionibus
476 1144 573 1199 annuis
588 1145 616 1197 iu
630 1145 703 1198 hunc
716 1160 795 1197 usum
810 1153 952 1215 erogetur.
981 1142 1042 1197 Hoc
1062 1159 1131 1212 opus
1153 1144 1311 1213 primarium
1333 1149 1385 1207 est,
1407 1144 1477 1214 quod
1497 1141 1596 1196 merito

340 1222 514 1294 (Rodoiphus
530 1218 648 1290 Caesar)
663 1224 824 1295 Magnetes,
846 1223 1034 1293 Respublicae
1048 1231 1079 1277 et
1092 1223 1258 1278 Academiae
1271 1224 1483 1295 magnifacere,
1505 1229 1543 1285 et,
1563 1227 1599 1289 ut

251 1298 258 1309 “
339 1307 428 1359 lucem
441 1304 546 1367 rideat,
564 1304 632 1358 eniti
647 1305 756 1358 debent.

289 1384 318 1451 7)
340 1385 522 1440 Theatrum
544 1384 807 1438 astronomicum
832 1385 968 1437 rationem
990 1383 1081 1437 reddit
1106 1382 1205 1453 calculi
1234 1382 1459 1453 ingeniosissimis
1487 1382 1597 1434 demon·

340 1464 529 1521 strationibus.
555 1464 651 1534 itaque
666 1465 744 1534 quasi
760 1465 852 1518 nitere
865 1479 932 1532 pars
948 1480 1008 1518 esse
1025 1463 1114 1534 possit
1128 1462 1210 1533 hujus
1224 1462 1386 1534 principalis
1401 1463 1493 1533 operis
1507 1468 1597 1515 astro-

340 1544 447 1599 nomiae
468 1543 654 1598 instauratae.
701 1538 706 1551 “

288 1620 321 1694 8)
342 1625 478 1679 Velamen
498 1623 598 1694 ingens
618 1623 903 1678 Observationum
925 1625 960 1676 ad
982 1639 1068 1677 annos
1090 1623 1148 1676 fere
1169 1623 1208 1676 40
1228 1621 1452 1692 conscriptarum.
1488 1621 1518 1674 ld
1536 1620 1599 1673 ioco

341 1712 385 1758 tot
398 1710 589 1757 anteactorum
603 1718 735 1758 annorum
756 1703 960 1773 ephemeridum
975 1720 1036 1756 esse
1050 1703 1147 1774 possit.
1176 1703 1276 1756 Posset
1293 1703 1338 1755 vei
1355 1702 1418 1771 jaus
1434 1700 1530 1755 statim
1544 1698 1597 1754 edi.

343 1784 454 1838 Interim
474 1783 668 1836 custodiendae
689 1783 786 1838 merito
810 1791 875 1837 sunt
898 1783 953 1837 hae
978 1783 1186 1837 observationes
1210 1782 1270 1837 ioco
1293 1782 1364 1852 regii
1385 1781 1511 1837 mesauri
1531 1785 1561 1834 et
1580 1795 1602 1833 a

342 1863 521 1935 magnatibus
536 1864 631 1935 magni
645 1863 796 1933 faciendae,
813 1864 878 1933 quis
892 1870 958 1916 sunt
972 1863 1159 1925 fundamenta,
1177 1862 1235 1915 sine
1250 1862 1347 1932 quibus
1362 1863 1458 1933 nequit
1472 1870 1598 1915 astrono-

341 1945 397 1998 mia
416 1942 576 1997 instaureri.
605 1943 663 1996 Neo
684 1960 748 2013 spes
770 1951 822 2005 est,
846 1959 1009 2014 quemquam
1028 1944 1095 2005 fore,
1119 1942 1164 2011 qui
1185 1943 1316 1995 certiores
1333 1957 1455 2013 unquam
1470 1942 1599 1995 observa·

346 2024 434 2077 tiones
449 2023 615 2077 conscribat.
644 2024 698 2077 Est
711 2040 736 2077 n.
750 2040 796 2077 res
811 2023 1014 2077 taediosissime
1028 2030 1058 2076 et
1071 2022 1180 2093 plurimi
1196 2022 1336 2092 temporis.

644 2121 697 2174 Ita
717 2119 831 2174 sentio
852 2119 889 2174 M.
912 2120 1062 2174 Joannes
1083 2108 1257 2189 Kepierus
1276 2117 1558 2177 Mathematicus,

795 2200 990 2271 astronomiae
1004 2200 1180 2271 Tychonicae
1195 2198 1419 2254 studiosissimus.

311 2388 462 2456 15)p.te.
498 2391 573 2442 Hanc
596 2392 720 2454 Tycbouir
745 2391 875 2457 epistolam
898 2392 1023 2454 subjunxit
1047 2390 1197 2441 Maestiinus
1223 2390 1353 2454 appendici
1376 2389 1409 2440 ad
1431 2387 1599 2444 Prodromum,

239 2466 302 2516 haec
319 2465 496 2529 praemittens:
524 2461 574 2513 Pro
593 2464 780 2513 confirmatione
797 2463 879 2526 hujus,
899 2477 964 2527 quac
982 2477 1013 2513 ex
1032 2462 1161 2527 Cepernici
1179 2461 1354 2525 hypothesibus
1372 2461 1489 2525 sequitur,
1508 2459 1598 2523 longia

239 2539 300 2586 sime
319 2536 457 2585 contrariae
475 2536 575 2583 usitatis
593 2534 768 2598 hypothesibus
786 2535 929 2587 sententiae
947 2534 1015 2584 iubet
1030 2547 1169 2599 apponere,
1187 2547 1252 2598 qaas
1272 2532 1493 2582 excellentissimos
1505 2528 1600 2579 Nobilis

238 2606 434 2657 Mathematicus
453 2605 537 2667 Tycho
556 2604 652 2661 Brahe,
672 2604 774 2661 Dauus,
794 2607 844 2655 suis
864 2606 1037 2669 experimentis
1056 2606 1208 2661 observarit,
1228 2603 1313 2667 quibus
1332 2611 1452 2669 tanquam
1470 2616 1487 2651 a
1503 2603 1599 2666 peritis·

241 2681 302 2728 simo
322 2676 417 2726 artifice
435 2675 526 2726 habitis
546 2677 756 2726 observationibus
775 2679 860 2741 utique
885 2677 947 2727 fides
973 2677 1086 2741 derogari
1104 2690 1154 2725 non
1172 2682 1261 2740 potest.
1297 2674 1323 2724 Is
1342 2676 1367 2723 in
1386 2674 1499 2739 Epistola
1516 2672 1550 2722 ad
1567 2672 1600 2721 D.

239 2749 376 2800 Paucorum
395 2760 460 2797 anno
480 2745 549 2797 1588
569 2748 629 2797 data
647 2749 683 2797 sic
700 2748 793 2796 scribit.
832 2748 971 2805 „Constitui
988 2748 1124 2811 periculum
1142 2746 1238 2807 iacere.
1264 2760 1389 2810 quaenam
1407 2758 1509 2801 earnm,
1536 2758 1600 2809 quae

239 2821 361 2870 hactenus
379 2820 496 2869 inventae
515 2827 587 2868 erant
610 2818 808 2882 (hypothesium,
832 2819 1040 2869 Ptolemaicarum
1064 2834 1099 2868 sc.
1118 2818 1156 2869 rei
1174 2820 1337 2867 usitatarum:
1365 2817 1404 2867 sei
1430 2831 1446 2866 a
1466 2816 1601 2880 Copemico

239 2891 401 2942 traditarum:
426 2890 463 2939 rei
489 2905 572 2940 eorum
595 2892 636 2955 qui
659 2890 897 2940 homocentricomm
916 2890 1061 2955 figmentum
1081 2890 1213 2939 commenti
1231 2884 1301 2947 runt)
1324 2889 1423 2938 veritati
1440 2890 1538 2952 propina
1557 2900 1599 2938 ac·

240 2962 347 3015 cederet.
384 2960 462 3026 quue
479 2976 523 3024 per
540 2960 630 3010 Martis
648 2963 801 3024 potissimam
819 2961 919 3011 stellam
935 2977 976 3011 me
994 2963 1115 3024 expiscari
1132 2975 1204 3024 posse
1222 2959 1392 3017 confidebam,
1411 2959 1511 3024 quando
1527 2960 1600 3007 uimi-

239 3050 293 3085 rum
312 3046 344 3082 ea
362 3030 503 3095 acronycha
521 3030 614 3081 'lenae
633 3033 847 3096 appropinquaret.
885 3031 913 3081 Si
931 3034 996 3082 enim
1014 3033 1084 3082 nobis
1101 3034 1199 3095 propius
1218 3031 1365 3089 accederet,
1384 3045 1460 3095 quarn
1477 3032 1531 3093 ipse
1549 3028 1600 3086 Sol,
1667 3047 1671 3052 ’

240 3105 436 3169 Copemicsnam
449 3102 643 3166 speculationem
655 3103 814 3165 praevalere:
832 3105 871 3152 sin
883 3105 973 3162 minua,
986 3118 1043 3153 oum
1055 3103 1210 3154 Ptolemaios
1219 3103 1302 3166 potius
1319 3102 1436 3151 standum
1453 3102 1600 3151 arbitrabar.

240 3176 400 3238 Tandemque
426 3187 519 3238 magna
545 3173 674 3238 diligentia
698 3188 745 3223 nec
770 3176 851 3236 parvis
876 3176 1011 3232 sumtibus,
1039 3176 1181 3239 conquisitis
1204 3174 1279 3223 variis
1303 3174 1401 3239 organis
1420 3173 1598 3231 astronomicis,

240 3248 327 3313 quibus
346 3244 453 3293 siderum
471 3250 552 3292 motus
571 3242 721 3301 centraiiter‚
741 3259 789 3293 non
808 3246 897 3294 saitem
916 3247 1012 3307 inipso
1031 3245 1152 3309 scrupulo,
1171 3247 1215 3295 sed
1233 3247 1310 3295 etiam
1327 3246 1352 3292 in
1372 3247 1425 3306 ejus
1443 3243 1546 3294 dimidia
1562 3244 1601 3292 sei

240 3325 330 3383 quarta
347 3308 419 3378 parte
445 3315 565 3378 explorari
591 3322 658 3364 certo
683 3321 796 3378 possent,
822 3315 889 3365 hanc
914 3316 1029 3365 subtilem
1053 3318 1275 3367 considerationem
1300 3316 1404 3380 aggredi
1422 3330 1472 3365 non
1490 3315 1601 3371 verebar.

240 3389 313 3453 idque
332 3387 485 3451 potissimum
503 3400 569 3435 anno
588 3383 664 3441 1582.
684 3401 739 3435 cum
749 3384 818 3435 Mars
836 3402 929 3450 pernox
946 3388 1028 3441 factus
1047 3386 1099 3437 Soli
1116 3395 1281 3452 opponeretur
1297 3390 1323 3436 in
1342 3400 1441 3445 canoro,
1460 3393 1487 3437 et
1503 3389 1603 3450 insuper

241 3474 286 3524 per
302 3459 404 3508 boream
422 3457 578 3507 latitudinem
597 3456 722 3506 sublimior
740 3457 882 3522 quotidiano
902 3459 1007 3509 circuitu
1024 3459 1175 3510 redderetur.
1205 3459 1305 3509 Habitis
1322 3459 1399 3523 igitur
1415 3466 1476 3509 tuac
1493 3458 1602 3522 pluribus

241 3531 365 3581 accuratis
384 3529 610 3581 observationibus.
630 3534 684 3577 tam
702 3529 769 3578 circa
787 3536 880 3587 onum,
899 3545 973 3594 qnam
991 3545 1121 3588 occasum,
1150 3532 1251 3595 ejusque
1268 3545 1312 3595 per
1330 3529 1493 3580 meridianum
1509 3530 1601 3579 eenei-

241 3608 309 3661 tum,
336 3599 499 3662 deprehendi,
524 3597 630 3648 Martem
653 3601 773 3662 maiorem
791 3603 888 3650 causari
909 3601 1063 3665 paraiiaxin,
1091 3616 1166 3666 quam
1184 3604 1264 3666 ipsum
1282 3601 1379 3661 Solem,
1404 3601 1508 3665 ideoque
1526 3602 1602 3651 etiam

243 3671 324 3720 Terris
341 3671 544 3734 propinquiorem,
564 3685 620 3719 cum
633 3671 787 3733 acronychas
806 3679 852 3729 est.
871 3672 933 3730 fieri,
952 3673 1104 3736 astipulante
1121 3687 1173 3723 una
1189 3681 1259 3722 motu
1276 3674 1352 3736 ipsius
1370 3673 1465 3729 diurno,
1485 3687 1541 3722 cam
1554 3671 1600 3721 Co·

242 3742 384 3807 peruicauis
397 3743 478 3805 potius
490 3743 597 3791 numeris
611 3744 791 3801 consentiente,
811 3759 840 3792 eo
859 3744 925 3808 quod
943 3744 1016 3808 panio
1029 3744 1134 3794 celerius
1146 3751 1213 3794 certo
1227 3744 1322 3793 dieram
1337 3744 1466 3794 intervallo
1484 3746 1510 3793 in
1528 3749 1599 3793 aate·

244 3813 359 3862 cedentia
376 3812 514 3876 repedaret.
534 3827 607 3876 qnam
627 3813 832 3877 alphonsinorum
850 3816 1000 3867 concederet
1018 3829 1035 3865 a
1051 3815 1194 3865 Ptolemaeo
1212 3816 1322 3866 deducta
1338 3816 1511 3865 ratiocinatio:
1529 3815 1602 3880 idque

244 3884 274 3934 ob
292 3885 410 3933 minorem
429 3896 446 3931 a
459 3882 540 3933 Terris
558 3884 710 3942 distantiam,
729 3900 794 3949 quae
811 3894 905 3935 motam
924 3887 998 3949 paulo
1016 3888 1173 3936 intentiorem
1192 3901 1312 3951 apparere
1330 3885 1462 3936 efficiebat.
1499 3886 1529 3936 ld
1542 3900 1603 3936 aum

242 3957 268 4005 in
281 3953 364 4021 Marte
382 3956 443 4003 satis
462 3954 614 4019 exploratum
631 3955 756 4012 haberem,
776 3964 802 4006 et
819 3958 885 4007 idern
904 3959 981 4008 etiam
1002 3959 1028 4007 in
1041 3957 1140 4008 Venere
1162 3958 1292 4023 aliquoties
1311 3972 1328 4008 a
1344 3972 1385 4008 me
1402 3958 1511 4009 interdiu
1528 3965 1603 4023 atque

242 4029 268 4077 in
286 4028 338 4090 ipso
356 4025 493 4075 meridiano
511 4026 676 4083 observatum,
696 4033 723 4076 et
737 4031 810 4090 juxta
828 4043 945 4079 occasum
964 4029 1095 4079 collatione
1112 4030 1189 4087 iacta,
1207 4032 1256 4080 imo
1274 4031 1351 4079 etiam
1365 4029 1417 4079 aila
1433 4029 1542 4094 quadarn
1559 4043 1602 4093 pe·

243 4099 329 4149 cuiiari
347 4099 445 4147 ratione
464 4110 530 4146 anno
550 4095 619 4145 test
640 4099 707 4147 circa
725 4099 791 4149 Mem
809 4096 851 4148 24.
871 4100 942 4150 Febr.
962 4101 1060 4165 qnando
1083 4102 1149 4151 intra
1171 4116 1247 4151 unam
1269 4102 1309 4151 sei
1333 4100 1437 4151 sistram
1463 4102 1527 4151 diem
1550 4108 1602 4151 tam

242 4170 408 4234 vespertinam
426 4182 500 4234 qnam
519 4170 668 4218 matathiam
687 4167 764 4234 (quod
782 4171 846 4221 aiias
864 4172 1016 4222 rarissimum
1034 4169 1084 4234 est)
1103 4173 1165 4230 ridi,
1191 4180 1286 4222 motum
1304 4179 1466 4237 apparentem
1485 4186 1541 4224 curn
1552 4173 1601 4230 eis,

242 4255 307 4305 quae
325 4243 422 4290 ratione
439 4240 594 4304 paraliaxeos
612 4240 710 4298 fierent.
729 4242 876 4292 conterendo
895 4243 1102 4308 comprobarem,
1120 4246 1157 4294 ita
1172 4245 1237 4309 qnod
1254 4244 1412 4294 Ptolemaicis
1427 4244 1603 4309 hypothesibus

242 4312 305 4362 haec
324 4313 408 4361 omnia
425 4313 525 4361 minime
545 4319 722 4377 congruerent:
741 4313 891 4377 impellebar,
911 4321 940 4363 nt
956 4316 1112 4379 postmodum
1129 4318 1210 4381 magis
1223 4317 1350 4382 magisque
1361 4314 1547 4379 Gopsraicaaas
1564 4316 1603 4365 iu·

243 4384 351 4434 rentioui
369 4382 444 4432 fidem
463 4382 648 4433 attribuerem.“

274 4516 287 4544 s
833 4504 838 4515 .

316 4553 361 4617 16)
379 4573 404 4622 p.
424 4555 465 4608 56.
497 4558 662 4610 Praelationis
679 4560 752 4624 bajus
769 4570 866 4626 partem
886 4562 1039 4615 exhibuimus
1056 4578 1115 4631 pag.
1129 4562 1171 4614 20.
1200 4566 1311 4630 Epistola
1327 4565 1461 4617 Achillis
1475 4565 1603 4617 Gesseri

244 4626 346 4693 (medici
364 4628 543 4688 Lindsrieasis,
562 4629 580 4692 †
598 4633 728 4697 Augustae
745 4632 819 4684 Vind.
840 4649 863 4685 a.
886 4632 976 4697 tarr),
995 4637 1056 4686 data
1073 4636 1235 4687 Feidkirchae
1253 4635 1379 4688 Rheebae
1398 4653 1463 4689 anno
1483 4635 1552 4689 154⁰
1571 4638 1605 4688 ad

245 4699 276 4749 G.
295 4697 444 4764 Vogelinum
463 4700 679 4753 Constantianam
697 4704 821 4755 medicum
839 4707 999 4757 commendat
1019 4705 1151 4767 „Rhesos
1171 4709 1301 4773 epistolam
1320 4709 1351 4758 de
1370 4708 1516 4776 Copornico,
1535 4710 1604 4760 ilium

243 4770 367 4828 briam.
386 4778 415 4822 nt
432 4785 489 4823 eam
506 4774 571 4824 inter
589 4776 682 4824 amicos
700 4781 727 4825 et
744 4778 895 4828 auctoritate
914 4792 961 4828 sna
977 4786 1127 4846 propagaret
1145 4784 1171 4830 et
1189 4781 1381 4832 commendaret.

334 5014 344 5051 i
