3609 5634
686 348 843 416 Asudoglae
862 350 1012 401 certioribus.
1458 347 1530 415 425.

168 507 338 573 rariatiane
361 508 437 571 varii
460 507 542 571 modi
564 508 746 584 reflexionis,
771 529 848 590 quae
872 515 922 571 est
945 508 1079 572 averiis
1103 508 1327 590 superficiebus.
1371 509 1442 573 Nou
1466 529 1524 591 ago

164 599 231 678 jam
254 599 293 660 de
316 599 369 661 illa
391 598 564 674 reflexione,
590 616 667 678 qnae
692 607 741 661 est
764 619 782 661 a
805 599 961 680 superficie
986 598 1135 678 speculari
1169 607 1202 661 et
1218 600 1385 662 reflectitur
1407 621 1427 661 a
1448 619 1524 680 qno-

167 687 244 749 libet
266 687 331 767 ejus
353 687 495 767 puncto
486 708 516 748 rn
540 687 658 750 unicum
682 688 792 750 saltem
813 696 972 771 punctum:
1007 688 1062 750 sed
1086 689 1122 749 de
1148 687 1201 750 illa
1224 689 1402 763 reflexione,
1435 707 1524 771 qnam

166 775 318 839 cernimus
345 776 375 837 in
403 775 538 867 quolibet
564 777 698 856 pariete,
730 776 898 857 inaequalis
927 776 1018 839 etiam
1046 785 1078 839 et
1105 796 1232 857 asperae
1261 777 1441 857 superficiei,
1475 777 1525 858 qui
1578 847 1581 853 ,

166 866 277 941 lucem,
303 884 362 946 qna
384 854 533 945 pingitur,
557 865 702 927 imbutam
725 885 762 926 eo
785 866 885 927 colore
912 884 1000 948 quern
1023 866 1129 941 habet,
1154 865 1326 946 aquolibet
1346 872 1457 945 puncto
1479 866 1524 928 sui

166 954 197 1016 in
226 961 325 1016 totum
353 954 604 1034 hemisphaerium
633 955 773 1017 reflectit.
818 954 898 1017 Nam
931 955 983 1017 lux
1011 954 1138 1017 aLnna
1167 955 1206 1016 ad
1229 973 1283 1015 nos
1312 956 1427 1018 reflexa
1454 974 1525 1035 per·

168 1043 256 1105 uenit
277 1044 342 1118 hoc,
368 1061 427 1105 non
450 1043 503 1105 illo
526 1043 631 1118 modo;
656 1042 733 1105 alias
756 1061 814 1104 non
839 1062 951 1106 comna
973 1045 1003 1106 iu
1022 1044 1120 1114 Luna,
1145 1044 1199 1105 sed
1221 1043 1444 1124 imagunculam
1462 1043 1524 1106 So-

169 1131 208 1194 lis
237 1150 357 1212 semper
378 1132 540 1194 rotundam
569 1151 769 1195 cerneremus.
816 1133 923 1213 Itaque
956 1133 1143 1213 geometrica
1166 1132 1326 1212 dispositio
1358 1132 1524 1215 superficiei

169 1220 246 1283 nihil
268 1222 317 1283 hic
340 1219 398 1283 nisi
422 1222 500 1283 forte
523 1221 669 1296 maculas,
694 1221 799 1302 quales
822 1222 852 1283 in
876 1223 964 1284 Luna
986 1222 1144 1297 cernimus,
1170 1221 1273 1283 efficit.

701 1310 832 1373 Thesis
855 1308 991 1374 XXVII.

258 1396 378 1462 Causae
400 1414 471 1458 vero
496 1396 574 1459 alins
598 1405 688 1479 atque
713 1400 789 1461 alins
812 1400 983 1463 reflexionis
1007 1402 1116 1473 (cansa
1131 1398 1289 1480 qualitatis
1312 1398 1342 1460 in
1363 1397 1448 1461 radio
1472 1417 1525 1460 re-

169 1489 264 1562 nexo)
296 1494 368 1549 sunt
400 1485 586 1548 reflectentis
619 1488 786 1566 superficiei
819 1489 946 1552 colores.
998 1488 1101 1550 Velim
1139 1488 1187 1550 hie
1219 1488 1322 1550 andire
1363 1486 1525 1566 chymicos,

170 1575 311 1658 quidnam
334 1576 451 1638 colores
474 1574 503 1635 in
526 1576 723 1638 terrestribus
747 1577 921 1656 corporibus
944 1577 1053 1639 variet.
1102 1575 1227 1640 Colores
1243 1576 1362 1656 quidem
1385 1575 1471 1637 iridis
1495 1575 1524 1636 in

168 1667 248 1731 duaa
272 1664 492 1727 distribuuntur
515 1665 632 1727 classes
639 1684 649 1739 ;
683 1666 783 1728 altera
806 1674 904 1728 ortum
927 1666 1020 1728 habet
1044 1667 1082 1728 ab
1106 1664 1356 1727 obtenebratione
1384 1683 1437 1726 seu
1460 1664 1525 1743 pri-

172 1754 295 1816 uatione
317 1753 409 1824 lucis,
441 1753 540 1814 altera
573 1754 796 1817 arelractione
828 1774 882 1833 seu
911 1755 1065 1817 tinctione.
1113 1754 1277 1834 Utriusque
1301 1752 1410 1815 classis
1440 1753 1525 1833 prin-

170 1841 280 1922 cipium
304 1851 353 1904 est
375 1841 415 1904 ab
438 1840 590 1921 ipsissima
613 1844 694 1919 lnce,
726 1863 779 1905 sen
803 1843 872 1906 albo
896 1843 997 1906 calore
1020 1843 1096 1906 lucis
1127 1841 1273 1921 ἀναλογῳ,
1305 1860 1382 1924 qnae
1407 1842 1525 1922 quidem

170 1933 223 1995 lax
245 1931 375 1993 medinm
398 1929 484 1992 iridis
507 1931 651 1993 circulum
673 1932 830 2009 obtinens,
859 1952 928 1994 enm
956 1932 986 1994 in
1009 1933 1068 1995 duo
1099 1931 1186 2013 qnasi
1213 1940 1310 1994 secat.
1356 1930 1406 1993 Ex
1429 1932 1528 1994 altera

173 2038 302 2100 namque
324 2026 413 2100 parte
436 2018 618 2096 diminuitur,
644 2040 682 2082 ex
705 2022 805 2085 altera
827 2022 1018 2124 refringitur:
1049 2021 1186 2102 utrinque
1210 2021 1334 2083 tandem
1356 2020 1386 2082 in
1410 2022 1527 2101 nigrum

172 2128 227 2173 aen
252 2109 396 2171 tenebras
424 2106 545 2170 desiuit.
592 2110 626 2171 ln
659 2109 863 2173 diminutionis
893 2112 989 2191 primo
1020 2107 1114 2190 gradui
1145 2111 1179 2173 lit
1211 2111 1306 2184 flava,
1340 2110 1526 2171 insecundo

173 2199 280 2272 rubes,
309 2204 372 2259 tum
396 2198 497 2259 fusca.
518 2204 564 2262 et
591 2198 719 2301 denique
749 2200 843 2280 nigra
894 2200 978 2262 Idem
1008 2207 1136 2278 apparet
1164 2199 1194 2260 in
1222 2158 1350 2260 nubibus
1378 2195 1450 2260 Sole
1477 2197 1528 2259 uel

171 2306 282 2350 caeam
310 2271 386 2348 vel'
389 2284 512 2347 orituro.
558 2287 679 2348 Idem
671 2307 701 2348 m
731 2288 831 2350 stellis
859 2288 942 2350 circa
963 2288 1163 2361 horizontem,
1198 2287 1311 2348 idem
1303 2305 1333 2347 ιιι
1362 2284 1527 2365 eclipsibus

175 2376 347 2449 Solarihus;
377 2393 443 2437 cum
470 2375 681 2451 oculinostri,
714 2376 874 2457 inquibus
903 2376 1048 2438 esthaec
1078 2375 1215 2446 fallacia,
1247 2362 1347 2436 subito
1369 2373 1526 2454 privantur

173 2467 239 2533 lnce
262 2464 354 2527 Solia.
400 2463 435 2525 In
464 2463 635 2526 reflexionis
659 2482 730 2526 vero
752 2466 849 2569 primo
873 2465 984 2544 gradu,
1018 2464 1141 2539 viridis,
1173 2471 1246 2543 post
1273 2463 1425 2538 caerulea,
1458 2462 1525 2525 dein

171 2572 334 2635 purpurea,
369 2560 401 2615 et
430 2551 558 2633 deniqne
586 2554 705 2616 omuino
733 2555 822 2634 nigra
850 2572 903 2615 sen
932 2554 1130 2616 obtenebrata
1154 2551 1295 2614 cernitur.
1343 2549 1526 2632 Cumargo

172 2643 220 2706 bic
248 2642 289 2705 sit
318 2642 391 2705 ordo
414 2642 493 2703 inter
521 2642 636 2704 colores
667 2642 696 2703 in
725 2643 816 2705 iride:
848 2650 1083 2705 consentaneum
1113 2649 1161 2703 est
1188 2641 1315 2703 eundem
1343 2660 1412 2704 esse
1441 2641 1527 2703 etin

172 2730 351 2806 reflexione3
380 2738 414 2794 nt
443 2729 608 2793 fortissime
635 2731 751 2794 radium
780 2733 920 2794 reflectat
947 2730 1119 2811 superficies
1147 2731 1235 2806 alba3
1268 2737 1340 2810 post
1362 2729 1466 2792 viridis
1496 2736 1528 2790 et

172 2822 269 2896 flara3
292 2828 357 2883 tum
371 2821 511 2882 caerulea
534 2826 567 2881 et
580 2820 690 2895 rnbea3
715 2821 784 2883 dein
797 2838 950 2901 purpurea
967 2829 999 2883 et
1017 2820 1117 2895 insca3
1141 2820 1326 2883 debilissima
1345 2837 1417 2881 vero
1431 2818 1527 2899 nigra.

694 2909 827 2973 Thesis
849 2909 1001 2973 XXVIII.

262 2997 359 3077 Niger
387 3003 489 3058 antem
517 2996 637 3059 fortiter
666 2998 836 3061 illustratus
864 2999 988 3060 rubeum
1016 2997 1134 3078 spargit
1165 2997 1292 3061 radium.
1338 2997 1373 3059 Id
1402 3004 1530 3077 apparet

173 3104 212 3148 ex
235 3086 389 3169 chalybeia
414 3084 561 3166 speculis,
591 3085 641 3148 nbi
665 3088 753 3149 faciei
777 3089 860 3150 color
883 3087 970 3149 albus
1003 3094 1035 3148 et
1058 3086 1172 3169 speculi
1194 3086 1279 3167 niger
1303 3086 1419 3149 confusi
1443 3085 1528 3151 rubi-

172 3175 346 3237 cundiorem
368 3181 599 3253 repraesentant
622 3175 739 3237 faciem.
787 3174 887 3247 Quare
912 3176 1080 3239 rectissime
1109 3176 1175 3255 quis
1197 3174 1309 3238 Martis
1332 3175 1454 3238 stellam
1478 3174 1528 3235 di-

171 3263 251 3326 nerit
273 3263 429 3343 superficie
452 3262 541 3343 nigra
570 3265 741 3344 praeditam
765 3285 845 3340 esse,
870 3284 937 3328 cum
959 3265 1062 3329 radius
1086 3265 1151 3344 ejus
1175 3264 1216 3327 sit
1229 3266 1319 3327 valde
1336 3264 1527 3327 rubicundus.

172 3351 358 3415 Debilitatur
379 3352 472 3430 igitur
494 3353 560 3431 ejus
583 3355 697 3416 reflexa
720 3355 786 3430 lux,
816 3374 874 3417 non
898 3355 991 3435 igitur
1013 3354 1139 3416 multum
1161 3353 1331 3429 humectat,
1358 3361 1390 3414 et
1412 3353 1443 3415 in
1466 3353 1524 3414 hn-

172 3441 265 3503 moria
288 3441 407 3503 defectu
431 3448 488 3502 est.
534 3440 651 3504 Eodem
675 3444 783 3506 coloris
806 3451 839 3525 qt
860 3442 1095 3506 humectationis
1119 3450 1295 3521 argumento
1315 3441 1447 3505 Saturno
1471 3440 1528 3503 tri-

173 3530 299 3593 buemus
323 3530 424 3593 albam
446 3538 478 3592 et
501 3550 641 3610 asperam
664 3533 861 3612 superficiem,
888 3533 958 3612 qnia
972 3532 1071 3594 colore
1086 3538 1135 3592 est
1149 3530 1298 3611 plumbeo,
1321 3531 1392 3594 Jovi
1405 3529 1530 3593 rubeam
1562 3600 1570 3608 ,
1640 3602 1647 3619 Ι

172 3619 222 3682 vel
246 3637 442 3699 purpuream,
476 3620 547 3700 quia
563 3616 666 3682 'flavus
690 3621 832 3684 subrufus
856 3628 999 3701 apparet,
1029 3619 1143 3682 Veneri
1166 3621 1278 3682 flavam
1300 3619 1350 3681 vel
1373 3618 1474 3682 albam
1497 3626 1529 3681 et

161 3707 459 3789 aequabilissimam,
484 3728 552 3771 cnm
574 3708 706 3771 omniurn
728 3711 770 3773 sit
792 3709 1008 3789 pulcherrima:
1033 3707 1183 3771 Mercurio
1199 3708 1368 3770 caeruleum
1391 3708 1439 3769 vel
1454 3706 1530 3768 viri-

173 3797 250 3869 dem,
274 3816 342 3860 cum
365 3806 528 3876 argenteus
552 3806 717 3878 appareat,
741 3799 839 3879 magis
863 3797 1078 3861 scintillatione
1101 3817 1156 3860 seu
1179 3797 1274 3860 diluto
1299 3797 1414 3877 fulgore
1438 3814 1527 3877 quarn

173 3888 274 3949 colore
296 3887 406 3949 clarus.

715 3974 848 4038 Thesis
872 3976 990 4039 XXIX.

261 4062 329 4125 Lux
351 4061 474 4143 propria
492 4063 614 4143 quidem
637 4062 705 4146 ipsa
728 4064 820 4127 etiam
842 4065 979 4127 variatur
999 4082 1055 4144 per
1078 4061 1264 4142 superficiem
1285 4059 1429 4141 corporis,
1453 4061 1532 4123 nude

175 4153 266 4228 venit,
290 4159 325 4214 ut
347 4152 439 4214 alium
462 4160 495 4214 et
518 4152 607 4214 alium
632 4152 762 4215 colorem
786 4160 1010 4233 repraesentet:
1036 4152 1091 4213 sed
1114 4151 1226 4231 gradus
1249 4148 1443 4211 callactoriae
1468 4150 1556 4211 vir..

173 4243 249 4304 tntis
273 4240 450 4322 adipiscitur
474 4241 512 4303 ab
535 4241 642 4303 intima
665 4241 798 4320 corporis
823 4244 869 4304 sui
893 4241 1100 4323 dispositione.
1148 4238 1209 4302 Sed
1224 4248 1325 4301 tamen
1349 4238 1417 4317 ipsa
1436 4239 1529 4301 etiarn
1573 4286 1577 4299 ,

174 4329 348 4411 superficies
382 4330 419 4392 de
447 4330 581 4410 corporis
614 4330 811 4411 dispositione
841 4337 991 4394 testatur:
1025 4336 1060 4391 nt
1091 4328 1136 4390 ita
1163 4327 1356 4391 humectandi
1385 4327 1481 4389 virtus
1511 4347 1532 4389 a

173 4419 353 4483 caliactcria
380 4420 598 4499 quodammodo
628 4419 806 4499 dependeat.
852 4423 900 4484 Ao
929 4438 1002 4481 sane
1032 4418 1059 4479 si
1081 4416 1164 4479 color
1191 4417 1362 4479 interventu
1391 4415 1468 4479 lucis
1493 4417 1531 4478 ab

175 4529 236 4572 nno
260 4527 386 4589 corpore
410 4508 440 4569 in
465 4509 594 4570 alienum
618 4509 775 4570 transferri
799 4515 831 4569 et
853 4508 1016 4589 propagari
1039 4513 1151 4586 potest,
1175 4504 1317 4567 credibile
1333 4512 1383 4567 est
1404 4513 1437 4567 et
1454 4505 1532 4569 alias

174 4599 338 4681 qualitates
360 4615 468 4676 posse;
492 4599 529 4660 de
553 4597 653 4660 calore
677 4598 756 4659 enim
780 4598 981 4660 certissimum
1004 4606 1062 4658 est.
1109 4594 1196 4656 Unde
1216 4612 1306 4673 qnam
1321 4593 1444 4675 quisque
1458 4594 1531 4696 pla-

174 4695 247 4749 neta
273 4688 416 4749 virtutem
443 4686 473 4748 in
504 4688 613 4748 effectu
642 4692 791 4761 ostentat,
826 4685 892 4765 ejus
917 4686 1067 4764 analogon
1095 4681 1227 4763 aliquam
1248 4682 1508 4762 dispositionem
1500 4702 1529 4744 rn

172 4775 241 4863 ipso
262 4777 405 4856 planetae
430 4794 554 4856 corpore
583 4794 652 4837 esse
675 4781 910 4837 consentaneum
935 4774 1063 4835 videtur.
1111 4768 1200 4842 Quod
1228 4772 1253 4833 si
1279 4773 1375 4834 locnrn
1399 4772 1527 4846 obtinet,

175 4865 214 4926 ad
236 4863 388 4927 mirabilia
410 4865 539 4928 artificia
561 4882 649 4928 manu
673 4865 781 4928 ducere
812 4883 867 4927 nos
895 4871 1009 4945 potest.
1056 4860 1153 4926 Verbi
1176 4859 1278 4941 gratia
1304 4880 1359 4941 per
1382 4867 1532 4924 aestatem
