3609 5634
764 379 795 431 da
812 378 886 430 rabat
904 376 1067 444 utrdoglela.
1527 370 1593 439 209

226 535 402 618 Utrumque
439 537 497 599 boc
532 536 621 600 valde
658 536 832 600 iracundum
865 536 1002 598 denotat.
1058 539 1083 609 )
1110 535 1141 598 iu
1170 528 1242 614 Uli
1275 534 1472 608 laboriosum,
1512 534 1594 597 iuvi·

234 623 320 700 dum,
352 644 486 688 avarum.
539 627 581 688 Et
608 635 732 707 propter
764 626 841 687 huno
870 634 1026 704 aspectum
1059 626 1220 687 contemtis
1253 625 1311 687 erit
1338 624 1479 686 moribus.
1525 623 1592 687 Nisi

231 713 313 794 qnod
337 714 386 775 bic
409 716 575 795 quadratus
600 715 698 777 brevis
723 722 779 788 est,
809 713 913 776 sextili
937 715 1153 794 aequipollens.
1200 715 1303 794 Atque
1331 714 1424 775 etiam
1446 712 1489 774 illi
1514 731 1592 773 anno

235 800 318 866 160¹
346 804 477 884 pessima
501 803 647 865 revolutio
669 804 839 877 illucescet,
866 821 943 882 quae
959 813 1012 864 aut
1027 823 1073 865 me
1090 812 1142 864 aut
1157 804 1253 883 ipsum
1268 802 1358 865 tollet
1381 802 1593 881 (significando

231 893 440 964 naturaliter).
486 891 536 954 Ex
558 893 664 971 quibus
687 892 782 966 vides,
807 910 855 953 me
879 891 953 954 nihil
977 891 1102 971 rejicere
1126 911 1165 954 ex
1188 892 1372 971 astrologia,
1400 899 1523 972 praeter
1546 889 1592 951 in-

231 981 323 1043 utilia
345 982 484 1043 domuum
507 981 700 1046 nruneralium
722 980 935 1054 instrumenta,
961 988 993 1042 et
1015 980 1099 1044 illam
1123 989 1315 1062 arrogantem
1337 979 1593 1062 praesumtionem

232 1071 272 1131 de
296 1070 422 1150 speciali
445 1061 665 1151 praedictione,
699 1070 785 1150 qnasi
809 1088 897 1149 quem
922 1089 1100 1150 suspensum
1122 1070 1158 1133 iri
1182 1070 1331 1143 dicamus,
1364 1068 1392 1130 ei
1415 1086 1474 1131 non
1498 1088 1594 1149 aeque

234 1159 356 1222 coelum
379 1159 513 1240 generali
537 1159 591 1220 sub
610 1159 766 1239 complexu
789 1177 935 1238 aquarum
957 1159 1091 1240 pericula
1115 1161 1259 1222 denotare
1282 1151 1398 1242 possit:
1432 1158 1595 1238 autquasi

233 1247 445 1325 erraverimus,
466 1257 593 1310 mortem
609 1247 698 1310 alicui
721 1246 944 1327 praedicentes,
970 1250 1019 1329 qui
1043 1268 1078 1309 eo
1093 1258 1227 1329 tempore
1246 1249 1414 1328 periculoso
1438 1265 1477 1308 ex
1491 1247 1594 1309 morbo

233 1337 287 1398 vix
311 1337 419 1400 evasit.
466 1338 563 1400 Vides
595 1338 671 1399 haec
702 1357 759 1398 non
792 1336 830 1398 ad
858 1343 1059 1413 contemtum,
1093 1339 1147 1401 sed
1176 1339 1318 1400 bonorem
1350 1336 1446 1400 nostri
1479 1334 1593 1398 ordinis

231 1426 395 1506 pertinere.
946 1461 950 1467 -

322 1516 423 1576 Meam
447 1512 666 1576 dedicationem
691 1513 880 1587 (Prodromi)
904 1513 983 1594 quod
1006 1514 1126 1590 attinet,
1152 1514 1254 1576 nescio
1278 1533 1334 1595 qno
1359 1522 1450 1595 pacto
1473 1513 1537 1586 fiat,
1560 1520 1595 1575 ut

236 1623 302 1665 cum
327 1604 554 1684 praecipuorum
578 1622 732 1682 procerum
761 1602 882 1682 optimis
915 1611 984 1664 utar
1006 1603 1227 1680 voluntatibus,
1257 1611 1359 1666 tamen
1388 1604 1437 1665 his
1465 1601 1595 1664 comitiis

236 1711 296 1754 non
318 1694 467 1771 potuerim
491 1691 623 1753 libellum
647 1692 764 1754 offerre.
812 1691 900 1754 Multi
933 1710 980 1764 me
1003 1693 1206 1773 negligentiae
1231 1700 1385 1756 accusant
1432 1691 1499 1772 Ego
1523 1708 1595 1752 vero

236 1799 430 1862 quaecunque
454 1780 628 1842 necessaria
651 1781 778 1856 fueraut,
803 1781 834 1841 in
856 1788 966 1860 parato
994 1782 1166 1856 habueram,
1192 1802 1255 1846 rem
1279 1789 1376 1844 totam
1395 1779 1594 1854 Mareacalco,

235 1869 369 1932 Honorio
393 1892 412 1932 a
435 1869 554 1932 Saurau
577 1870 794 1944 commiseram,
819 1870 869 1950 qui
891 1888 977 1931 suam
1000 1871 1080 1932 ultro
1104 1871 1176 1933 mibi
1199 1872 1309 1934 detulit
1322 1890 1445 1953 operam
1471 1869 1502 1931 iu
1517 1887 1592 1950 pro·

236 1959 374 2041 ponendo
399 1959 520 2040 negotio
553 1959 616 2020 sine
642 1958 743 2021 libello
767 1957 913 2038 supplice.
960 1960 1168 2023 Intermissum
1192 1969 1251 2024 est.
1297 1960 1365 2041 Ego
1389 1958 1530 2021 dimissus
1554 1957 1593 2019 ab

234 2048 297 2125 illo,
321 2066 387 2110 cum
410 2048 469 2111 hac
491 2066 582 2110 voce:
608 2045 696 2119 Quod
721 2047 866 2125 differtur,
892 2065 950 2109 nou
977 2050 1121 2113 aufertur.
1168 2049 1296 2113 Scilicet
1318 2069 1377 2112 non
1392 2056 1460 2110 erat
1473 2048 1594 2110 faustus

236 2138 385 2200 transitus
409 2137 450 2211 (si
464 2136 615 2200 naturalia
629 2140 825 2216 spectemus),
852 2144 885 2198 et
907 2139 1127 2218 expectandum
1151 2140 1230 2202 forte
1253 2138 1326 2201 mihi
1348 2155 1442 2217 usque
1465 2137 1494 2198 in
1510 2136 1594 2198 lutu-

235 2246 300 2289 rum
324 2225 439 2305 Majum
463 2227 513 2289 vel
534 2225 664 2300 Junium,
690 2245 755 2288 cum
777 2226 808 2301 ll
830 2226 944 2288 transit
965 2245 1019 2306 per
1037 2227 1110 2291 Asc.
1144 2229 1270 2290 Interim
1291 2236 1392 2291 tamen
1416 2235 1525 2304 urgent
1547 2242 1595 2287 me

236 2314 416 2378 creditores!
462 2315 529 2378 Huc
560 2314 679 2377 accedit
707 2315 857 2394 privatum
885 2333 984 2377 meum
1012 2336 1080 2379 cum
1108 2318 1226 2397 publico
1250 2318 1442 2396 conjunctum
1464 2314 1596 2376 infortu-

237 2404 333 2480 nium,
363 2404 441 2485 qnod
473 2404 558 2466 Deua
588 2403 661 2484 0pt.
685 2403 770 2464 Max.
800 2404 928 2466 omnium
959 2424 1090 2468 meorum
1119 2406 1269 2468 lautorum
1292 2404 1499 2467 charissimum
1522 2402 1596 2464 mihi

236 2513 275 2556 ex
298 2493 354 2555 bac
378 2492 443 2555 vita
466 2493 584 2574 eripuit,
610 2493 647 2554 D.
673 2492 711 2553 D.
735 2492 930 2554 Wilhelmum
946 2494 1225 2567 Zimmermannum,
1251 2495 1336 2573 cnjus
1358 2491 1596 2554 moderationem

236 2589 269 2644 et
291 2582 453 2644 candorem
475 2589 565 2662 atque
590 2581 805 2644 dexteritatem
829 2582 960 2644 ecclesia
973 2591 1078 2643 nostra
1093 2583 1259 2644 diutissime
1275 2580 1469 2644 desiderabit.
1503 2579 1591 2642 Mor-

238 2681 307 2733 tuus
332 2680 381 2734 est
402 2690 490 2736 mane
517 2672 545 2733 1.
570 2668 674 2732 Martii
699 2668 746 2730 St.
772 2669 844 2731 Vet.
870 2689 936 2731 cum
960 2690 1014 2752 per
1038 2669 1259 2752 liseptimanas
1282 2690 1320 2733 ex
1342 2668 1515 2749 haemoptoi
1539 2669 1595 2731 de·

237 2759 399 2822 cubuisset.
448 2759 581 2840 Cumque
605 2758 686 2821 cirea
708 2777 761 2819 eos
785 2759 850 2821 dies
874 2759 969 2822 validi
993 2762 1157 2839 perflarent
1179 2761 1271 2836 veuti,
1297 2768 1420 2839 etpost
1444 2759 1510 2839 ejus
1534 2759 1593 2821 diei

158 2839 163 2852 ’
237 2848 391 2911 meridiem
414 2843 606 2911 vehementer
629 2846 901 2909 tumultuarentur:
928 2849 1068 2912 dixerunt
1091 2850 1269 2924 adversarii,
1294 2849 1425 2911 animaru
1449 2847 1596 2911 baeretici

237 2955 290 3017 per
314 2945 420 3000 aerem·
438 2936 630 2999 circumferri.
678 2935 732 2998 llle
756 2954 827 2997 vero
850 2937 1027 3000 beatissime
1052 2949 1084 3000 et
1105 2938 1311 3018 placidissime
1335 2936 1483 3000 occubuit

310 3139 467 3204 mologlea
485 3139 549 3189 haec
567 3138 671 3203 Kepleri
693 3139 801 3202 judieim
829 3141 899 3205 qnasi
925 3139 957 3190 ad
980 3141 1144 3191 exercendum
1157 3123 1193 3191 ‘se
1218 3143 1244 3191 in
1266 3157 1293 3192 re
1316 3140 1446 3207 incognita
1463 3139 1596 3192 Maeatlinc

236 3211 369 3333 gopenta.
389 3211 453 3260 tristi
470 3212 631 3274 comprobata
648 3215 707 3260 sunt
724 3218 823 3261 aventu.
859 3211 909 3262 Die
925 3215 979 3275 jam
994 3209 1031 3262 tt
1048 3219 1105 3278 post
1123 3213 1187 3263 diem
1205 3214 1317 3264 nativum
1334 3215 1395 3264 obiit
1413 3212 1516 3278 Keplem
1532 3213 1596 3264 tilius

264 3283 369 3339 endem.
389 3281 453 3347 qued
471 3279 509 3343 (d.
530 3279 571 3332 ll.
589 3282 649 3333 Jun.
672 3278 751 3342 rsus)
769 3282 807 3332 his
824 3282 959 3335 Maartlino
976 3286 1092 3335 nunciat:

325 3378 372 3441 De
388 3387 484 3440 morte
504 3378 587 3440 filioli
610 3380 654 3441 tui
670 3386 756 3441 tanto
780 3380 835 3442 tibi
851 3382 1057 3444 vehementius
1075 3381 1229 3458 condoleo,
1254 3383 1342 3464 quod,
1367 3389 1497 3463 quantus
1512 3381 1596 3444 dolor

240 3468 438 3542 maluerit,
464 3487 502 3529 ex
526 3487 592 3529 meo
616 3469 710 3549 ipsius
734 3470 940 3548 conjecturam
964 3472 1056 3547 facio,
1081 3471 1126 3533 oui
1152 3471 1255 3533 itidem
1279 3472 1362 3533 Deus
1386 3470 1424 3535 Ο.
1448 3471 1492 3532 Μ.
1516 3470 1596 3532 tilio·

240 3558 299 3619 lnm
322 3557 485 3619 Henricnm
509 3576 544 3618 eo
568 3558 634 3637 ipso
659 3567 792 3638 tempore
817 3578 855 3619 ex
877 3559 935 3621 bac
959 3562 1024 3621 vita
1047 3561 1204 3634 evocavit,
1229 3579 1287 3639 quo
1311 3558 1370 3639 ipsi
1393 3578 1440 3621 rue
1464 3566 1596 3620 metuere

239 3646 294 3708 tibi
318 3644 435 3727 scripsi.
481 3645 561 3708 Nam
586 3647 632 3708 die
661 3644 688 3707 l.
713 3647 829 3726 Aprilis
852 3658 1011 3726 aegrotare
1034 3649 1144 3728 coepit,
1169 3648 1217 3708 die
1242 3645 1271 3709 3.
1298 3648 1431 3727 ejusdem
1455 3647 1529 3708 bora
1555 3644 1594 3710 12

240 3734 406 3798 meridiana
432 3742 566 3796 mortuus
597 3742 657 3810 est,
692 3735 757 3796 dies
785 3743 875 3799 uatus
905 3738 1066 3816 sexaginta
1095 3736 1218 3799 dimidio
1246 3738 1352 3800 minus.
1398 3735 1447 3797 Ex
1478 3736 1594 3815 pallore

240 3824 396 3885 cadaveris
419 3823 450 3884 in
474 3823 618 3886 lateribus
642 3824 842 3902 collegerunt,
878 3834 1066 3904 apostemate
1090 3825 1200 3905 capitis
1226 3826 1391 3887 extinctum
1415 3844 1494 3888 esse.
1533 3824 1597 3886 De·

241 3912 382 3973 siderium
412 3912 477 3991 ejus
506 3913 590 3973 uxori
619 3931 704 3974 meae
732 3914 815 3975 nulla
845 3914 909 3974 dies
934 3914 1040 3987 leniet3
1075 3914 1147 3975 milri
1171 3914 1243 3975 illud
1268 3914 1350 3976 cordi
1374 3913 1598 3976 estt‘Vanitas

242 4002 438 4070 vanitatum,
472 4009 504 4061 et
532 4002 631 4062 omnia
660 4001 801 4063 Vanitas.
848 4003 941 4064 anit
964 4003 1060 4080 Deus,
1093 4011 1128 4066 ut
1150 4004 1269 4065 faustae
1303 4012 1372 4066 tuae
1404 4003 1597 4083 precationes

162 4162 166 4173 ⁵
241 4090 309 4152 aliis
332 4089 362 4150 in
385 4090 475 4151 rebus
499 4090 574 4151 meis
597 4098 681 4151 ratae
707 4091 778 4152 sint.

330 4178 562 4240 Zimmermanni
578 4188 706 4242 mortem
728 4191 891 4259 sequuntur
913 4180 1014 4242 tristia
1032 4190 1179 4261 tempora.
1227 4173 1488 4243 ferdinandus
1511 4180 1595 4259 priu-

241 4286 312 4347 ceps
336 4268 364 4329 in
381 4267 501 4330 Italiam
525 4267 613 4343 abiit;
637 4269 795 4331 Ferrariae
820 4269 918 4350 ipsum
932 4269 1053 4349 Jupiter
1066 4270 1222 4332 Romanus
1245 4289 1351 4331 mensa
1373 4269 1517 4349 dignatus
1540 4277 1596 4331 est

242 4357 275 4418 ln
299 4357 429 4418 transitu
452 4357 596 4419 torrentis
620 4357 747 4438 alicujus
771 4376 877 4438 pamm
901 4359 1007 4436 abfuit,
1032 4359 1101 4440 quin
1126 4360 1266 4439 princeps
1289 4359 1494 4420 suffocaretur.
1529 4358 1597 4419 Vo-

242 4453 303 4506 tum
318 4445 434 4508 Mariae
452 4445 643 4508 Lauretanae
667 4447 843 4527 concepisse
868 4448 984 4523 dicitur,
1010 4448 1174 4528 statimqne
1197 4447 1227 4508 in
1252 4447 1330 4509 vado
1354 4447 1490 4510 stetisse.
1532 4447 1597 4509 Nee

243 4533 339 4596 minus
361 4534 391 4595 in
415 4534 491 4595 mari
504 4536 624 4597 Veneto
647 4536 836 4615 periclitatus
860 4544 918 4598 est.
965 4536 1122 4599 Ferrariae
1147 4536 1323 4598 adventanti
1337 4535 1407 4597 Jovi
1430 4543 1463 4596 et
1481 4535 1598 4597 nomine

243 4622 307 4701 ejus
340 4623 443 4683 clienti
475 4626 651 4704 spectacula
683 4623 817 4686 exhibita
845 4624 941 4705 ignita
969 4626 1025 4686 snb
1053 4642 1228 4703 vesperam:
1262 4623 1313 4686 ubi
1342 4624 1447 4685 domus
1478 4625 1599 4687 flamma

243 4730 280 4772 ex
303 4710 364 4790 igui
386 4710 508 4773 volante
532 4721 692 4793 concepta,
724 4733 866 4793 cumpro
891 4713 1004 4774 ludicro
1029 4720 1216 4793 spectaretur
1246 4713 1413 4774 incendium
1444 4720 1476 4774 et
1498 4713 1597 4793 negil-

244 4808 375 4880 geretnr,
400 4800 600 4884 conflagravit
620 4808 696 4877 tota,
721 4811 753 4863 et
776 4802 870 4884 (quod
893 4802 986 4863 semel
1011 4808 1127 4863 tantum
1141 4802 1285 4875 anditum,
1310 4801 1348 4863 ab
1363 4800 1480 4863 bomine
1496 4808 1597 4868 tamen
