3609 5634
901 361 1063 413 hosarum

307 524 502 589 nepen’h'erimo
520 523 618 589 quidem
637 522 725 573 uuis
742 521 872 581 ismenus,
890 521 928 572 rel
946 521 1162 585 poeinsemaium,
1180 519 1206 568 in
1224 519 1424 579 mtemrerit
1453 514 1658 578 laureroKep-

308 597 372 646 lerna
390 603 473 645 noster
491 596 648 645 solertissimo
667 609 697 643 er
715 595 851 658 geometria
869 595 968 643 invento
987 593 1079 642 orbium
1097 606 1142 641 seu
1160 589 1317 654 sphaerarum
1336 589 1477 639 mdeeiium
1491 593 1586 638 eertum
1603 586 1658 635 fiai·

137 708 143 727 ,
192 704 197 711 .
307 677 408 731 tumque
427 682 555 717 numerum
574 674 600 717 et
616 667 735 719 ordinem,
754 670 829 728 utque
846 665 913 729 qnod
928 667 1061 714 marimum
1080 671 1126 723 est,
1146 669 1239 711 certam
1256 661 1461 725 magnitudinum,
1480 660 1546 709 sicut
1562 664 1589 708 et
1605 672 1656 707 mc·

308 746 392 796 tuum,
412 738 445 789 ad
462 754 490 789 se
506 746 591 789 mutuo
609 738 788 802 proportionem
806 737 897 794 tradit3
921 744 948 787 et
964 736 1037 800 penio
1056 735 1130 785 altius
1147 740 1227 783 sumto
1245 734 1315 783 initio
1332 731 1454 787 ostendit,
1475 729 1540 795 quod
1558 728 1660 779 Creator

307 811 376 860 Dens
389 809 446 874 Opt.
459 809 527 860 Μαι.
546 812 572 860 in
590 808 674 859 muudi
692 809 826 867 creatione,
842 812 916 871 juxte
933 809 1038 873 quinque
1055 807 1204 873 regularium
1223 819 1347 867 corporum
1366 805 1578 869 geometricorum,
1597 800 1660 864 alias

308 882 418 932 erunibus
437 883 567 946 geometris
585 881 773 935 uotiseimorum,
791 882 979 944 proportionem,
998 879 1115 942 spheeras
1132 877 1251 928 coelestes
1268 874 1369 925 mobiles
1385 875 1555 928 tabdcarsrit,
1573 878 1658 923 extem

308 954 386 1007 derit,
406 953 564 1016 disposuerit,
596 952 751 1001 adornaverit
774 955 800 1001 et
817 951 972 1002 ordinaverit.
1010 952 1091 1014 Atque
1108 949 1174 999 hanc
1191 948 1341 997 sententiam
1359 949 1411 1010 ipse
1428 961 1478 995 non
1495 944 1595 1009 logicis,
1612 958 1661 994 nec

307 1025 401 1076 loribus
414 1030 458 1074 aut
470 1022 559 1081 dubiis,
577 1024 615 1074 rel
629 1023 742 1078 anilibus,
759 1022 836 1072 multo
846 1024 929 1072 minus
948 1022 1035 1073 alienis
1052 1029 1127 1085 etque
1146 1019 1179 1070 ad
1189 1020 1339 1083 propositum
1350 1033 1422 1068 sunm
1432 1017 1551 1067 violenter
1562 1016 1661 1075 edecus
1729 1064 1733 1075 ,

307 1096 462 1158 ωπίοοωήι,
481 1096 525 1144 sed
542 1084 671 1160 genuinis,
688 1095 868 1158 proprissimir,
887 1102 941 1144 tam
958 1108 989 1143 er
1006 1109 1087 1144 rernm
1105 1099 1206 1150 merra,
1225 1105 1300 1155 quam
1318 1105 1349 1139 ex
1365 1089 1501 1154 gmmetria
1518 1088 1660 1151 depromtis,

306 1168 393 1232 quibus
412 1166 546 1217 mutradici
564 1181 614 1216 nou
631 1172 722 1230 potest,
740 1166 876 1215 ndociniis
894 1165 1031 1215 confirmat
1069 1164 1177 1225 Quormu
1195 1162 1346 1226 potissimum
1364 1168 1410 1218 est,
1433 1160 1619 1226 elegentissime
1635 1164 1662 1209 et

306 1238 453 1289 scarheima
468 1238 605 1294 harmonia,
625 1243 651 1287 et
669 1250 807 1288 consonans
825 1244 961 1287 concentus
980 1236 1070 1287 oslemi
1088 1235 1244 1286 mnasonis
1262 1249 1293 1283 er
1305 1232 1513 1283 observationibus
1529 1234 1583 1295 jam
1600 1236 1660 1281 aute

306 1309 403 1374 proditi,
422 1325 478 1359 cum
496 1311 602 1373 quinque
620 1308 768 1374 regularium
786 1322 913 1372 corporum
932 1308 1093 1359 diutemaiie
1123 1305 1229 1366 Quantis
1241 1306 1307 1354 enim
1322 1303 1457 1354 insensilia
1474 1303 1595 1367 sphaeras
1614 1303 1661 1352 cir·

306 1382 470 1444 mmeriptae
487 1381 550 1431 cubo
568 1380 767 1433 recharedo,
789 1380 911 1443 pyramidi
929 1394 973 1430 seu
991 1379 1129 1435 teti-aedro,
1148 1376 1316 1431 dodecuedro,
1333 1375 1476 1432 icesmdro,
1496 1374 1627 1430 octaedro,
1646 1387 1663 1423 a

306 1452 416 1516 sphaeris
433 1451 473 1502 his
490 1453 578 1503 iisdem
596 1452 735 1515 corporibus
753 1452 876 1515 inscriptis
894 1451 1020 1516 sigillam
1032 1452 1141 1507 distantr
1159 1455 1233 1498 tenta
1250 1449 1326 1498 etiam
1343 1448 1477 1498 interstitia
1493 1448 1557 1496 inter
1574 1445 1661 1510 plane·

307 1525 383 1574 turias
401 1524 520 1588 sphaeras
538 1538 568 1574 ea
586 1523 671 1573 ordine
688 1524 835 1587 interposite
851 1537 907 1573 erre
925 1524 1105 1573 astronomicae
1116 1520 1299 1572 numerationes
1318 1520 1449 1584 (quantum
1461 1518 1559 1582 quidem
1571 1518 1604 1568 ab
1616 1517 1662 1573 eis,

306 1595 393 1659 quibua
411 1610 460 1644 non
478 1609 561 1658 panea
578 1594 660 1644 adium
682 1593 787 1644 deiicere
810 1609 881 1643 nemo
906 1593 1115 1645 observationibus
1132 1594 1242 1642 intenms
1260 1592 1355 1648 nescit,
1380 1591 1428 1640 hue
1445 1604 1523 1655 usque
1540 1589 1663 1653 praenes·

301 1667 385 1739 potuit
407 1672 451 1717 eut
474 1667 619 1729 praestitum
642 1662 692 1723 eet)
711 1666 844 1716 clarissime
861 1665 981 1716 indicant
1021 1667 1060 1716 Ab
1077 1666 1125 1715 boe
1142 1665 1217 1729 iyitm
1234 1668 1356 1726 tempore,
1381 1663 1424 1725 qni
1441 1661 1562 1711 coelorum
1581 1665 1663 1710 metm

304 1737 400 1800 plenius
417 1739 554 1801 inquirere,
580 1745 606 1787 et
623 1751 688 1802 quas
707 1739 733 1786 in
752 1737 903 1787 astronomia
921 1738 1002 1788 adhuc
1019 1751 1111 1787 mensa
1135 1742 1208 1794 snut,
1233 1734 1334 1785 reficere
1359 1741 1385 1783 et
1402 1733 1569 1798 redintegrare
1586 1730 1663 1787 volet,

304 1809 380 1859 habet
394 1811 448 1872 jam
466 1808 483 1857 t
500 1810 573 1872 priori
593 1814 722 1873 patentem
738 1811 851 1871 januam,
871 1823 921 1872 qna
938 1810 1098 1875 ingrediatur,
1115 1808 1192 1858 habet
1210 1807 1372 1863 rectissimam
1389 1820 1508 1866 normam,
1528 1804 1663 1869 adquam,

305 1894 352 1931 ceu
369 1880 403 1930 ad
420 1880 526 1942 Lydium
543 1880 665 1945 lapidem,
693 1895 777 1930 omues
796 1894 855 1930 suas
878 1880 1077 1941 observationes,
1103 1886 1230 1941 totumque
1255 1878 1377 1928 menium
1403 1879 1535 1928 examinet.
1570 1876 1664 1927 Merito

304 1952 380 2018 igitur
391 1957 476 2001 nostro
488 1951 572 2003 aeenlo
590 1952 622 2001 de
633 1953 682 2002 hoc
695 1951 893 2002 meedendesimi
906 1951 1079 2002 Mathematici
1091 1950 1193 2015 Kepleri
1211 1950 1406 2014 ingeniosiisimo
1424 1951 1525 1999 invento
1543 1948 1661 2013 gratuler,

304 2021 365 2075 nihil
384 2023 513 2080 dubitans,
533 2025 592 2087 quin
610 2039 654 2088 per
671 2023 697 2074 id
714 2028 794 2073 totam
812 2025 987 2073 asmonomiam
1004 2024 1144 2087 propeffiem
1162 2026 1327 2071 mtauratam
1345 2022 1418 2070 visuri
1436 2021 1520 2070 rimus.

374 2093 448 2154 Quod
465 2096 487 2144 si
505 2109 587 2160 quem,
606 2097 671 2146 nent
686 2096 808 2145 lienteum
825 2110 873 2144 unu
892 2109 994 2157 pancos,
1014 2094 1142 2158 coperuici
1153 2093 1326 2156 hypothesium
1338 2108 1354 2143 a
1366 2092 1449 2143 multis
1461 2092 1588 2157 illegitime
1602 2107 1662 2142 eon·

305 2166 426 2216 damnata
442 2172 469 2215 et
485 2172 584 2230 praeter
601 2167 723 2217 udonem
740 2165 872 2216 dismata
883 2167 1021 2217 absurditas
1034 2164 1150 2224 offendite
1170 2171 1197 2220 ti
1213 2164 1278 2227 quod
1290 2165 1413 2226 Keplerm
1430 2164 1477 2214 hoc
1494 2179 1538 2216 suo
1553 2164 1663 2221 iurante.

305 2251 430 2287 unacum
450 2236 601 2302 Oopemico,
624 2238 751 2289 stellarum
772 2237 877 2288 fixarum
894 2239 920 2286 iu
939 2246 1059 2297 extremo,
1085 2245 1112 2289 et
1129 2236 1193 2289 Solis
1210 2237 1236 2284 in
1254 2235 1338 2285 mnudi
1355 2241 1441 2286 senno
1458 2235 1663 2291 immobilitatem,

304 2314 378 2373 atque
403 2308 495 2358 Terrae
520 2315 590 2359 ertra
612 2310 719 2359 medum
742 2309 885 2359 cimulamm
902 2309 1067 2360 mobilitatem
1086 2311 1188 2360 munit:
1215 2308 1344 2371 isqnasso
1363 2308 1429 2371 prins
1448 2322 1500 2356 rem
1518 2312 1662 2371 cognoscet.

304 2386 331 2429 et
349 2381 487 2438 examinet,
513 2395 587 2446 quam
604 2383 718 2445 praecoci
735 2381 885 2445 praeiudicio
903 2384 1054 2430 sententiam
1070 2380 1151 2436 ieratr
1177 2379 1198 2427 ia
1221 2378 1303 2442 legat,
1331 2393 1395 2441 quae
1415 2377 1564 2442 Cepernicm
1580 2378 1621 2428 lib
1640 2378 1663 2429 L

303 2465 359 2515 cap.
377 2450 410 2502 V,
433 2458 460 2502 st
484 2453 590 2518 quinque
614 2453 786 2517 sequentibus,
811 2454 871 2501 item
893 2466 958 2516 qnae
985 2452 1108 2516 Keplerns
1130 2458 1214 2501 noster
1237 2464 1292 2513 cap.
1311 2451 1331 2500 1.
1356 2452 1394 2500 sui
1412 2448 1538 2500 Prodromi
1561 2450 1661 2500 scribit:

303 2538 349 2573 uec
366 2537 417 2572 uon
434 2537 498 2588 quae
517 2521 637 2575 Rheticm
655 2529 773 2588 sequente
791 2524 934 2574 narratione
952 2523 1042 2581 habet,
1071 2525 1114 2574 ubi
1131 2520 1279 2586 principales
1297 2523 1405 2572 rationes
1423 2529 1567 2577 enumeret,
1586 2536 1664 2586 quam

304 2600 447 2645 aretemm
465 2602 658 2645 astronomorum
675 2595 850 2659 hypothesibus
866 2595 1033 2646 recedendum
1050 2597 1131 2647 inerit
1169 2594 1202 2643 Et
1224 2593 1331 2643 videbit:
1357 2594 1527 2658 quaestionem
1550 2593 1581 2643 de
1608 2593 1664 2642 loco

305 2672 332 2714 et
347 2672 469 2729 perpetua
486 2668 568 2730 quiete
586 2666 678 2717 Terrae
696 2681 852 2732 nequequam
869 2665 987 2729 liquidam
1006 2681 1069 2718 esse.
1108 2666 1203 2727 Quibus
1221 2664 1288 2714 istud
1306 2666 1422 2729 adiungo.

377 2736 482 2786 Uritatis
500 2751 561 2786 saue
579 2732 767 2801 hypothesibus,
790 2752 855 2802 quan
881 2739 1074 2801 praescriptione
1098 2739 1179 2802 potins
1202 2750 1276 2798 quam
1293 2738 1390 2786 ratiom
1408 2735 1493 2786 radent
1516 2733 1618 2795 (idcirco
1636 2742 1665 2785 et

303 2807 377 2872 vulgo
397 2821 441 2858 eas
458 2809 568 2871 proponi,
588 2816 615 2858 et
632 2816 731 2872 tyrones
748 2810 860 2872 primitus
877 2809 903 2859 iu
922 2810 966 2868 eis,
985 2809 1053 2859 relnt
1064 2811 1225 2860 communiter
1236 2808 1309 2862 notis,
1329 2813 1357 2858 st
1373 2808 1403 2857 ob
1421 2807 1446 2856 id
1463 2808 1543 2870 ipsum
1562 2808 1664 2870 cognitu

305 2879 471 2937 facilioribus,
494 2880 619 2930 informari
636 2882 715 2931 satius
733 2888 759 2930 et
776 2879 911 2930 consultius
930 2887 982 2929 est:
999 2882 1037 2930 ita
1055 2881 1155 2931 enodem
1173 2882 1199 2929 iu
1218 2881 1306 2945 ceteris
1325 2879 1545 2943 disputationibus,
1564 2879 1611 2927 uiri
1630 2877 1663 2928 ad

305 2952 423 3000 interiora
441 2953 605 3001 astronomiae
622 2952 761 3015 penetralia
777 2951 965 3016 ingrediendum
982 2953 1023 3005 rit,
1043 2953 1204 3003 communiter
1222 2951 1331 3009 retineri,
1350 2951 1456 3000 eandem
1473 2950 1504 2998 ob
1521 2963 1623 2999 causam
1635 2956 1665 2998 nt

305 3021 436 3085 plurimum
454 3018 565 3085 expedit)
584 3022 662 3073 Terra
677 3023 702 3072 in
721 3022 801 3072 medio
819 3023 905 3086 quieta
922 3025 1051 3075 statuitur.
1070 3024 1196 3087 potissimo
1215 3028 1360 3086 argumento
1379 3037 1395 3072 a
1412 3022 1542 3087 gra'ritatis
1559 3025 1586 3071 et
1603 3020 1662 3070 ieri-

305 3092 365 3141 tatis
382 3094 513 3142 momentis
531 3093 658 3151 desumto,
684 3095 743 3156 qula
765 3095 852 3158 gravia
869 3092 901 3143 ad
920 3093 1004 3142 mundi
1027 3094 1135 3145 medium
1158 3093 1285 3150 deomnm,
1310 3093 1376 3143 levia
1397 3094 1429 3144 ab
1452 3092 1562 3155 eiusdem
1580 3091 1662 3142 medio

305 3152 401 3212 snr'snm
419 3164 476 3213 ierri
495 3164 617 3214 dicuntur.
655 3166 689 3214 At
707 3178 798 3229 quaeso
815 3165 882 3213 unde
900 3165 970 3214 nobis
988 3165 1051 3216 haec
1069 3166 1158 3215 levium
1177 3165 1334 3229 graviumque
1361 3162 1530 3227 experientia?
1558 3169 1585 3214 st
1602 3178 1662 3227 quo·

304 3248 382 3298 nsque
407 3237 606 3287 eorum‘notitia
628 3236 694 3299 apud
716 3250 762 3285 uos
784 3250 812 3285 se
834 3235 960 3295 extendit,
986 3244 1016 3286 nt
1039 3252 1069 3286 er
1098 3237 1134 3287 eis
1152 3238 1228 3285 totius
1246 3237 1331 3286 mundi
1348 3236 1455 3287 medinm
1474 3242 1541 3285 certo
1559 3249 1663 3299 arguere

304 3304 447 3370 porrimns'l
470 3308 512 3357 Au
529 3322 579 3357 uon
597 3308 676 3357 omnis
694 3307 768 3357 sedes
785 3312 812 3356 et
829 3312 909 3356 totum
926 3307 1075 3358 domicilium
1094 3309 1202 3357 omnium
1221 3321 1394 3371 eorumquae
1412 3306 1482 3356 nobie
1500 3307 1587 3372 gravia
1603 3314 1663 3357 sunt

305 3381 350 3426 aut
367 3376 440 3435 leria,
459 3378 545 3436 Terra,
563 3385 590 3428 et
608 3380 676 3429 circa
693 3377 795 3428 Terram
814 3392 857 3427 aer
868 3376 933 3433 ,esti
962 3377 1012 3428 Sed
1024 3378 1082 3444 qnid
1094 3379 1180 3435 Terra,
1198 3378 1256 3443 quid
1274 3394 1329 3428 eam
1348 3379 1458 3428 ambiens
1477 3393 1528 3438 aer,
1547 3384 1661 3442 respectu

304 3449 441 3498 immensae
458 3451 533 3500 totius
551 3450 636 3499 mundi
653 3447 799 3499 rmtitatie?
825 3448 949 3499 Punctum
963 3456 1029 3505 sunt.
1047 3452 1098 3500 sire
1110 3450 1229 3513 punctuli,
1248 3457 1275 3499 et
1291 3452 1312 3499 si
1330 3449 1388 3515 quid
1405 3452 1486 3499 minus
1503 3450 1551 3500 diei
1568 3457 1659 3514 possea

304 3520 425 3572 ratium
437 3520 539 3571 habeut.
568 3520 641 3581 Quod
659 3536 715 3572 cum
733 3521 773 3577 sit,
793 3535 826 3570 an
844 3536 894 3570 nou
912 3520 1079 3585 philosophum
1098 3522 1222 3572 dicturum
1239 3528 1322 3586 putas,
1340 3522 1404 3585 quod
1421 3521 1519 3571 infirma
1530 3535 1660 3586 argumen-

303 3592 366 3641 tatio
384 3604 401 3640 a
418 3592 549 3655 particula,
569 3594 619 3643 sire
636 3591 683 3642 hoc
701 3591 818 3656 punctulo
837 3592 871 3641 ad
887 3599 966 3642 totum
978 3593 1095 3644 mundum
1108 3592 1253 3643 extruetur?
1281 3592 1337 3642 lion
1356 3608 1415 3657 ergo
1439 3607 1470 3643 ex
1490 3593 1527 3650 iis,
1546 3607 1610 3657 quae
1628 3594 1662 3645 ad

303 3662 350 3711 hoc
368 3663 512 3726 punctulum
530 3670 659 3729 appetunt,
678 3664 717 3714 rel
737 3663 768 3713 ab
787 3678 816 3714 so
835 3664 973 3729 refugiunt,
990 3665 1022 3714 de
1041 3665 1214 3728 speciosissimi
1232 3664 1304 3727 hujus
1322 3664 1406 3713 muudi
1424 3670 1509 3714 centro
1528 3666 1588 3715 certi
1607 3679 1662 3715 esse

303 3747 438 3797 possumus.
469 3734 563 3785 Locum
581 3735 679 3800 quidem
697 3750 768 3785 suum
786 3736 917 3799 proprium,
937 3737 978 3800 qni
996 3735 1138 3800 philosopho
1156 3742 1221 3785 teste
1241 3742 1279 3785 est
1297 3736 1414 3800 perlectio
1432 3736 1476 3793 rei,
1494 3734 1559 3786 haec
1576 3742 1663 3786 nostra
1737 3782 1741 3787 .

303 3804 390 3869 gravia
415 3811 440 3855 et
466 3807 531 3857 levia
553 3821 570 3857 a
591 3812 684 3858 natura
701 3807 747 3857 sibi
766 3808 884 3856 tributum
902 3814 1037 3870 appetunt.
1063 3821 1138 3870 qnam
1161 3807 1331 3865 allectionem,
1359 3814 1387 3858 ut
1406 3806 1555 3871 (lopernions
1574 3808 1615 3857 lib.
1636 3806 1662 3856 i.

304 3889 358 3939 cap.
378 3873 403 3923 e.
423 3878 517 3928 erudite
536 3879 648 3937 disserit,
667 3878 782 3929 credibile
801 3885 840 3928 est
858 3879 934 3928 stiam
952 3878 1017 3936 Soli,
1035 3879 1136 3936 Lunae,
1161 3880 1296 3943 ceterisque
1321 3880 1454 3928 errantium
1471 3878 1604 3943 fulgoribus
1621 3881 1660 3929 iu·

304 3961 366 4003 esse,
385 3953 414 3996 ut
431 3952 483 4012 ejus
503 3946 658 4001 efficacia'in
677 3965 716 4006 ea,
735 3964 785 4013 qua
804 3965 831 4000 se
850 3957 1047 4013 repraesentant,
1066 3950 1218 4000 rotunditate
1235 3957 1413 4014 permaneant:
1436 3950 1537 4015 quodsi
1554 3952 1575 4000 is
1593 3951 1661 4001 locus

304 4017 394 4068 alicubi
412 4021 484 4071 simul
502 4023 535 4072 sit
554 4022 638 4072 mundi
656 4028 776 4080 centrum,
795 4021 822 4070 id
839 4035 888 4070 nou
903 4022 950 4070 nisi
962 4036 1006 4085 per
1019 4021 1135 4071 accidens
1148 4023 1277 4087 contingit.
1305 4020 1398 4072 Verum
1411 4020 1539 4085 Copemici
1552 4023 1662 4073 ηοίοηοο

236 4144 239 4159 Ι
303 4093 484 4143 astronomicae
502 4109 552 4144 non
570 4108 587 4144 a
603 4093 741 4158 particula,
766 4105 845 4158 eaque
870 4092 1049 4149 minutissima.
1074 4091 1107 4142 ad
1124 4098 1217 4141 totum:
1241 4093 1285 4143 sed
1303 4100 1403 4151 contra,
1423 4108 1440 4144 a
1456 4099 1509 4142 toto
1528 4093 1560 4143 ad
1577 4096 1661 4159 partes

304 4162 449 4227 procedunt.

373 4232 424 4284 Sed
442 4240 468 4285 et
486 4251 516 4285 er
533 4236 586 4300 ipso
605 4234 778 4298 hypothesium
795 4235 943 4284 usitatarum
956 4240 983 4283 et
995 4233 1124 4298 Copernici
1135 4249 1251 4299 processu
1262 4236 1335 4286 iacile
1349 4238 1499 4302 agnoscitur,
1518 4243 1589 4287 utrae
1607 4236 1661 4301 phe

305 4304 363 4355 fidei
385 4312 534 4357 mereantur.
571 4306 670 4356 Etenim
689 4306 818 4371 Copernici
844 4305 992 4369 hypotheses
1019 4307 1126 4356 omnium
1153 4306 1246 4356 orbium
1269 4314 1294 4356 et
1319 4308 1477 4371 sphaerarum
1503 4308 1612 4357 ordinem
1635 4316 1662 4358 et

302 4377 498 4441 magnitudinem
516 4379 551 4428 sic
569 4384 712 4439 numerant,
739 4377 886 4441 disponunt,
911 4382 1063 4427 connectunt
1087 4385 1112 4427 et
1134 4379 1282 4435 metiuntur.
1307 4385 1336 4428 nt
1353 4379 1414 4428 nihil
1432 4380 1562 4444 quiequam
1579 4380 1606 4427 iu
1624 4380 1661 4429 eis

302 4450 393 4499 mutari
413 4456 458 4499 aut
475 4451 616 4513 transponi,
636 4450 688 4499 eine
706 4451 781 4497 totius
799 4449 906 4498 universi
927 4448 1084 4503 confusione,
1108 4451 1199 4512 possit3
1222 4451 1280 4513 quin
1299 4451 1374 4499 etiam
1393 4452 1471 4500 omnis
1490 4451 1611 4500 dubitatio
1629 4450 1660 4502 de

303 4519 351 4567 situ
369 4521 477 4570 siseris
495 4520 579 4585 procul
598 4520 699 4570 exclusa
717 4526 809 4571 manet
846 4519 956 4569 Ecoutra
983 4522 1009 4569 in
1033 4519 1209 4582 hypothesibus
1232 4522 1330 4570 urbane
1360 4537 1475 4571 numerus
1500 4522 1675 4586 sphaerarum¹

303 4591 411 4642 incertus
430 4597 475 4641 est
511 4592 560 4641 Alii
577 4593 642 4641 enim
661 4606 761 4650 uorem,
780 4592 821 4641 alii
841 4588 887 4648 io,
907 4592 950 4641 ulii
969 4588 1000 4639 11
1022 4591 1139 4654 sphaeras
1157 4598 1296 4647 numerant.
1315 4606 1361 4642 nec
1380 4593 1461 4643 adhuc
1480 4595 1595 4643 convenit
1611 4608 1658 4644 nn-

276 4698 281 4706 .
303 4675 391 4711 merua.
429 4661 495 4713 Ordo
513 4663 604 4714 ibidem
623 4670 661 4712 eet
679 4663 780 4713 dubins:
800 4662 903 4712 definita
922 4663 1049 4716 distanm,
1068 4671 1167 4726 praeter
1186 4660 1218 4723 Θ
1239 4668 1265 4713 et
1283 4657 1320 4726 3),
1338 4664 1408 4715 uuha
1426 4665 1487 4721 dari.
1507 4664 1597 4715 uedum
1615 4665 1658 4716 de-

303 4735 434 4785 monstrari
451 4740 540 4798 potest
578 4732 618 4785 De
636 4734 750 4791 Venere,
770 4732 891 4784 Mercurio
911 4739 937 4783 et
955 4733 1011 4784 Sole
1031 4733 1060 4782 lis
1078 4734 1185 4784 nondum
1205 4735 1341 4798 composita
1359 4741 1411 4795 est,
1435 4742 1481 4787 ne'c
1501 4743 1660 4801 componetur

304 4818 418 4868 nuquam
447 4804 659 4870 Regiomoutanus
677 4805 717 4855 lib.
732 4802 757 4853 t.
771 4820 825 4869 cap.
841 4803 865 4853 1.
885 4805 1010 4869 Epitomes
1028 4806 1053 4853 in
1066 4804 1165 4869 Almag.
1178 4804 1241 4854 Ptol.
1261 4806 1399 4863 conlitetnr.
1419 4807 1483 4873 quod
1500 4814 1556 4858 uter
1573 4822 1659 4858 eorum

304 4872 389 4926 Venus
406 4876 445 4927 rel
462 4875 599 4929 Mercurius
622 4890 696 4942 snpra
720 4875 825 4928 alterum
850 4878 970 4938 sitnetnr,
996 4876 1064 4927 nulle
1090 4875 1234 4928 certitudine
1257 4877 1406 4947 deprehendi
1428 4881 1512 4949 possit
1549 4879 1583 4937 itt
1599 4879 1659 4936 licet
