3609 5634
775 286 888 351 upum
907 286 1110 354 mahts

846 539 968 639 Caput
993 539 1044 615 X.

617 698 674 761 De
696 701 820 780 eripias
840 721 1045 772 nummorum
1065 699 1229 764 nobilium.
1244 708 1272 775 ⁶)

355 839 505 902 Infinitum
525 848 573 902 est
591 841 710 921 singula
729 843 877 926 persequi,
904 862 999 923 neque
1024 843 1087 904 sine
1112 843 1208 905 fructu
1232 844 1269 906 de
1293 843 1341 906 his
1365 843 1536 922 astrologus
1560 859 1631 904 am-

267 931 346 1012 plius
369 930 495 1009 cogitet.
534 931 703 993 Videamus
727 932 815 994 modo
835 941 1074 994 astronomorum
1090 931 1319 1008 arithmeticam,
1346 951 1506 1013 sacrosque
1526 951 1632 993 eorum

268 1037 417 1091 numeros,
441 1015 471 1081 6.
500 1017 548 1081 tt.
574 1015 627 1083 60.
645 1016 688 1096 ¹')
735 1022 831 1101 Igitur
854 1029 982 1102 excepto
1007 1021 1173 1102 quadrante
1198 1029 1229 1083 et
1252 1031 1402 1097 sextante,
1428 1040 1470 1084 sc.
1498 1018 1549 1097 15,
1578 1016 1632 1089 ¹0,

268 1127 370 1169 omnes
394 1110 584 1187 sexagenarii
608 1119 712 1190 partes
735 1111 917 1189 multiplices
942 1110 1129 1189 reperiuntur
1156 1112 1186 1173 in
1215 1111 1262 1172 his
1290 1110 1418 1192 quinque
1442 1110 1630 1191 corporibus.

269 1195 416 1259 Vicissim
439 1199 577 1278 exceptis
601 1200 719 1279 angulis
742 1200 841 1280 planis
865 1198 1001 1262 octaedri
1025 1207 1058 1260 et
1081 1200 1160 1275 cubi,
1184 1220 1306 1281 quorum
1321 1209 1445 1280 uterque
1464 1199 1557 1260 hahet
1575 1195 1630 1272 24,
1675 1269 1681 1276 ,

177 1347 182 1358 ,
268 1296 371 1348 cetera
393 1287 504 1362 omnia,
530 1306 606 1368 quae
630 1296 838 1365 numerantur,
864 1297 936 1351 suot
957 1307 1029 1368 pars
1052 1288 1212 1368 multiplex
1234 1288 1439 1368 sexagenarii,
1462 1297 1497 1352 ut
1520 1287 1631 1349 exuti·

269 1395 362 1450 mem,
390 1375 441 1438 vix
468 1375 520 1438 ulli
548 1396 669 1439 numero
696 1396 787 1458 posse
817 1398 853 1440 ne
878 1399 896 1439 a
918 1378 1093 1461 Pythagora
1116 1378 1235 1459 quidem
1258 1379 1351 1440 ullam
1373 1396 1437 1440 rem
1460 1376 1632 1439 naturalem

270 1464 428 1544 assignari,
454 1485 530 1547 quae
554 1465 597 1528 illi
621 1466 719 1546 magis
743 1466 785 1528 sit
807 1468 944 1548 propria,
968 1485 1057 1546 quam
1080 1467 1128 1529 hic
1151 1486 1291 1530 numerus
1316 1474 1365 1529 est
1387 1465 1477 1528 dictis
1500 1467 1630 1548 quinque

269 1552 454 1633 corporibus.
1002 1619 1005 1624 ,

357 1639 443 1705 Unus
467 1650 515 1704 est
538 1643 645 1716 cubus,
674 1642 745 1705 Una
766 1643 917 1726 pyramis,
940 1643 1041 1709 Unum
1065 1643 1290 1718 dodeeaedron,
1317 1641 1417 1707 Unum
1440 1642 1629 1720 icosatdron,

269 1729 368 1795 Unum
392 1732 572 1808 octaedron,
597 1733 696 1795 Unum
720 1733 889 1795 solitarium
913 1733 992 1795 sines
1003 1732 1103 1794 simili.

358 1820 425 1881 Duo
458 1841 584 1902 corpora
616 1821 812 1897 secundaria;
845 1822 914 1884 Duo
947 1822 1067 1885 ordines
1100 1840 1259 1903 corporum
1268 1840 1278 1897 ;
1311 1817 1390 1884 Bina
1421 1839 1540 1902 semper
1572 1819 1631 1884 subi

270 1908 401 1984 similia;
424 1909 511 1972 Duae
536 1911 682 1991 ejusmodi
706 1911 929 1973 similitudines.

358 1998 432 2060 Tres
448 2000 550 2081 auguli
569 2000 685 2063 basium
700 1999 730 2062 in
744 2000 911 2084 pyramide,
931 1999 1099 2076 icosaedro,
1115 1998 1267 2073 octaedro,
1290 1998 1360 2078 quia
1374 2001 1465 2060 bases
1480 1998 1630 2061 trilatera.

269 2085 342 2151 Tria
363 2088 507 2167 primaria
530 2108 665 2169 corpora.
712 2090 788 2152 Tres
812 2090 988 2168 angulorum
1013 2088 1212 2150 differentiae.

359 2174 498 2247 Quatuor
522 2178 623 2254 anguli
648 2185 679 2239 et
701 2179 801 2241 latera
823 2178 906 2240 basis
930 2179 960 2240 iu
984 2177 1071 2240 cubo.
1110 2175 1248 2248 Quatnor
1272 2176 1361 2238 solidi
1384 2174 1550 2259 pyramidis
1574 2195 1632 2237 au-

270 2266 342 2347 guli.
390 2263 528 2337 Quatuor
552 2267 685 2346 ejusdem
707 2267 808 2331 bases.

359 2353 498 2435 Quinque
522 2375 657 2436 corpora.
705 2353 843 2438 Quinque
868 2353 970 2435 anguli
994 2362 1026 2415 et
1048 2355 1147 2417 latera
1169 2353 1198 2415 in
1221 2354 1288 2416 hasi
1314 2352 1541 2416 dodecatdrica.

360 2441 423 2506 Sex
446 2445 548 2526 auguli
572 2444 717 2510 octaedri.
756 2444 818 2510 Sex
841 2446 942 2507 latera
963 2442 1138 2526 pyramidis.
1177 2441 1239 2506 Sex
1262 2443 1353 2505 bases
1377 2442 1455 2505 cubi.
1501 2439 1633 2503 Pulcher

270 2552 421 2596 numerus.

360 2620 440 2683 Octo
463 2621 555 2683 bases
579 2619 725 2684 octaedri.
773 2619 852 2683 Octo
878 2619 980 2700 anguli
1004 2619 1083 2682 cubi.
1097 2619 1127 2692 ι’)

360 2711 526 2772 Duodecim
551 2711 642 2772 bases
666 2709 857 2773 dodecatdri.
896 2708 1064 2772 Duodecim
1086 2709 1186 2770 latera
1208 2708 1355 2771 octaedri.
1400 2711 1477 2771 item
1499 2715 1532 2769 et
1554 2704 1632 2769 cubi.

273 2799 440 2861 Duodecim
464 2799 565 2878 anguli
589 2799 748 2861 icosatdri.
795 2797 962 2861 Duodecim
984 2797 1067 2879 plani
1091 2796 1193 2878 auguli
1217 2797 1390 2878 pyramidis.

360 2881 441 2950 Ecce
465 2888 513 2949 hic
538 2908 676 2949 numems
699 2889 729 2950 in
755 2889 891 2950 omnihus
917 2888 1045 2968 quinque
1070 2894 1127 2948 est.

361 2976 480 3055 Viginti
505 2978 596 3038 bases
620 2976 779 3039 icosaedri.
827 2977 946 3058 Viginti
971 2975 1073 3054 anguli
1098 2974 1290 3037 dodecaiedri.

360 3065 480 3146 Viginti
504 3074 631 3145 quatuor
654 3065 755 3145 anguli
783 3065 866 3145 plani
896 3064 1032 3127 octaedri
1056 3073 1088 3126 et
1111 3064 1188 3127 cubi.
1234 3063 1293 3125 ffic
1317 3062 1433 3144 alienus
1457 3068 1504 3123 est
1527 3078 1633 3121 uume-

272 3173 336 3228 rus,
361 3155 417 3216 sed
440 3172 494 3215 nec
517 3155 697 3234 praecipuae
720 3154 773 3227 rei,
799 3174 853 3217 nec
877 3153 921 3216 ita
944 3154 1081 3216 alienus:
1108 3161 1156 3216 est
1179 3153 1257 3215 enim
1280 3152 1328 3214 bis
1355 3148 1404 3226 tt,
1430 3159 1477 3213 ter
1500 3145 1531 3223 8,
1556 3168 1633 3230 qua-

273 3250 319 3304 ter
343 3239 379 3316 6,
404 3242 454 3322 qui
479 3261 582 3303 omnes
605 3244 729 3304 suntin
753 3238 806 3305 60.

363 3331 502 3410 Triginta
526 3331 623 3393 latera
647 3331 795 3393 icosaedri
819 3338 852 3393 et
875 3330 1067 3392 dodecaedri.

283 3469 287 3476 .
363 3418 534 3498 Sexaginta
555 3420 639 3499 plani
663 3420 765 3501 anguli
789 3419 971 3482 dodecabdri
994 3427 1026 3481 et
1049 3419 1207 3482 icosaedri.

362 3508 585 3588 Praetereaque
609 3508 682 3571 nihil
705 3517 888 3581 numeratur,
913 3508 971 3570 nisi
993 3527 1125 3570 summas
1144 3508 1274 3570 omnium
1297 3507 1427 3568 laterum
1450 3510 1482 3565 et
1505 3501 1635 3582 angulo-

271 3616 339 3662 rum
361 3596 437 3659 iuire
461 3596 598 3668 velimus,
622 3599 700 3677 quod
719 3597 846 3661 alienius
866 3605 924 3660 est.
954 3598 1030 3659 Tum
1051 3597 1231 3677 provenient
1254 3594 1355 3675 anguli
1379 3592 1635 3655 denominantium

273 3685 392 3748 basium
418 3682 468 3759 18,
495 3685 588 3747 iacies
612 3684 665 3759 50,
691 3687 791 3768 auguli
815 3687 952 3763 totidem,
976 3683 1141 3763 laterallO,
1167 3687 1269 3766 anguli
1292 3685 1374 3766 plani
1401 3679 1474 3746 180.
1511 3682 1635 3745 Numeri

274 3774 397 3854 cognati
420 3793 533 3836 omues.

740 3950 785 4013 IN
808 3949 949 4014 CAPUT
970 3949 1170 4015 DECIMUM

799 4072 915 4125 nonan
933 4072 1110 4125 succorum.

334 4177 367 4248 al
387 4183 425 4238 Ut
438 4199 524 4253 supra
540 4181 602 4251 jam
615 4181 716 4239 dictum
730 4190 782 4247 est
798 4184 884 4239 omnis
898 4199 1072 4239 numerorum
1090 4182 1222 4238 nobilitas
1237 4177 1335 4253 (quatu
1355 4182 1504 4253 praecipue
1518 4180 1635 4236 admira·

273 4269 319 4322 tur
341 4263 487 4334 theologia
508 4263 713 4333 Pythagorica,
736 4266 874 4335 rebusque
893 4264 991 4319 divinis
1013 4261 1170 4334 comparat)
1191 4270 1236 4318 est
1262 4262 1390 4333 primitus
1413 4281 1451 4317 ex
1470 4263 1634 4333 geomeffia
1693 4278 1697 4282 ·

274 4344 341 4399 Dum
354 4360 420 4396 rero
434 4343 540 4397 multae
554 4343 611 4396 rint
624 4342 685 4412 ejus
699 4353 804 4414 partes,
819 4346 874 4399 hae
889 4345 997 4415 quidem
1010 4345 1130 4415 quinque
1147 4345 1256 4416 figurae
1270 4342 1376 4398 solidae
1395 4360 1451 4397 uon
1463 4348 1529 4397 suut
1547 4343 1637 4413 prima

275 4441 326 4480 neo
347 4422 431 4477 unica
454 4439 542 4477 causa
564 4423 719 4478 nobilitatis
739 4425 823 4492 hujus
847 4426 894 4478 sed
917 4425 1024 4488 occidit,
1046 4432 1079 4478 ut
1091 4425 1180 4480 multa
1199 4424 1228 4478 iu
1243 4425 1360 4477 eundem
1374 4439 1514 4478 numerum
1529 4423 1637 4494 conspi-

274 4509 345 4557 rent.
386 4502 479 4556 Pn'ma
492 4501 563 4557 enim
578 4503 656 4574 origo
672 4504 833 4573 aptitudinis
849 4521 1021 4559 numerorum
1043 4512 1088 4559 est
1101 4523 1138 4559 ex
1152 4504 1248 4576 liguris
1267 4503 1358 4574 planis
1372 4504 1561 4575 rogationibus,
1586 4504 1637 4558 cir·

275 4583 338 4635 culo
352 4582 559 4651 inscriptilihns,
576 4600 724 4654 earumque
738 4585 935 4655 congruentia3
957 4587 1030 4639 unde
1051 4592 1161 4656 posteo,
1172 4585 1278 4639 solidae
1292 4584 1425 4639 oriuntur.
1467 4584 1537 4638 Vide
1551 4583 1600 4637 lib.
1614 4584 1636 4637 1.

276 4667 306 4715 et
326 4661 360 4715 ΙΙ.
383 4663 617 4717 Harmonicoruur.
659 4665 701 4717 Ne
724 4682 790 4719 uero
805 4665 988 4729 corifundaris,
1016 4666 1064 4719 ubi
1086 4666 1204 4737 legeris,
1228 4664 1476 4719 demonstrationes
1508 4666 1635 4726 laterum.

277 4741 375 4812 quibus
387 4747 504 4796 utuntur
518 4744 635 4813 figurae.
658 4746 761 4798 arcessi
785 4762 803 4799 a
817 4746 937 4800 numeris
961 4748 1134 4817 angolorum,
1159 4745 1238 4816 quasi
1257 4745 1317 4799 ideo
1337 4761 1475 4807 numerus,
1498 4751 1531 4799 ut
1544 4759 1637 4797 nume·

276 4837 350 4885 raus,
371 4821 447 4891 prior
461 4822 498 4875 sit
519 4829 549 4876 et
562 4823 679 4894 dignior.
719 4824 838 4888 Minime,
860 4843 915 4880 uon
936 4826 1008 4880 enim
1027 4826 1088 4881 ideo
1102 4826 1287 4881 numerabiles
1309 4826 1380 4879 liunt
1400 4825 1497 4898 anguli
1519 4825 1637 4898 egum,
