3609 5634
247 326 310 394 lbd
476 328 478 333 ’
760 326 872 390 Hymen
892 323 1093 392 commutat

245 489 284 553 aa
307 488 345 552 ns
368 487 493 551 marr.
538 486 746 550 anamim
769 485 889 568 quidem
912 484 942 549 in
965 484 1135 548 mussas
1158 484 1260 547 omna
1279 440 1513 565 annnam-0
1534 482 1623 547 ara-

243 579 355 661 poauit.
393 576 457 640 Sed
480 576 572 639 nolim
594 576 702 656 aliquis
726 576 783 638 hac
806 574 909 655 specie
933 574 1177 655 scrupulositatis
1205 573 1359 637 inescatus
1389 571 1623 637 mimula·

128 692 131 697 ’
245 686 384 731 numeros
411 666 441 728 iu
471 666 657 729 astronomia
689 665 848 726 fastidiat:
882 683 947 726 rem
977 664 1115 726 exactius
1149 672 1284 726 censeat.
1331 662 1390 725 Illa
1417 661 1524 725 marni
1550 658 1621 723 uiri

244 755 362 820 minuta
384 764 416 818 et
438 755 615 836 scrupulosa
637 773 709 816 cura
732 760 786 815 aut
809 760 857 815 est
879 759 1005 833 propter
1023 752 1237 815 certitudinem
1251 751 1369 827 calculi,
1393 758 1526 814 autnon
1546 768 1620 819 nee

246 843 380 907 cessaria
401 845 431 906 in
455 843 592 925 partibus
616 861 822 916 numerorum,
845 841 929 924 ipsos
952 861 1025 904 uero
1047 839 1131 905 tems
1154 859 1308 915 numeros,
1334 858 1409 922 quos
1432 848 1496 902 tam
1519 858 1620 902 scru-

195 1000 198 1005 ,
246 935 350 1015 pulose
374 932 503 1009 diduxit,
528 952 544 993 e
569 930 735 1012 Onpemico
760 930 912 1012 excerpsit
936 929 1025 993 sicuti
1047 929 1116 994 illos
1139 931 1264 1011 reperit.

333 1023 381 1087 Ac
405 1022 470 1103 ipse
494 1021 613 1103 quidem
637 1019 822 1101 Coperuicns
846 1038 934 1100 quarn
958 1019 1105 1083 humanus
1129 1019 1170 1083 sit
1192 1020 1221 1083 iu
1246 1018 1426 1100 recipiendis
1450 1016 1616 1100 qualib&

245 1132 359 1193 cunque
381 1111 527 1187 numeris,
557 1110 606 1191 qui
630 1110 848 1191 quadamtenus
873 1129 910 1171 eu
943 1116 1014 1171 voto
1047 1109 1211 1186 obveniunt
1240 1115 1271 1170 et
1299 1109 1339 1170 ad
1360 1107 1533 1171 institutum
1557 1106 1612 1169 la-

245 1201 345 1276 niunt,
379 1201 410 1262 id
434 1201 605 1281 experietur
627 1198 755 1278 diligens
773 1196 940 1287 'Copcruici
963 1199 1067 1261 lector.
1115 1198 1285 1273 Numeros,
1318 1197 1369 1278 qui
1392 1216 1447 1277 per
1469 1195 1614 1258 diversas

246 1289 435 1370 operationes
458 1290 489 1351 vi
520 1287 786 1351 demonstrationis
813 1287 934 1369 penitus
967 1286 1126 1350 convenire
1143 1287 1329 1365 debebant,
1363 1302 1423 1347 non
1456 1284 1610 1363 repudiat,

245 1379 383 1459 quamvis
415 1378 586 1458 discrepent
620 1378 735 1458 aliquot
772 1377 931 1457 scrupulis.
987 1374 1226 1439 Observationes
1259 1375 1289 1436 iu
1322 1374 1482 1449 Waltero,
1500 1368 1544 1446 “)
1575 1373 1609 1434 in

245 1468 419 1529 Ptolemaeo
443 1476 475 1529 et
499 1466 569 1529 alibi
594 1467 636 1529 sic
660 1466 743 1546 legit,
768 1474 802 1529 ut
823 1465 861 1528 iis
878 1484 915 1527 eo
929 1464 1179 1528 commodioribua
1202 1471 1305 1527 utatur
1328 1464 1367 1525 ad
1391 1463 1609 1527 exstruendam

245 1557 401 1631 calculum,
426 1559 503 1618 unde
526 1556 556 1617 iu
580 1563 715 1635 tempore
739 1555 841 1630 horas,
864 1554 894 1616 in
919 1555 1046 1617 arcubus
1062 1554 1245 1635 quadrantes
1259 1554 1404 1634 graduum
1419 1559 1451 1615 at
1474 1551 1605 1632 amplius

244 1646 395 1708 interdum
426 1645 579 1725 negligere
610 1645 658 1706 vel
687 1651 803 1705 mutare
836 1644 920 1705 uulla
951 1643 995 1705 illi
1027 1642 1142 1723 religio.
1189 1642 1329 1715 Alicubi,
1362 1650 1397 1704 ut
1428 1642 1457 1703 in
1490 1648 1609 1703 munta

244 1734 471 1797 ecceutricitate
486 1732 597 1796 Martis
613 1741 646 1793 et
660 1732 802 1807 Veneris,
826 1732 909 1795 sinna
924 1732 1015 1794 etiam
1030 1733 1238 1812 discrepantes
1257 1752 1277 1793 a
1299 1730 1430 1793 veritate
1454 1738 1605 1808 acceptat,

243 1831 363 1887 tantum
386 1823 463 1897 ideo,
490 1823 560 1904 qnia
582 1840 743 1903 parumper
767 1821 806 1883 ad
830 1839 893 1896 eos,
918 1841 993 1901 quos
1017 1829 1115 1902 optat,
1140 1821 1269 1901 digitum
1291 1820 1461 1882 intendunt.
1507 1819 1609 1881 Multa

245 1933 321 1995 quaa
344 1932 382 1974 ex
405 1912 499 1992 ipsius
524 1911 713 1973 confessione
738 1912 926 1973 emendanda
949 1910 1087 1985 luissent,
1113 1910 1233 1989 integra
1256 1918 1288 1971 et
1310 1909 1431 1971 sincera
1448 1928 1487 1970 ex
1499 1908 1607 1971 Ptole·

245 2022 330 2064 maeo
346 2001 505 2081 depromit,
529 2000 654 2063 mutatis
670 2000 780 2063 ceteris
795 1999 960 2063 similibus:
986 2007 1076 2080 atque
1099 1998 1137 2061 iis
1160 2007 1270 2081 postea
1292 1998 1489 2061 fundamenta
1512 2016 1608 2060 novae

245 2091 445 2154 mtronomiae
469 2089 608 2152 exstmit.
643 2088 778 2161 Quorum
801 2088 933 2152 omnium
955 2088 1028 2152 milri
1050 2089 1181 2169 plurima
1194 2088 1374 2151 documenta
1388 2087 1473 2149 dedit
1486 2088 1607 2149 blaesi»

245 2181 333 2254 linus,
358 2198 435 2259 quae
458 2178 616 2241 brevitatis
640 2198 734 2241 causa
756 2178 844 2241 mitto
863 2177 1026 2240 ascribere.
1064 2176 1167 2258 Atque
1192 2179 1269 2240 adeo
1290 2177 1322 2238 in
1345 2176 1608 2256 reprehensionem

246 2271 395 2331 incurrere
414 2267 483 2348 jure
506 2267 677 2330 videretur:
707 2267 765 2331 sisi
789 2267 1089 2342 consulto'lecisset‚
1117 2286 1154 2329 eo
1178 2266 1257 2347 quod
1280 2273 1467 2346 praestaret,
1491 2264 1607 2344 imper-

246 2360 358 2419 fectam
380 2356 599 2437 quodammodo
622 2356 733 2419 habere
757 2356 982 2426 astronomiam,
1007 2375 1098 2437 qnam
1115 2357 1236 2438 penitus
1254 2355 1378 2418 nnllam.
1416 2354 1496 2417 Nam
1520 2354 1604 2435 ejus-

245 2445 324 2508 modi
348 2445 476 2526 qnidem.
489 2445 685 2508 difficultates
709 2452 882 2521 occurrent,
907 2446 978 2508 dum
1000 2446 1102 2507 sidera
1124 2452 1263 2507 current:
1288 2462 1364 2525 quas
1387 2458 1549 2523 superare,
1573 2450 1607 2505 st

245 2533 501 2615 non-impeditum
524 2534 564 2596 ad
587 2534 833 2597 constitutionem
857 2534 1003 2597 scientiae
1027 2554 1094 2597 cunr
1117 2534 1237 2597 minimo
1265 2533 1376 2595 damno
1406 2533 1545 2611 aspirare
1570 2540 1606 2594 ut

245 2643 335 2687 ausus
360 2631 409 2685 est
432 2621 630 2704 (lopernicus,
653 2624 685 2686 id
709 2623 764 2687 viri
780 2623 876 2686 *fortia
900 2629 968 2698 est3
999 2622 1100 2704 ignavi
1124 2623 1346 2703 subterfugere,
1370 2620 1470 2684 timidi
1492 2622 1604 2703 daspe-

244 2732 312 2775 rare
340 2721 373 2775 et
399 2731 517 2775 omnem
549 2713 626 2774 hanc
658 2732 760 2775 curam
792 2712 935 2797 abjicere.
979 2709 1241 2783 Quemadmodum
1268 2721 1301 2774 et
1328 2710 1393 2790 ipse
1417 2709 1605 2791 Coporuicus

244 2803 320 2864 baec
342 2801 431 2863 modo
455 2801 605 2864 recensita
627 2804 791 2880 σφαλμιιια
814 2802 851 2875 de
875 2820 1027 2881 seneque
1052 2800 1243 2877 dissimulat,
1277 2819 1374 2881 neque
1403 2816 1469 2863 curn
1492 2800 1605 2879 pudore

246 2892 367 2953 latetur.
413 2889 561 2970 Exemplo
584 2890 752 2953 Ptolemaei
780 2898 812 2953 et
839 2899 975 2952 vetemm
1002 2909 1035 2951 se
1067 2891 1181 2965 munit,
1215 2889 1393 2952 difficultate
1426 2886 1605 2951 observandi

246 2987 380 3054 excusat,
405 2988 496 3061 atque
520 2980 628 3060 ubique
653 2981 722 3042 aliis
746 2982 883 3060 exemplo
905 2979 1013 3060 praeit,
1036 2978 1067 3039 in
1086 2978 1308 3058 praeclarorum
1327 2977 1515 3040 inventorum
1529 2995 1604 3039 con-

245 3068 412 3130 firmatione
435 3068 599 3132 minutulos
622 3069 714 3129 hosce
739 3068 876 3131 delectus
908 3067 1137 3130 contemnendi:
1171 3068 1251 3148 quod
1282 3067 1340 3128 nisi
1374 3066 1486 3129 lactum
1514 3068 1606 3128 antea

246 3155 369 3232 linisset,
395 3175 546 3236 nunquam
568 3157 764 3219 Ptolemaeus
786 3157 869 3220 illam
892 3159 1016 3237 μιγαληι
1039 3153 1187 3231 conciam
1212 3155 1397 3237 Copernicns
1418 3177 1478 3217 aas
1499 3155 1605 3218 dana

245 3267 343 3307 aanor
366 3245 473 3318 libros,
497 3244 703 3307 Rheinholdus
726 3245 903 3307 Protenicas
927 3245 1014 3308 nobis
1039 3247 1196 3309 edidisset.

332 3333 439 3415 Neque
454 3334 575 3396 nullam
600 3335 826 3396 excusationem
849 3334 923 3397 mibi
946 3343 1053 3416 quarto
1081 3336 1147 3397 loco
1176 3335 1352 3416 suppeditat
1374 3333 1427 3395 illa
1449 3331 1605 3395 Maestliui

247 3421 351 3484 tabula
378 3422 408 3485 in
431 3442 499 3503 cap.
527 3419 577 3486 15.
607 3423 731 3485 inserta.
777 3421 964 3504 Ceperuico,
998 3444 1065 3486 cnm
1092 3425 1333 3488 eccentrioitates
1364 3422 1554 3504 planetarum
1587 3443 1606 3484 a

245 3511 422 3573 Ptolemaeo
445 3518 642 3596 mutuaretur,
667 3510 740 3574 nibil
763 3513 860 3574 minna
884 3532 973 3595 qnam
997 3514 1034 3574 dc
1053 3513 1111 3576 hac
1131 3514 1233 3576 divina
1251 3513 1401 3576 coelorum
1413 3512 1605 3592 proportione

245 3598 396 3662 suboluit:
420 3609 535 3662 utnon
559 3600 668 3680 injuria
690 3601 885 3665 vehementer
909 3602 977 3683 quia
995 3604 1128 3677 miretur,
1152 3603 1249 3683 ipsum
1271 3610 1336 3665 tam
1359 3619 1452 3682 propa
1474 3600 1513 3661 ad
1538 3618 1604 3662 eam

245 3689 434 3750 accessisse:
468 3708 563 3769 neque
589 3690 651 3750 lore
676 3691 817 3769 putavit,
848 3700 882 3753 nt
905 3692 1074 3754 necessitas
1099 3692 1260 3772 aliqnando
1288 3699 1429 3771 cogeret,
1454 3688 1603 3769 inquirere

245 3777 410 3839 distantias
433 3797 452 3838 a
475 3776 548 3839 Sole
573 3786 604 3839 et
626 3777 758 3857 ἀφηλιωι
780 3780 857 3842 loca.
903 3778 984 3851 Quid
1007 3781 1113 3843 mirum
1134 3780 1234 3859 igitur,
1258 3772 1284 3844 s'i
1307 3781 1337 3843 iu
1362 3781 1418 3841 hac
1441 3778 1481 3840 ad
1504 3777 1604 3842 tivum

243 3863 410 3927 resectione
435 3873 467 3928 et
488 3865 629 3928 ἀναλνσιι
656 3867 755 3929 mnndi
784 3869 879 3932 multa
908 3869 1170 3950 deprehendantur
1197 3871 1302 3943 rudia,
1336 3887 1402 3931 cnm
1430 3868 1541 3932 artilex
1564 3868 1605 3931 ad

243 3952 367 4015 minima
389 3973 447 4017 nou
472 3957 662 4034 respexerit?
704 3955 800 4027 Quasi
823 3958 852 4018 ln
876 3977 972 4038 parra
995 3959 1123 4039 pictura,
1149 3977 1225 4039 quae
1249 3959 1300 4020 vix
1322 3958 1473 4036 integram
1496 3958 1603 4020 faciem

244 4041 427 4105 adsensum
451 4044 602 4124 exprimit,
627 4044 652 4106 si
676 4047 743 4126 qni's
767 4046 843 4109 oculi
867 4056 921 4109 ant
943 4048 1075 4127 pupillae
1093 4067 1196 4110 ueram
1220 4049 1442 4128 proportionem
1466 4055 1602 4127 quaerat,

245 4150 312 4194 eum
336 4131 402 4193 falli
425 4152 550 4194 necesse
574 4142 632 4195 est.
679 4134 823 4215 Neglexit
846 4137 924 4197 enim
947 4135 1025 4198 hanc
1037 4132 1147 4217 ‘pictor
1169 4138 1207 4199 ob
1231 4138 1408 4209 exilitatem,
1432 4144 1601 4211 contentus,
1633 4172 1638 4181 ι

243 4220 279 4295 si,
305 4239 381 4300 quae
405 4230 476 4284 sunt
494 4222 691 4298 evidentiora,
716 4225 935 4304 quodammodo
953 4233 1207 4305 repraesentaret.
1242 4227 1293 4290 Sic
1309 4228 1348 4289 ad
1362 4226 1440 4289 banc
1462 4226 1604 4289 dmlcors

244 4309 381 4389 quamvis
405 4310 520 4391 optima
543 4313 660 4374 ratione
684 4313 876 4387 accesserim,
908 4322 1034 4394 cogente
1057 4334 1104 4377 me
1127 4316 1157 4378 vi
1181 4316 1449 4379 demonstrationis
1472 4324 1504 4378 et
1526 4334 1601 4378 con-

244 4396 356 4461 ditione
379 4399 423 4462 rei
446 4400 641 4479 pmpositae:
675 4402 766 4464 nolim
789 4411 890 4464 tamen
915 4413 949 4466 ut
972 4405 1039 4486 quis
1063 4404 1120 4467 sibi
1142 4406 1339 4485 persuadeat,
1369 4404 1508 4468 absolate
1530 4422 1601 4466 eer-

243 4487 378 4550 tissimos
403 4506 541 4550 numeros
565 4510 597 4551 se
621 4489 690 4552 inde
713 4492 862 4553 retulisse.
910 4492 989 4554 Fieri
1012 4511 1140 4574 namque
1163 4502 1280 4574 potest,
1304 4504 1340 4557 ut
1361 4495 1436 4556 haec
1460 4495 1528 4574 ipsa
1550 4510 1603 4556 re-

243 4575 339 4636 sectio
363 4577 471 4638 erroris
495 4578 647 4641 ulterioris
671 4579 765 4642 cansa
789 4580 887 4642 luerit.
931 4579 1010 4644 Ecce
1035 4602 1092 4644 uon
1117 4583 1197 4645 levia
1218 4583 1340 4647 indicia.
1383 4581 1525 4656 Causam,
1549 4600 1602 4643 cur

243 4671 392 4725 mutentur
416 4667 658 4730 eccentricitates
681 4669 789 4731 Martis
815 4677 845 4731 et
870 4669 1014 4746 Veneris,
1041 4669 1225 4751 Coperuicus
1251 4673 1279 4734 in
1304 4671 1500 4735 mutationem
1523 4672 1600 4737 Ter-

243 4770 333 4813 renae
355 4752 480 4816 conlert.
514 4755 583 4817 Nou
607 4756 702 4836 igitur
721 4766 855 4820 mutatur
876 4777 950 4821 vera
973 4780 1074 4823 eorum
1098 4759 1203 4824 aSole
1222 4761 1451 4836 eccentricitas;
1475 4764 1601 4825 demon·

243 4838 423 4903 strationem
448 4843 485 4903 ad
510 4845 627 4906 oculum
650 4846 744 4908 habes
768 4850 797 4908 in
821 4848 936 4910 tabula,
984 4847 1072 4922 Quod
1097 4850 1123 4911 ai
1146 4850 1191 4911 ita
1219 4861 1280 4926 est,
1309 4852 1469 4935 oportebat
1491 4870 1602 4915 eccen-
