3609 5634
718 378 879 432 riom
1421 372 1459 440 tl

92 548 163 612 01⁸⁰
187 532 228 595 ud
254 538 480 616 quantitatum
500 559 679 604 mensuram.
723 539 768 604 At
788 540 819 604 in
842 541 923 603 linea
943 540 1042 603 nullus
1063 559 1201 604 numeros
1223 557 1278 602 nec
1301 539 1331 600 iu
1353 555 1460 618 super·

91 620 165 695 filie,
189 623 251 686 ted
277 625 438 693 infinitas.
483 631 519 693 In
541 629 712 710 corporibus
735 629 833 710 igilur.
879 630 1075 693 Removeuda
1100 649 1171 693 vero
1195 626 1371 709 irregularia
1392 645 1462 689 cor-

9 708 11 781 l
91 729 173 791 [³⁰1².
199 732 322 800 nempe
350 718 388 782 in
411 720 532 783 conditu
555 719 796 782 ordinatissimae
819 728 984 781 creaturae.
1029 718 1199 782 Romanam
1215 716 1307 798 igitur
1324 735 1379 778 sex
1392 733 1461 777 cor·

89 819 181 882 pora:
207 803 344 882 globus,
376 808 441 871 sive
464 809 563 890 potius
577 807 763 891 sphaericum
777 826 939 871 concavum
954 814 986 870 et
999 808 1124 889 quinque
1139 807 1304 871 rectilinea.
1342 803 1462 886 Spirae-

88 891 184 953 rioum
214 892 338 957 ultimo
373 897 459 961 coelo
486 898 620 961 debetur.
665 898 745 960 Nam
772 898 882 977 duplex
908 897 1053 973 muudus,
1086 897 1202 959 mobilis
1234 903 1266 959 et
1297 895 1461 975 quiescens.

88 979 145 1043 iiic
170 988 226 1043 est
250 984 299 1045 ad
326 985 497 1068 imaginem
519 986 669 1050 esseutiae
691 985 818 1049 Divinae
841 986 871 1048 in
894 1006 927 1049 se
950 987 1175 1059 consideratae,
1205 986 1257 1048 ilie
1287 984 1326 1046 ad
1353 982 1462 1062 imagi·

87 1088 157 1132 nem
172 1069 249 1147 Dei,
279 1083 444 1154 quatenus
466 1083 569 1138 creat:
594 1083 626 1138 st
647 1083 807 1156 propterea
828 1082 921 1141 tanto¹
938 1075 1033 1138 minor
1055 1076 1100 1148 (in
1124 1074 1272 1154 margins:
1297 1091 1366 1134 nam
1380 1072 1462 1133 Deus

87 1176 147 1221 nou
177 1166 312 1224 temere
349 1165 463 1227 sumsit
484 1165 561 1227 bunc
583 1183 754 1239 uumerum3
791 1164 864 1227 nibil
895 1165 973 1226 euim
1001 1164 1065 1227 siue
1093 1164 1208 1227 ratione
1238 1162 1352 1243 optima
1379 1159 1461 1222 iacit

87 1246 215 1320 Quodsi
241 1250 364 1329 dicas,
388 1253 523 1334 potuisse
545 1272 697 1317 numerum
719 1253 847 1333 aliquem
868 1254 947 1316 sumi
968 1272 1006 1316 ex
1028 1250 1176 1334 spirituali
1197 1253 1326 1314 mundo:
1362 1257 1463 1312 tanmn

89 1337 129 1399 ad
151 1337 265 1402 Deum
293 1350 438 1406 recurret
458 1343 489 1404 in
509 1342 590 1405 illius
612 1343 706 1424 ipsius
729 1343 889 1405 creatione.
935 1343 977 1405 Et
999 1342 1159 1405 absurdum
1181 1341 1252 1415 erit,
1283 1358 1346 1402 rem
1372 1356 1463 1418 prae-

88 1426 356 1507 stantissimam,
385 1451 427 1494 sc.
454 1432 593 1494 mundum
615 1442 748 1494 creatum
770 1450 838 1494 esse
861 1432 900 1493 ad
923 1432 1108 1511 angelorum,
1132 1450 1189 1493 nou
1214 1430 1252 1492 ad
1274 1429 1332 1492 Dei
1354 1426 1463 1506 imagi·

89 1534 169 1578 nem.
221 1518 303 1598 Ego
334 1520 459 1601 angelos
481 1521 565 1601 ipsos
587 1539 733 1584 arrersao
752 1520 819 1583 huic
841 1521 951 1583 visibili
974 1523 1092 1597 mundo,
1115 1519 1238 1600 perinde
1262 1528 1295 1581 ut
1320 1517 1462 1580 homiues.

91 1606 126 1669 in
148 1604 341 1688 principio,
367 1617 437 1673 aute
461 1610 595 1689 angelos,
619 1617 752 1673 creatum
774 1619 823 1673 est
845 1608 970 1673 (loeium
994 1619 1026 1672 et
1047 1611 1164 1683 Terra).
1212 1606 1341 1671 Currum
1363 1613 1464 1668 autem

90 1695 278 1759 rectissime
305 1698 397 1773 Deo,
420 1706 534 1762 rectum
556 1708 710 1762 creaturae
734 1707 930 1778 comparatur.
979 1700 1012 1761 ln
1036 1700 1124 1780 globo
1147 1698 1239 1779 igitur
1261 1704 1310 1759 est
1331 1694 1459 1768 trinitas,

92 1784 320 1866 sphaericum,
343 1796 487 1862 connum,
510 1789 675 1869 capacitas.
720 1785 772 1851 Sic
791 1790 820 1850 in
843 1789 951 1851 mundo
966 1788 1075 1869 quieto,
1098 1787 1201 1863 Fixse,
1226 1784 1288 1863 Sol,
1314 1784 1464 1848 aurasico

93 1873 210 1937 aethra
235 1877 448 1940 intermedia:
473 1885 505 1940 et
526 1879 556 1940 in
579 1877 727 1940 Trinitate
741 1878 844 1948 Filius,
865 1878 968 1954 Pater,
992 1877 1132 1961 Spiritus.
1177 1875 1247 1939 Jam
1260 1875 1384 1938 mundus
1398 1890 1464 1936 mo-

73 1961 167 2059 xbilis
197 1983 244 2026 ex
277 1966 446 2031 rectilineis
473 1968 650 2030 censendus.
696 1967 818 2029 illorum
845 1975 944 2030 comm
973 1969 1111 2048 quinque.
1158 1964 1259 2037 Quare
1287 1965 1314 2025 si
1337 1964 1389 2025 illa
1410 1979 1464 2042 pro

95 2052 248 2117 terminis
283 2055 352 2118 aive
383 2074 436 2135 pro
468 2056 654 2119 materiebus
680 2056 818 2119 habenda
848 2065 920 2119 sunt
950 2056 1049 2136 (cujus
1077 2056 1168 2118 etiam
1189 2054 1333 2118 rationem
1357 2052 1466 2114 bonam

97 2141 215 2216 aliero)
243 2161 315 2206 uon
336 2152 477 2224 poteraut
497 2146 599 2226 plures
622 2164 671 2208 res
694 2144 893 2225 distinguere,
926 2164 1015 2226 quam
1037 2164 1101 2208 sex.
1148 2143 1210 2207 Sex
1233 2143 1323 2225 igitur
1344 2138 1466 2204 mobilia

98 2228 211 2293 Solem
246 2233 549 2301 circumambeuntia.
603 2234 739 2297 liabetur
769 2251 864 2296 cansa
894 2234 1008 2297 numeri
1039 2234 1238 2314 planetarum.
1293 2231 1344 2294 Sic
1375 2229 1466 2308 igitur

101 2316 159 2381 Sol
183 2319 220 2382 iu
252 2322 357 2385 modio
385 2322 535 2386 mobilium
562 2323 679 2404 quietus
702 2324 767 2404 ipse
793 2329 948 2385 ettamen
972 2324 1038 2384 lona
1060 2330 1173 2394 motos,
1206 2321 1284 2402 gerit
1305 2320 1466 2400 imaginem

101 2406 163 2471 Dei
183 2411 296 2490 patris
311 2412 464 2474 creatoris.
509 2410 588 2475 Nam
603 2412 682 2492 quod
705 2419 753 2473 est
773 2411 839 2473 Deo
862 2412 985 2486 creatio,
1010 2412 1066 2473 hoc
1088 2419 1139 2473 est
1160 2411 1225 2473 Soli
1248 2419 1356 2472 motus.
1393 2408 1465 2469 blo·

9 2520 12 2531 ¹
102 2506 159 2560 ret
184 2506 300 2563 autem
322 2500 352 2563 in
375 2501 457 2578 lixis,
480 2509 515 2564 ut
536 2509 622 2581 pater
644 2501 676 2563 in
697 2500 757 2562 filio
780 2509 872 2562 creat
918 2501 1012 2563 Fixae
1035 2501 1115 2562 euim
1136 2500 1195 2562 nisi
1218 2500 1314 2561 locum
1335 2490 1464 2578 praebe-

104 2594 179 2649 rent
212 2609 278 2651 sua
305 2590 424 2669 quiete,
455 2589 529 2652 nihil
555 2589 666 2652 moveri
696 2597 810 2668 posset.
856 2586 944 2660 Quod
966 2588 1085 2651 axioma
1108 2588 1199 2651 etiam
1222 2588 1291 2649 dom
1313 2585 1465 2664 Tubingae

106 2677 210 2740 tenrfi.
265 2677 451 2759 Dispertitur
474 2686 572 2741 autem
586 2675 640 2742 Sol
662 2677 923 2741 virtutemmotus
945 2697 999 2758 per
1020 2677 1157 2753 medium,
1176 2677 1206 2739 in
1229 2695 1286 2759 qno
1309 2683 1378 2738 suut
1400 2693 1466 2737 mo-

107 2764 208 2828 bilia:
237 2767 321 2829 sicut
342 2775 429 2848 pater
451 2786 504 2849 per
527 2767 664 2848 spiritum
686 2767 735 2829 vel
757 2767 1013 2848 virtute'spiritus
1036 2768 1082 2829 sui
1096 2776 1191 2830 creat.
1237 2767 1338 2847 Atque
1349 2763 1414 2844 jam
1428 2782 1466 2825 ex

109 2855 308 2919 nemssitate
334 2857 626 2938 praesuppositorum
650 2856 801 2936 sequitur,
825 2863 937 2919 motum
960 2875 1025 2919 cum
1049 2856 1201 2918 distantiis
1223 2855 1253 2918 in
1276 2852 1465 2936 proportione

110 2961 195 3007 esse.
247 2944 301 3007 Sic
322 2945 415 3026 igitur
428 2945 570 3021 conclusi,
594 2954 637 3020 ut,
659 2965 736 3026 quae
758 2946 910 3007 sententia
931 2946 1056 3008 eundem
1079 2946 1210 3008 ordinem
1232 2946 1261 3006 in
1276 2952 1358 3006 motu
1372 2950 1405 3004 et
1418 2941 1465 3003 di-

113 3034 244 3097 stantiis
259 3044 405 3108 maret,
428 3054 501 3098 vera
515 3044 612 3109 esset3
635 3053 711 3117 quae
730 3052 798 3108 uon,
823 3034 911 3096 falsa.
957 3034 1074 3097 Exinde
1097 3034 1231 3115 probavi,
1254 3051 1380 3113 corpora
1392 3030 1466 3092 haec

113 3119 248 3185 duorum
272 3143 339 3186 esse
363 3123 506 3198 ordinum,
529 3123 590 3187 tria
610 3123 641 3186 in
664 3142 732 3196 uuo,
755 3123 813 3185 duo
835 3123 866 3185 in
888 3122 1003 3205 reliquo
1026 3123 1138 3186 ordine.
1186 3122 1301 3187 Oubum
1320 3140 1387 3184 esse
1400 3118 1466 3200 pri·

116 3227 200 3274 mum
225 3212 355 3275 omnium
379 3220 411 3274 et
429 3212 475 3274 sui
498 3212 608 3275 ordinis
631 3211 731 3287 etiam,
755 3219 825 3292 post
846 3212 1022 3294 pyramida3
1046 3213 1181 3275 ultimum
1199 3212 1357 3293 primorum
1371 3209 1466 3272 dode-

117 3300 275 3364 cuddrum.
317 3300 566 3365 secundariorum
587 3301 713 3381 primum
736 3320 804 3363 esse
818 3302 991 3377 octaedrou,
1016 3303 1151 3364 ultimum
1170 3301 1364 3364 icosaedron:
1387 3298 1465 3360 Hinc

119 3391 264 3453 constitit
285 3389 373 3464 ratio,
397 3408 488 3470 quaro
511 3409 560 3454 res
583 3391 675 3453 totius
698 3390 798 3452 mundi
820 3392 990 3470 praecipua,
1016 3391 1108 3454 Terra
1130 3409 1235 3471 nempe
1258 3408 1322 3451 cum
1337 3386 1465 3467 imagine

118 3475 178 3539 Dei
202 3480 233 3541 in
259 3479 376 3541 bomine
399 3479 596 3559 distingueret
618 3479 696 3541 intsr
717 3479 847 3540 ordines.
894 3480 1023 3542 Probavi
1037 3480 1135 3560 igitur,
1160 3480 1238 3560 quod
1251 3476 1392 3560 primario
1409 3475 1464 3537 de-

119 3564 216 3632 beant
239 3576 327 3631 extra
354 3568 465 3630 teneni
493 3567 573 3631 orbis
601 3569 785 3648 complexum
815 3586 900 3641 ease,
935 3569 1112 3631 secundaria
1139 3568 1237 3631 intra:
1276 3567 1353 3649 quod
1376 3574 1466 3645 caput
1529 3630 1531 3635 ,

122 3657 282 3720 exterioris
297 3657 410 3733 ordinis
428 3656 538 3719 debon
555 3658 595 3719 ad
616 3657 692 3720 fixas
716 3675 848 3737 vergere,
868 3666 960 3737 caput
981 3657 1130 3720 interioris
1153 3659 1192 3719 ad
1214 3655 1326 3720 Solem.
1363 3654 1465 3735 Atque

122 3743 171 3807 bic
196 3747 393 3827 explicandae
416 3745 536 3809 luerunt
557 3764 659 3808 omnes
682 3745 881 3827 proprietates
905 3753 936 3808 et
958 3747 1151 3826 cognationes
1173 3746 1277 3809 horum
1301 3762 1464 3825 corporum.

123 3832 180 3896 His
203 3835 250 3897 ita
271 3835 463 3909 constitutis,
494 3835 633 3898 ascensui
655 3834 826 3917 corporibus
848 3835 1003 3914 planetas,
1036 3836 1185 3899 contentis
1209 3855 1228 3896 a
1250 3837 1359 3896 Terrae
1383 3832 1464 3904 orbe,

123 3931 283 4009 contentos
297 3942 382 3998 ase;
406 3925 535 3986 exclusis
559 3924 705 3987 exclusos.
747 3923 800 3986 Sic
822 3920 842 4001 li
865 3924 971 3987 cubum
995 3925 1118 3987 sortitus
1137 3933 1194 3998 est,
1217 3924 1247 3998 U,
1269 3923 1464 3995 tetratdrum,

125 4018 149 4081 d
172 4013 403 4089 dodecalidrum,
433 4012 680 4086 elcesaeum,
714 4014 939 4090 bootaedmm.
985 4014 1145 4094 Digressus
1168 4013 1258 4093 igitur
1279 4012 1309 4074 in
1332 4011 1464 4074 astrolo-

125 4100 214 4180 giam,
239 4102 441 4165 demonstravi
464 4103 658 4183 cognationes
682 4108 714 4164 et
735 4102 935 4182 proprietates
958 4103 1145 4184 planetarum
1167 4103 1324 4182 plerasque
1347 4120 1385 4163 ex
1407 4100 1463 4161 ho·

127 4209 189 4253 rum
212 4188 232 4256 5
255 4210 410 4272 corporum
432 4191 638 4254 affectionibus
661 4190 891 4254 mathematicis.
938 4193 1077 4254 Proxima
1094 4210 1165 4253 cura
1184 4191 1250 4266 fuit,
1273 4198 1308 4252 ut
1321 4189 1463 4253 ostende-

127 4298 197 4358 rem,
221 4282 365 4363 quomodo
389 4299 489 4343 omnes
512 4287 616 4361 partes
638 4279 826 4361 sexagenarii
850 4280 1029 4360 multiplices
1052 4281 1114 4342 sint
1135 4280 1164 4341 in
1186 4279 1232 4341 his
1247 4277 1267 4341 5
1281 4277 1463 4358 corporibus,

128 4370 260 4451 exceptis
285 4366 326 4433 lo
348 4376 380 4432 et
406 4365 459 4445 15,
483 4377 516 4432 et
537 4368 669 4431 vicissim
692 4368 833 4450 quidquid
855 4368 885 4430 in
908 4370 955 4431 bis
978 4378 1162 4442 numeretur,
1184 4386 1238 4449 per
1259 4375 1362 4447 partes
1384 4361 1465 4428 6οιἱί

127 4467 301 4532 numeratur,
324 4459 458 4539 exceptis
476 4458 612 4521 octaedri
635 4466 666 4521 et
689 4458 756 4521 cubi
778 4458 877 4539 planis
900 4459 1025 4538 angulis,
1051 4459 1100 4538 qui
1125 4465 1195 4522 sont
1218 4458 1246 4518 iu
1271 4465 1393 4536 utroque
1415 4455 1464 4516 vi-

128 4547 191 4611 ceni
215 4547 358 4629 quaterni.
404 4547 538 4610 Tandem
564 4547 678 4610 duobus
708 4547 787 4610 loliis
815 4548 932 4610 modum
955 4547 1061 4627 scripsi
1085 4546 1257 4609 dimetiendi
1280 4553 1312 4607 et
1333 4544 1461 4606 investi·

130 4636 217 4715 gaudi
239 4636 352 4699 orbium
373 4636 581 4715 inscriptorum
608 4644 640 4698 et
669 4636 956 4718 circumscriptorum
988 4636 1088 4697 radios
1120 4635 1184 4697 sire
1215 4633 1461 4701 semidiametros.

130 4726 228 4805 Atque
250 4726 324 4791 haec
347 4726 492 4787 haetenus
515 4723 579 4787 sins
602 4724 702 4787 dubio.
747 4724 808 4788 Sed
832 4726 901 4806 qnia
924 4725 952 4786 in
976 4722 1166 4805 sequentibus
1181 4724 1271 4786 dubia
1286 4723 1380 4786 multa
1393 4723 1464 4785 mihi

131 4824 295 4889 occurrunt,
318 4814 398 4877 volui
419 4814 538 4894 integra
560 4813 738 4887 describere,
762 4822 793 4876 et
815 4822 846 4876 te
869 4814 1032 4876 consulere.
1083 4811 1182 4875 Multa
1203 4812 1334 4893 reperies
1356 4811 1464 4892 partim

131 4922 165 4965 ex
189 4903 266 4966 laiso
287 4903 421 4986 proiecta
442 4902 596 4989 principio,
620 4903 729 4987 partim
742 4919 780 4967 ex
794 4904 888 4976 nullo;
911 4901 1020 4967 alicubi
1035 4901 1208 4970 haerentem
1222 4901 1347 4977 videbis,
1370 4917 1462 4987 prop-
