3609 5634
703 320 861 388 mecona·
878 254 1028 376 medina
1479 319 1546 400 423

742 480 874 548 Thesis
896 479 986 546 xlx.
1435 523 1444 538 ι

281 563 387 630 Tertia
408 586 502 632 causa
523 566 762 649 praedictionum
783 569 910 655 physica
933 576 982 633 est
995 567 1175 651 reliquorum
1198 568 1437 649 planetarum
1459 571 1546 635 vana

158 657 311 730 natura,
336 675 411 737 quas
433 656 491 739 ipsi
515 656 632 721 colores
645 658 784 740 produnt
831 657 898 731 Quo
913 660 979 724 loco
995 658 1204 733 erraverimus,
1229 658 1255 720 si
1271 665 1398 739 quatuor
1415 659 1545 723 usitatas

160 743 356 821 qualitates
383 746 462 809 inter
488 746 631 827 planetas
659 747 888 812 distribuamus.
933 748 1044 828 Frigus
1074 746 1151 808 enim
1180 754 1212 808 et
1238 745 1363 809 siccitas
1390 765 1449 810 non
1473 757 1545 812 sunt

162 831 359 909 positivae,
391 835 446 898 sed
473 834 644 916 privativae
677 835 752 899 lucis
783 844 815 900 et
843 842 992 918 cognatae
1022 835 1140 898 animae
1168 835 1354 899 affectiones.
1377 836 1478 900 -Nam
1500 838 1543 904 ibi

164 917 287 1001 frigus
310 931 344 984 et
366 922 488 987 siccitas
512 931 563 988 est
584 943 710 1001 summa,
733 925 785 990 nbi
807 926 859 989 lux
882 925 989 997 omnis.
1013 926 1115 988 anima
1137 925 1234 988 omnis
1256 924 1383 1006 ideoque
1407 933 1438 988 et
1460 927 1544 989 calor
1617 987 1624 1000 ,

84 1005 92 1018 “
163 1009 288 1074 omnis
311 1011 431 1075 abest.⁴
457 1010 534 1077 Cum
560 1013 663 1096 itaque
692 1034 730 1077 er
758 1014 841 1078 coelo
866 1014 939 1078 nibil
969 1014 1008 1078 ad
1031 1033 1086 1076 nos
1109 1013 1168 1076 niai
1191 1014 1243 1077 hur
1273 1013 1431 1078 stellarum
1453 1015 1541 1078 dela·

149 1096 288 1176 ‘botta
312 1100 408 1183 frigus
430 1109 513 1166 certe
537 1108 569 1166 et
590 1102 713 1168 siccitas
735 1123 791 1186 per
813 1122 882 1167 sese
905 1122 963 1170 non
988 1102 1154 1166 delabetur.

747 1192 882 1258 Thesia
904 1192 978 1256 XX.

275 1274 342 1340 Nos
374 1286 414 1365 st,
433 1278 569 1342 variates
597 1280 788 1361 planetarum
823 1282 904 1345 vires
936 1289 969 1345 et
1004 1297 1159 1343 numerum
1192 1279 1282 1342 aliter
1309 1286 1340 1342 et
1370 1280 1450 1344 torte
1480 1300 1540 1344 nou

171 1362 395 1430 inconcinnius
419 1367 616 1444 deducemus,
641 1389 730 1450 quam
744 1370 932 1435 Aristoteles
954 1390 1011 1433 sna
1034 1375 1161 1451 quatuor
1184 1368 1334 1432 elementa
1360 1388 1397 1432 ex
1412 1376 1541 1451 quatuor
1637 1401 1639 1410 ν

173 1454 371 1536 qualitatum
393 1456 686 1528 combinationibus„
722 1459 862 1524 Variatio
877 1459 974 1522 omnis
997 1457 1299 1522 acoutrarietatibus
1318 1464 1376 1532 est,
1400 1466 1432 1520 et
1444 1456 1543 1539 prima

173 1563 204 1606 a
227 1543 345 1626 primis.
390 1545 525 1610 Primam
544 1547 792 1612 contrarietatem
814 1548 1000 1612 Aristoteles
1022 1547 1053 1610 in
1075 1545 1291 1629 metaphysicis
1315 1546 1422 1628 recipit
1446 1547 1538 1623 illam,

175 1651 264 1714 que
282 1633 433 1698 estinter
459 1633 553 1698 idem
583 1643 615 1699 et
643 1637 757 1700 aliud:
791 1638 896 1700 volens
926 1656 1019 1717 snpra
1045 1635 1242 1717 geometriam
1273 1636 1365 1699 altius
1389 1644 1421 1698 et
1443 1655 1538 1717 gene-

61 1713 68 1732 ¹
176 1721 279 1790 ratius
307 1722 523 1805 philosophari.
578 1725 656 1792 Mihi
686 1724 825 1789 alteritas
848 1725 878 1788 in
906 1725 1017 1788 creatis
1046 1725 1130 1787 nulla
1161 1724 1280 1787 aliunde
1311 1725 1538 1800 ease,videtur,

179 1830 276 1892 qnam
298 1830 338 1875 ex
360 1812 490 1876 materia
518 1820 571 1876 aut
598 1815 756 1881 occasione
788 1815 952 1889 materiae,
981 1820 1016 1876 at
1037 1812 1087 1876 nbi
1115 1813 1257 1889 materia,
1290 1811 1333 1876 ibi
1360 1814 1537 1894 geometria.

179 1899 293 1982 ltaque
316 1919 407 1982 qnam
420 1902 606 1967 Aristoteles
629 1904 707 1967 dixit
727 1903 856 1986 primam
880 1903 1127 1966 contrarietatem
1150 1903 1215 1965 sine
1233 1903 1331 1965 medio
1354 1901 1434 1965 inter
1457 1902 1538 1964 idem

187 1998 222 2052 et
243 1989 346 2065 aliud,
375 2010 441 2054 eam
470 2009 527 2071 ego
551 1990 581 2054 in
608 1993 814 2073 geometricis,
846 1992 1053 2076 philosophice
1078 1989 1294 2068 consideratis,
1325 1991 1538 2066 ingeminasse

180 2079 311 2162 primam
334 2080 452 2162 quidem
476 2080 738 2159 contrarietatem,
762 2083 817 2146 sed
841 2102 909 2146 cum
932 2082 1045 2159 medio,
1070 2080 1114 2144 sic
1137 2081 1270 2162 quidem,
1303 2088 1338 2144 nt
1360 2082 1438 2162 quod
1462 2081 1538 2144 Ari-

132 2203 136 2210 .
184 2168 293 2232 atotali
316 2168 375 2232 luit
396 2168 521 2246 aliud,
545 2190 622 2236 nnus
644 2172 804 2248 terminus,
830 2191 897 2234 eum
921 2190 976 2233 nos
999 2171 1029 2233 in
1054 2171 1135 2252 plus
1159 2178 1191 2231 et
1212 2168 1343 2243 minus,
1375 2171 1450 2233 dnos
1473 2176 1540 2232 ter-

183 2257 283 2324 minos
314 2253 516 2324 dirimamus*
552 2257 630 2324 Cum
663 2278 734 2341 ergo
767 2259 935 2340 geometria
971 2258 1030 2322 toti
1061 2259 1170 2322 mundo
1203 2258 1334 2320 creando
1366 2259 1539 2337 praebuerit

173 2346 352 2428 exemplar,
376 2365 436 2412 non
458 2346 560 2429 inepte
583 2348 659 2414 baec
681 2349 868 2430 geometrica
890 2347 1094 2412 contrarietas
1118 2346 1156 2409 ad
1180 2352 1319 2409 ornatum
1341 2347 1459 2423 mnndi,
1489 2347 1539 2429 qui

183 2435 325 2499 consistit
346 2435 377 2499 in
399 2435 526 2500 variatis
548 2437 738 2520 planetarum
756 2436 880 2512 viribus,
905 2443 1073 2500 concurret.
1533 2430 1545 2435 ’

736 2525 870 2590 Thasia
892 2525 982 2590 xxi.

272 2611 337 2676 Sed
359 2631 425 2680 carn
447 2612 479 2677 bi
501 2613 640 2680 termini:
664 2614 753 2692 idem,
778 2614 870 2692 aliud,
895 2613 1032 2696 aequale,
1056 2611 1134 2692 plne,
1159 2608 1271 2686 minus,
1295 2627 1350 2689 per
1373 2629 1441 2674 sese
1464 2610 1539 2678 nihil

184 2700 372 2784 significent,
405 2701 443 2764 de
470 2702 615 2783 subjectis
646 2703 721 2784 ipsis
751 2704 947 2786 cogitandum
974 2708 1033 2765 est.
1080 2698 1226 2779 Snbjecta
1257 2706 1371 2774 antem,
1404 2719 1458 2760 sen
1488 2720 1541 2763 res

186 2791 352 2867 naturales,
377 2791 483 2871 quibus
508 2792 565 2855 bae
589 2801 764 2873 competant
787 2792 1022 2867 enmciationes,
1047 2789 1117 2866 inde
1132 2788 1298 2852 habentur:
1334 2787 1539 2869 Proposuerat

186 2879 244 2943 sibi
268 2877 416 2943 Conditor
437 2880 681 2961 sapientissimus
704 2882 846 2944 mundum
869 2880 1059 2960 constituere
1078 2895 1261 2958 corporeum.
1292 2876 1440 2973 sPrimum
1466 2896 1538 2959 ergo

185 2977 275 3052 atque
298 2976 471 3032 creaturam
484 2970 633 3050 concepit,
656 2967 819 3034 materiam
842 2970 990 3051 concepit,
1015 2987 1104 3050 quam
1129 2966 1266 3028 exMose
1291 2966 1403 3030 scimus
1418 2986 1536 3050 aquam,

190 3059 246 3122 hnc
270 3065 332 3134 est,
355 3053 524 3135 humidam,
548 3058 757 3136 tractabilem,
790 3060 913 3123 fictilem
936 3058 1040 3121 fuisse.
1086 3056 1171 3117 Haec
1195 3073 1266 3136 ergo
1289 3074 1350 3116 una
1372 3075 1421 3118 res
1444 3064 1536 3119 natu·
1609 3051 1614 3058 ’

185 3147 260 3210 ralis
282 3153 347 3218 est,
376 3146 481 3209 humor
503 3146 630 3212 scilicet.
676 3148 722 3213 At
751 3167 811 3211 non
834 3147 953 3212 suffecit
976 3144 1125 3210 conditori
1152 3162 1261 3225 corpus
1284 3144 1402 3219 mnndi,
1425 3146 1484 3209 nisi
1506 3147 1538 3208 id

187 3244 220 3300 et
243 3234 392 3300 conditori
415 3236 500 3298 fieret
523 3237 740 3317 quodammodo
764 3236 879 3313 simile,
911 3240 1054 3314 suscepta
1075 3232 1140 3296 rita
1163 3238 1195 3295 et
1216 3239 1308 3298 motu.
1356 3233 1441 3297 Haec
1465 3253 1537 3316 ergo

185 3325 284 3387 altera
304 3343 355 3387 res
378 3331 441 3386 est:
475 3325 540 3387 vita
563 3325 690 3389 scilicet.
739 3325 810 3389 Jam
841 3326 912 3407 quia
942 3325 979 3388 de
1012 3323 1168 3386 stellarum
1192 3321 1306 3384 viribus
1337 3323 1535 3414 disputamus,

184 3432 259 3495 quas
283 3418 425 3476 exercent
447 3412 478 3474 in
492 3413 548 3476 his
571 3413 778 3480 interioribus:
803 3414 1070 3488 considerandum,
1095 3411 1237 3492 quidnam
1259 3430 1279 3471 a
1302 3411 1402 3476 stellis
1423 3413 1462 3475 ad
1482 3432 1537 3475 nos

185 3502 360 3566 descendat.
406 3501 476 3564 Non
504 3503 633 3567 materia
659 3505 709 3567 vel
738 3523 845 3585 corpus
868 3504 983 3585 ipsum:
1013 3520 1083 3562 nam
1105 3499 1138 3563 id
1161 3505 1210 3560 est
1233 3505 1325 3563 antea
1350 3519 1533 3580 peucenos.

183 3591 253 3656 Non
277 3590 342 3654 vita
363 3590 432 3672 ipsa
454 3591 657 3673 originaliter:
682 3593 760 3656 banc
783 3594 861 3655 enim
885 3592 1010 3655 trahunt
1031 3588 1167 3652 viventia
1185 3588 1285 3650 omnia
1308 3589 1537 3672 exagitatione

184 3679 317 3754 animae,
348 3698 425 3760 qnae
456 3680 488 3746 in
514 3681 590 3764 ipsis
614 3690 671 3744 est.
718 3680 845 3744 Scilicet
871 3700 932 3742 non
960 3685 1107 3760 generant
1134 3676 1253 3751 stellae,
1288 3678 1343 3739 sed
1377 3678 1532 3758 adjuvant.

184 3768 264 3832 Sunt
286 3786 358 3850 ergo
382 3789 401 3830 a
422 3778 511 3849 parte
533 3770 733 3834 instrumenti.
780 3766 1031 3832 Instmmentales
1054 3765 1146 3847 igitur
1160 3765 1324 3847 qualitates
1348 3765 1435 3830 nobis
1458 3785 1534 3846 enp-

184 3858 341 3937 peditant:
365 3857 441 3921 duas
464 3858 504 3921 ad
527 3858 652 3921 dnamm
674 3878 774 3922 rernm
796 3857 978 3922 naturalium
1001 3873 1167 3917 nnmerum:
1192 3854 1232 3916 ad
1250 3855 1396 3918 materiae
1415 3863 1534 3918 tracta-

188 3946 339 4012 bilitatem
360 3947 555 4012 humectandi
576 3947 607 4010 vi
628 3948 794 4028 pollentes,
817 3948 856 4011 ad
878 3947 962 4009 vitae
986 3949 1019 4007 et
1039 3950 1138 4008 motus
1161 3944 1309 4019 fomenta,
1334 3944 1534 4008 calfaciendi:

185 4042 340 4118 atramque
367 4035 506 4100 obtinent
537 4044 569 4098 et
591 4045 734 4100 exercent
760 4036 906 4100 beneflcio
930 4033 1019 4111 lucis,
1044 4051 1132 4114 qnam
1160 4033 1315 4096 obtinuere
1346 4042 1378 4097 et
1407 4036 1446 4097 ad
1479 4052 1535 4095 nos

179 4125 295 4206 jugiter
318 4123 489 4188 demittunt.
535 4125 628 4189 Lucia
651 4126 743 4207 igitur
765 4125 888 4208 propria
910 4124 1051 4205 qualitas,
1077 4128 1226 4203 qnatenus
1245 4123 1296 4184 lux
1310 4131 1368 4199 est,
1392 4123 1534 4186 callactio

185 4224 250 4280 eat:
271 4214 347 4278 lucis
368 4232 450 4292 vero,
474 4221 622 4296 quatenns
645 4214 818 4290 reflectitur,
844 4214 975 4295 qualitas
998 4218 1048 4275 est
1068 4209 1264 4274 humectatis.
1279 4204 1321 4285 ¹²)

729 4301 862 4366 Thesi‘s
884 4301 989 4365 ΧΧΠ.

271 4391 357 4456 Duas
380 4409 453 4472 argo
476 4390 641 4456 facultates
663 4391 825 4457 habemns:
848 4388 1060 4454 caliactionem
1083 4395 1116 4450 et
1137 4385 1402 4462 humectationem,
1427 4387 1458 4451 in
1477 4389 1536 4452 tri-

184 4480 255 4561 plici
268 4480 434 4562 quamlibet
447 4478 628 4560 discrimine,
653 4499 789 4557 excessu,
813 4478 1032 4553 mediocritate,
1053 4476 1184 4539 delectu.
1230 4474 1406 4552 Videamus,
1423 4487 1537 4560 quanta

184 4569 318 4636 varietas
346 4569 416 4633 inda
440 4575 593 4651 sequatur.
636 4571 776 4634 Primum
802 4574 931 4651 possunt
960 4585 1027 4629 esse
1051 4565 1206 4628 solitariae
1235 4565 1419 4628 facultates:
1453 4569 1536 4631 calor

184 4658 374 4734 marsuan,
397 4653 617 4736 mediocritate,
641 4659 772 4724 delectu.
816 4652 1013 4721 Humectatio
1031 4653 1061 4716 in
1077 4672 1212 4731 excessu,
1236 4653 1453 4731 mediocritate,
1479 4657 1533 4719 de-

185 4748 276 4812 lecta.
321 4747 381 4810 Hic
403 4752 476 4810 annt'
496 4747 683 4812 differentiae
706 4767 772 4811 sex.
817 4746 935 4810 Deinde
958 4763 996 4805 ex
1018 4742 1238 4807 combinatione
1262 4742 1415 4825 utriusqus
1436 4743 1535 4809 facul-

183 4837 259 4901 tatis
280 4834 416 4904 crimme
438 4835 625 4903 differentiae
648 4857 767 4914 novam,
791 4835 872 4918 qnod
895 4852 934 4896 ex
955 4833 1071 4932 tabella
1092 4836 1179 4913 patet
1202 4832 1327 4895 inferius
1350 4833 1462 4914 posita.
