3609 5634
275 379 342 447 360
696 381 797 433 Htw
815 380 919 446 ΚΜ
940 380 1092 448 ssim
1109 387 1212 435 manae

273 543 365 623 longa
386 549 514 623 usurpat
535 541 657 604 horaria
680 548 829 621 tempora,
851 540 931 603 inira
952 540 1053 603 subito
1075 541 1190 603 brevia.
1207 572 1250 584 -
1273 537 1337 602 Sed
1355 538 1559 604 examinemus
1572 557 1635 619 pa·

274 648 393 711 mmper
417 631 541 694 Stadii
567 629 668 692 verba
719 630 879 704 „Meminit
908 631 1102 694 Ptolemaeos
1134 628 1405 712 hemicycliomm.“
1453 627 1537 691 Sane
1563 647 1634 691 me-

273 721 380 794 minit,¹
394 727 428 782 at
450 740 510 782 non
532 722 561 781 in
586 718 725 780 docmina
747 719 852 781 domos
866 718 1011 798 erigendi,
1035 719 1090 780 sed
1107 719 1144 780 -io
1159 719 1297 781 doctrina
1310 717 1471 796 dirigendi.
1508 718 1634 798 Pergitr

275 809 370 885 „hora
394 808 608 890 aequinoctiali
632 808 841 870 distantiom.“
887 806 971 879 Quid
985 808 1042 870 hoo
1066 809 1196 876 adrem,
1220 807 1248 869 si
1260 823 1365 869 verum
1379 806 1513 868 mulne
1528 807 1635 868 esaetl

274 900 363 960 Anne
387 894 430 962 24
453 900 558 960 domos
582 895 708 958 Stadios
733 896 915 959 fabricavit?
959 896 1045 959 Duas
1068 898 1169 978 potios
1191 896 1283 958 boras
1303 895 1500 957 Ptolemaeus
1531 894 1635 958 uomi-

273 993 393 1060 nasset,
426 987 453 1049 si
476 987 514 1049 de
538 985 674 1047 domibus
703 985 828 1064 egisset.
875 985 938 1048 Sed
967 1004 1027 1047 nou
1059 985 1195 1066 percepit
1218 983 1344 1047 Stadios
1367 991 1500 1046 mentem
1521 991 1632 1046 textos

274 1074 401 1138 Graeci:
435 1072 477 1138 cis
505 1070 611 1147 isacar
633 1095 708 1135 aare
731 1096 781 1151 την
808 1073 900 1151 αὐτην
920 1079 1009 1135 θεων
1037 1075 1103 1152 icor
1125 1073 1226 1154 irrora
1255 1094 1306 1149 sur
1326 1068 1412 1149 ὥραν
1433 1094 1518 1135 noras
1565 1074 1636 1135 Hoc

273 1166 339 1226 vult
362 1166 567 1238 Ptolemaeus,
592 1171 733 1224 manente
756 1163 815 1224 fluo
839 1163 1024 1244 hemicyclio,
1050 1181 1244 1244 quaecunque
1267 1180 1340 1242 pars
1363 1162 1479 1224 zodiaci
1502 1161 1533 1223 in
1557 1161 1634 1224 illud

271 1253 402 1329 incidat,
441 1253 560 1334 aequali
593 1253 733 1313 horarum
764 1252 953 1332 propriarum
986 1272 1040 1315 seo
1070 1253 1280 1330 temporalium
1312 1268 1434 1312 nomem
1467 1251 1580 1313 abesse
1615 1271 1636 1312 a

272 1343 454 1417 meridiano,
490 1352 537 1416 nt,
567 1341 627 1403 etsi
650 1335 695 1403 0⁰
717 1356 750 1407 ee
774 1342 958 1405 constitutus
987 1340 1097 1404 intali
1118 1342 1178 1403 fixo
1210 1339 1404 1423 hemicyclio,
1437 1358 1636 1420 quaecuuque
1718 1403 1723 1408 ,

272 1450 346 1512 pars
370 1431 487 1494 zodiaci
511 1431 594 1492 absit
616 1450 635 1490 a
657 1430 822 1492 meridiano
845 1430 948 1510 plures
972 1430 1063 1492 horas
1086 1429 1340 1509 aequinoctiales,
1366 1447 1455 1509 qnam
1478 1428 1506 1491 si
1529 1423 1575 1491 0⁰
1599 1432 1636 1504 ἦ

273 1537 309 1581 eo
334 1521 553 1593 transferatur,
582 1526 683 1580 tamen
708 1518 841 1580 vicissim
871 1518 964 1580 horae
992 1519 1177 1598 temporales
1205 1517 1301 1596 ipsius
1325 1512 1371 1579 0⁰
1394 1532 1427 1583 Θ
1450 1524 1539 1579 tanto
1563 1516 1634 1578 loo-

273 1608 373 1688 giores
402 1610 465 1671 sint
494 1606 576 1670 horis
603 1607 819 1687 temporalibus
849 1607 944 1687 ipsius
966 1602 1014 1669 0⁰
1035 1613 1086 1684 ἦ,
1114 1627 1174 1687 qna
1200 1605 1318 1667 ratione
1348 1606 1472 1667 tandem
1495 1605 1636 1685 aequalia

272 1704 323 1760 est
345 1697 484 1779 utrinque
517 1697 656 1758 horarum
687 1696 891 1776 inaequalium
923 1714 1073 1759 numerus.
1120 1697 1191 1757 Vox
1222 1694 1287 1772 icus
1319 1693 1368 1756 bic
1399 1694 1545 1773 intelligit
1575 1712 1637 1755 noo

272 1809 368 1863 μηκει,
402 1787 457 1848 sed
487 1785 623 1865 ἀριθμῳ,
657 1786 751 1846 molto
784 1784 881 1847 minus
914 1784 1089 1864 loquapuqa.
1143 1784 1285 1847 suniae:
1321 1783 1550 1863 „Aequatorem
1581 1782 1638 1844 illa

272 1874 387 1955 ubique
405 1875 591 1954 temporibus
614 1873 821 1951 praetergredi
846 1873 1032 1952 aequalibus,
1057 1874 1213 1935 zodiacum
1235 1872 1376 1952 partibus
1390 1871 1635 1952 inaequalium

271 1962 332 2026 Est
363 1962 408 2023 ita
430 1980 488 2023 non
512 1970 628 2024 tautum
661 1962 691 2023 iu
715 1962 853 2024 doctriua
881 1961 1026 2025 rationali
1048 1962 1202 2036 domuum,
1237 1961 1408 2023 sedetiam
1439 1960 1469 2022 in
1494 1959 1637 2022 doctrina

272 2051 460 2113 Ptolemaios
482 2051 692 2112 directionum.
739 2048 820 2120 Quid
843 2069 916 2111 vero
940 2050 1114 2112 subaudivit
1137 2049 1284 2112 Stadios?
1328 2049 1379 2116 An
1399 2049 1458 2129 ipsi
1480 2049 1562 2110 idem
1585 2056 1636 2110 sat

272 2138 480 2221 praetergredi
504 2146 537 2200 et
556 2137 716 2219 intercipi?
761 2139 828 2200 Hoc
852 2138 961 2200 fuisset
984 2140 1023 2201 ad
1047 2147 1150 2201 votum
1174 2138 1290 2208 Stadii,
1320 2137 1348 2199 si
1371 2138 1516 2217 scripturn
1540 2145 1637 2212 esset,

248 2245 252 2256 ·
273 2228 418 2308 aequales
443 2246 531 2289 arcus
556 2228 728 2307 aequaturis
750 2227 831 2289 inter
844 2227 917 2289 bina
939 2234 972 2289 et
985 2228 1056 2291 bina
1070 2227 1250 2309 hemicyclia
1272 2227 1421 2306 intercipi,
1446 2226 1562 2288 zodmci
1584 2227 1638 2287 in-

274 2316 428 2397 aequales.
474 2316 545 2378 Nou
576 2324 677 2377 autem
700 2316 757 2377 hoc
790 2315 864 2379 dicit
886 2316 1094 2392 Ptolemaeus,
1128 2316 1181 2377 sed
1205 2316 1278 2378 illud
1303 2316 1442 2398 utrinque
1464 2329 1635 2378 commone.

272 2406 429 2467 Breviter:
460 2406 497 2467 de
521 2411 605 2467 motu
628 2403 774 2484 loquitur,
805 2404 876 2484 quia
897 2405 927 2466 iu
953 2405 1118 2467 directione
1140 2411 1295 2480 versatur,
1326 2423 1391 2466 cunr
1416 2404 1555 2466 doctriua
1578 2404 1638 2465 do-

273 2513 373 2557 muum
396 2495 437 2557 sit
461 2494 498 2555 de
522 2493 593 2555 sito.
641 2491 775 2572 Colliges
798 2493 854 2555 hoc
877 2493 956 2567 inde,
982 2494 1054 2574 quia
1075 2494 1210 2558 nominat
1232 2514 1377 2574 goeros-u,
1401 2494 1450 2574 qui
1473 2501 1636 2571 sootpar-

274 2591 323 2644 tes
348 2582 531 2663 aequaturie.
577 2581 635 2643 Ait
655 2581 756 2661 igitur,
776 2589 977 2666 ‚aequatorem
992 2582 1169 2662 aequalibus
1188 2583 1320 2648 transire
1339 2582 1535 2662 temporibus,
1561 2590 1639 2660 puta

275 2672 340 2733 sois
363 2671 510 2751 propriis,
534 2670 688 2732 zodiacum
712 2670 936 2751 inaequalibus,
960 2679 1036 2751 pota
1057 2690 1117 2733 non
1140 2670 1219 2745 sois,
1244 2671 1297 2732 sed
1323 2671 1444 2744 alienis,
1478 2668 1639 2749 aequaturi

274 2759 439 2839 inscriptis.
487 2759 612 2821 Zodiaci
635 2760 714 2821 enim
738 2760 879 2823 transitio
903 2759 986 2821 nulla
1008 2779 1041 2821 se
1064 2760 1270 2839 ipsametitur
1293 2767 1441 2840 tempora,
1465 2759 1539 2840 quia
1552 2776 1633 2821 sem-

184 2884 191 2896 ·
275 2867 330 2929 per
354 2856 385 2909 et
407 2849 515 2930 ubique
540 2848 706 2927 inaequalis
726 2856 785 2911 est.
833 2848 974 2911 Stadios:
1002 2849 1187 2923 „Praeterea
1206 2848 1309 2928 spatia
1341 2849 1420 2910 iuter
1437 2847 1639 2909 meridianum

280 2945 312 2999 et
344 2936 530 2999 horizontem
559 2935 738 2998 intermedia
771 2956 826 3016 per
847 2938 1024 3017 inaequales
1048 2938 1139 3000 horas
1171 2938 1356 2999 mensurat.“
1405 2934 1536 2998 Omnino
1560 2935 1638 2997 Sta-

262 3020 344 3087 ‘dios
367 3027 468 3088 animo
492 3032 631 3087 versatur
655 3026 683 3087 io
709 3025 920 3090 distributione
945 3026 1098 3099 domnum,
1127 3025 1321 3087 Ptolemaeos
1349 3025 1380 3086 in
1409 3024 1639 3105 dispensatione

275 3121 421 3177 motuum.
466 3115 536 3178 Non
565 3113 688 3175 metitur
720 3115 823 3193 spatia
846 3115 1056 3190 Ptolemaeos,
1091 3114 1145 3176 sed
1174 3123 1273 3175 motus
1303 3113 1434 3194 partium
1457 3113 1575 3175 zodiaci
1597 3113 1639 3174 ab

277 3203 433 3264 horizonte
457 3202 488 3263 in
512 3201 717 3276 meridianum,
742 3211 774 3264 et
796 3203 920 3265 metitur
944 3204 1061 3283 quidem
1090 3205 1234 3282 cujusque
1257 3202 1361 3281 puncti
1383 3202 1501 3264 zodiaci
1523 3209 1639 3263 motum

278 3291 404 3353 seorsim
433 3289 608 3370 aequalibus
639 3289 722 3352 horis
750 3291 977 3371 temporalibus.
1022 3292 1091 3353 Non
1115 3292 1193 3353 enim
1222 3290 1328 3353 tribuit
1357 3291 1506 3371 principio
1536 3290 1640 3353 cancri

277 3379 450 3459 longiorem
471 3378 578 3440 horam
608 3377 638 3439 in
662 3386 744 3454 orto,
778 3379 946 3441 breviorem
976 3380 1006 3442 in
1029 3380 1208 3454 meridiano,
1244 3379 1298 3440 sed
1326 3379 1494 3459 aequaliter
1517 3379 1640 3459 longam

277 3468 433 3548 utrinque3
466 3467 651 3529 diversorum
674 3487 747 3530 vero
769 3475 947 3548 punctorum
971 3469 1113 3544 zodiaci,
1136 3486 1195 3530 nou
1223 3467 1432 3543 antisciorum‚
1462 3475 1564 3530 motos
1586 3467 1639 3528 in-

278 3556 454 3637 aequalibus
476 3558 599 3618 metitor
620 3556 713 3619 horis.
759 3556 872 3620 Verius
896 3564 928 3619 et
949 3558 1070 3638 proprie
1099 3558 1197 3636 magis
1226 3556 1371 3638 cujusque
1393 3555 1497 3637 puncti
1519 3556 1639 3619 zodiaci

277 3653 391 3708 motum
415 3646 454 3708 ab
477 3644 631 3707 horizonte
655 3646 686 3707 io
709 3646 878 3715 meridiem,
912 3647 976 3709 sive
1001 3647 1107 3725 longus
1131 3646 1185 3719 sit,
1221 3645 1286 3707 sive
1314 3646 1430 3714 brevis,
1464 3645 1638 3725 aequaliter

278 3734 433 3798 distribuit
464 3734 494 3795 in
521 3742 626 3814 partes
657 3753 730 3809 sex,
755 3755 830 3816 quas
854 3735 991 3815 appellat
1012 3735 1102 3797 boras
1122 3735 1318 3815 temporales.
1366 3733 1509 3797 Stadios:
1536 3734 1639 3814 „qood

279 3824 394 3902 arguit,
427 3822 511 3884 illum
539 3841 597 3883 nou
621 3823 762 3885 divisisse
786 3824 942 3885 zodiacum
965 3823 1140 3904 aequalibus
1165 3823 1290 3903 spatiis,
1324 3824 1378 3886 sed
1408 3824 1636 3904 aequaturum.“

279 3911 354 3972 Tam
382 3930 453 3972 vere
476 3912 533 3972 hoc
556 3909 683 3973 Stadios
714 3913 815 3992 arguit
842 3931 880 3974 ex
903 3913 1041 3974 doctriua
1069 3912 1265 3974 directionum
1298 3930 1388 3992 sopor
1419 3913 1557 3975 docmina
1579 3913 1638 3973 do-

278 4107 361 4150 rum:
386 4088 457 4168 quia
479 4087 521 4149 ibi
540 4087 598 4149 loci
623 4090 814 4150 Ptolemaeos
838 4108 897 4150 non
921 4091 1018 4169 magis
1041 4091 1107 4170 agit
1129 4091 1167 4152 de
1190 4090 1337 4164 domibus,
1363 4107 1452 4171 qoam
1478 4090 1515 4151 de
1529 4089 1638 4170 signis,

282 4177 312 4238 la
338 4196 364 4238 e.
387 4176 476 4256 plane
501 4176 574 4238 nihil
599 4177 636 4238 de
659 4177 698 4239 iis
721 4179 795 4257 agit.
841 4178 908 4240 Nec
931 4177 1008 4239 enim
1032 4179 1188 4241 zodiacum
1217 4198 1274 4241 nec
1306 4185 1500 4259 aequatorem
1529 4178 1641 4240 dividit

280 4265 455 4345 aequalibus
471 4265 588 4344 spatiis,
614 4266 668 4327 sed
682 4275 797 4328 motum
812 4267 1046 4348 uniuscnjusque
1062 4268 1166 4347 puncti
1185 4268 1310 4331 zodiaci.
1359 4267 1500 4330 Stadim:
1528 4266 1640 4342 „Alio-

281 4355 332 4434 qui
365 4353 543 4433 aequalibus
575 4354 657 4416 horis
689 4354 766 4416 haec
798 4355 938 4417 deductio
977 4355 1094 4418 absolvi
1130 4363 1265 4435 poterat,
1302 4375 1361 4418 nou
1398 4355 1637 4437 inaequalibus.“

281 4442 431 4521 Agnoscit
455 4441 596 4516 Stadios,
625 4442 831 4505 Ptolemaeum
859 4444 889 4504 in
920 4444 1098 4507 deductione
1125 4444 1256 4505 versari:
1288 4446 1359 4525 qaid
1385 4445 1481 4525 igitur
1507 4444 1640 4507 somniat

283 4531 320 4592 de
343 4530 555 4592 distributione
579 4530 738 4594 domuum?
782 4533 825 4594 Et
847 4533 1006 4594 manifeste
1030 4534 1149 4613 ignorat
1172 4551 1295 4612 scopum
1310 4533 1488 4609 Ptolemaei,
1513 4552 1566 4595 cur
1588 4533 1639 4594 in-

283 4619 426 4698 aequales
449 4618 540 4680 horas
564 4627 697 4697 usurpet
743 4620 893 4682 identitas
917 4621 1055 4684 nimimm
1079 4622 1194 4685 numeri
1208 4621 1359 4696 horarum,
1383 4639 1442 4684 nou
1457 4622 1638 4703 aequalium,

283 4709 337 4767 sed
362 4706 572 4786 inaequalium,
597 4708 728 4770 collocat
751 4710 874 4771 diversa
895 4711 1011 4773 zodiaci
1035 4721 1147 4790 puncta
1169 4711 1199 4771 io
1215 4709 1320 4773 eodem
1341 4711 1452 4773 circulo
1466 4711 1638 4790 positionis.

300 4833 304 4836 Α
372 4793 513 4857 Stadios:
548 4795 618 4872 „Ad
642 4797 728 4869 haec,
751 4798 802 4860 obi
824 4799 1018 4862 Ptolemaeus
1042 4801 1079 4861 de
1101 4800 1320 4880 prorogatoriis
1342 4799 1408 4878 agit
1431 4798 1516 4868 locis,
1538 4800 1637 4860 unde·

285 4882 394 4946 cimam
416 4882 534 4945 domum
558 4885 603 4947 ait
626 4884 784 4967 hexagono
808 4888 944 4969 aspicere
967 4888 1179 4971 horoscopum,
1204 4888 1247 4950 Μ.
1273 4887 1309 4951 Ο.
1335 4888 1557 4971 quadrangulo,
1580 4905 1638 4950 no-
