3609 5634
683 423 715 475 de
733 425 806 475 rebus
824 425 986 490 asmologieis.
1447 429 1519 496 325.

151 579 246 702 aaz.
274 585 301 630 st
326 578 546 631 electionibus
565 579 674 632 statuis?
710 582 783 633 Multi
808 598 927 649 magnam
952 563 999 634 lilla
1026 585 1166 636 efficaciam
1194 587 1313 640 tribuum
1350 589 1403 654 Ego
1427 597 1515 641 centra

243 735 455 818 Keplerus:
495 737 542 801 De
576 740 829 804 inclinationibus.
882 740 1130 817 Consideremus,
1163 744 1232 826 qnid
1266 746 1306 807 sit
1338 747 1512 812 inclinatio:

152 826 314 890 Inclinatio
343 834 391 889 est
408 827 591 906 promtitudo
622 829 659 890 ad
684 839 798 893 certum
826 832 947 912 aliquod
978 833 1130 912 negotium
1158 834 1205 895 vel
1231 835 1388 909 allectum,
1417 846 1451 898 ιιι
1474 839 1513 899 ad

153 916 246 991 iram,
281 916 425 988 caedem,
460 917 571 978 furtum
596 919 648 980 bc.
695 919 793 981 Vides
818 922 856 983 ad
881 921 951 983 illas
980 921 1168 984 occasionem
1201 923 1326 1002 requiri3
1359 943 1430 1004 ergo
1454 946 1512 987 nou

152 1014 238 1068 totae
263 1006 302 1067 ab
325 1004 459 1067 humore.
509 1005 582 1068 Δι’
574 1027 603 1068 rn
627 1027 747 1087 genere,
771 1010 796 1071 si
823 1008 948 1071 definias
972 1010 1187 1091 promtitudine
1207 1011 1244 1071 ad
1269 1030 1317 1074 res
1337 1013 1510 1096 melancho-

152 1095 229 1158 licas
253 1095 324 1166 fac„
353 1094 432 1155 idem
456 1094 611 1175 peridem
635 1096 822 1178 explicatur3
860 1097 933 1160 nihil
966 1117 1071 1178 nempe
1105 1100 1178 1160 fiunt
1201 1099 1298 1169 aliud,
1334 1121 1422 1182 quam
1445 1102 1511 1183 ipse

152 1185 271 1246 humor.
317 1181 473 1250 Austriaci
497 1183 617 1246 dicunt:
652 1186 717 1247 Das
740 1186 782 1248 ist
805 1186 869 1248 sein
893 1187 1016 1249 Humor
1058 1188 1174 1250 Humor
1198 1188 1308 1250 transit
1332 1210 1352 1250 a
1373 1191 1510 1270 parenti-

153 1275 220 1347 bus,
245 1272 442 1352 implantatur
463 1272 738 1377 imaginationibus,
761 1275 901 1354 provenit
915 1276 1005 1338 certis
1020 1276 1104 1349 locis,
1129 1284 1257 1356 augetur
1270 1277 1360 1354 victu,
1385 1286 1419 1340 at
1438 1288 1510 1342 tan-

153 1362 307 1423 tummodo
330 1360 527 1425 materialiter
549 1370 582 1425 et
604 1364 701 1443 magis
722 1365 956 1444 particulariter.
1003 1365 1100 1427 Astra
1116 1384 1187 1426 vero
1206 1384 1313 1427 revera
1332 1376 1512 1430 concurrunt
1623 1347 1627 1352 ⁵

153 1449 211 1512 sub
234 1449 439 1530 generationis
463 1451 579 1514 formali
603 1453 730 1514 ratione.
776 1454 856 1516 Nam
886 1453 913 1514 si
937 1453 1001 1515 vita
1032 1452 1160 1515 hominis
1184 1454 1252 1515 fusa
1284 1454 1325 1517 sit
1348 1456 1447 1518 Marte
1481 1455 1511 1518 in

153 1548 222 1601 ortu
246 1544 398 1614 versante,
422 1533 552 1602 facultas
576 1540 688 1617 vitalis,
712 1551 834 1622 recepte
850 1542 906 1604 hoc
926 1543 1111 1615 charactere,
1136 1543 1245 1604 format
1262 1544 1415 1605 consimile
1439 1539 1513 1606 cor-⁴

153 1647 210 1706 pus
235 1638 266 1688 et
289 1627 458 1701 humorem3
490 1647 549 1690 non
573 1637 675 1691 tamen
699 1638 732 1692 ut
758 1630 878 1710 penitus
902 1631 985 1702 eluat
1009 1640 1164 1711 acceptum
1189 1632 1419 1711 aparentibus,
1444 1634 1509 1706 sed,

154 1716 388 1797 qualemcunque
416 1716 458 1777 sit
486 1723 591 1792 nacta,
609 1717 752 1788 ,inflectit
781 1726 813 1780 ct
837 1727 925 1798 aptat
955 1717 993 1780 ad
1017 1720 1177 1781 coelestem
1203 1721 1417 1783 characterem.
1465 1721 1510 1784 Τιι

153 1812 240 1866 astra
262 1802 373 1906 insigni
395 1807 588 1907 partepunis
608 1807 850 1870 exordinatione
870 1807 987 1882 divina3
1012 1828 1067 1888 ego
1091 1809 1201 1888 insigni
1223 1817 1310 1889 parte
1336 1830 1372 1871 en
1399 1809 1509 1890 imagi-

153 1893 295 1967 natione,
318 1893 529 1973 impressione,
554 1895 741 1976 receptione,
769 1896 887 1958 format
866 1905 946 1958 trone
972 1897 1150 1959 facultatum
1169 1897 1353 1972 animalium,
1378 1899 1508 1960 indidem

153 1939 343 2045 ordinatibne
367 1981 477 2046 divina.
525 1982 669 2059 Quaeris,
699 2004 751 2048 cur
774 2004 832 2047 nou
855 1985 884 2047 in
914 2004 1023 2065 corpus
1046 1986 1252 2068 imprimatur?
1300 1984 1380 2058 Quia
1402 2005 1509 2068 corpus

152 2071 312 2134 materiale
344 2078 375 2133 et
403 2065 535 2135 crassius
568 2082 624 2135 est.
671 2073 784 2154 Figura
814 2073 889 2136 coeli
923 2081 1044 2136 constat
1072 2074 1238 2138 rationibus
1266 2075 1445 2139 harmonicis
1479 2083 1511 2137 et
1578 2065 1585 2084 ⁸

153 2159 403 2240 intelligibilibus
451 2159 536 2242 Opus
560 2161 652 2243 igitur
674 2162 717 2225 illi
742 2163 890 2227 consimili
914 2162 1060 2241 subjecto,
1085 2163 1133 2226 cui
1165 2162 1367 2245 imprimatur3
1401 2164 1431 2226 id
1463 2172 1510 2225 est

153 2249 284 2312 facultas
308 2249 445 2313 animalis
467 2250 527 2313 luci
550 2258 583 2312 et
606 2251 768 2314 harmoniis
792 2260 932 2332 cognata.

245 2338 572 2420 interrogationes
595 2340 722 2402 damnas
746 2349 779 2403 ut
803 2359 877 2432 opus
892 2339 1004 2401 liberae
1020 2339 1193 2401 voluntatis.
1242 2340 1324 2402 Nota
1338 2340 1415 2403 hanc
1430 2360 1506 2403 cau-

153 2446 234 2501 eam,
269 2446 476 2531 necunquam
500 2429 707 2492 contrahant
731 2428 841 2503 facias3
875 2429 919 2490 sic
943 2447 1058 2489 mecum
1080 2427 1170 2507 plane
1195 2427 1296 2489 facies
1338 2428 1507 2490 Electio-

155 2536 218 2578 nes
242 2533 312 2577 veru
345 2535 382 2578 ne
413 2517 443 2578 iu
468 2517 593 2580 eundem
617 2536 738 2580 censum
766 2516 919 2597 conjicias
967 2513 1084 2597 Scripsi
1110 2515 1189 2577 de
1171 2536 1208 2577 ιιι
1241 2526 1342 2577 antea.
1388 2516 1466 2607 De
1458 2537 1507 2577 m·

154 2603 310 2685 gressibus
334 2614 365 2666 et
389 2606 591 2669 lunationibus
614 2605 682 2668 vide
706 2625 803 2668 meam
826 2604 1133 2667 dissertatiunculam.

226 2693 434 2745 Fabricius:
463 2693 611 2756 Quaeritur,
635 2709 667 2744 an
685 2694 841 2758 planetarum
860 2694 924 2743 vires
943 2693 974 2743 ab
993 2692 1044 2742 alia
1061 2692 1134 2742 stella
1152 2694 1239 2756 augeri
1257 2691 1294 2741 rel
1313 2692 1433 2742 debilitari
1452 2708 1507 2757 pos·

156 2761 227 2814 siat?
264 2763 343 2814 Crede
362 2780 446 2814 ornnes
464 2766 549 2816 stabas
569 2771 595 2816 et
612 2766 727 2829 planetas
746 2780 800 2815 esse
819 2764 926 2823 calidas,
953 2769 979 2813 et
996 2763 1090 2813 nullum
1108 2762 1223 2827 frigidum
1240 2763 1279 2812 rel
1297 2762 1424 2812 humidum
1443 2777 1507 2820 esse,

155 2835 201 2886 recl
218 2841 289 2886 certa
305 2836 402 2886 ratione
419 2838 542 2900 respicere
560 2837 669 2900 aliquam
686 2836 832 2901 qualitatem
856 2838 883 2886 ιιι
901 2835 1093 2886 elementaribus
1111 2834 1196 2893 rebus,
1225 2847 1299 2897 quam
1318 2834 1404 2883 astreli
1422 2835 1445 2883 ιι
1464 2849 1507 2884 ex-

155 2907 218 2957 citet
235 2911 262 2957 et
279 2907 382 2962 animm,
399 2913 429 2956 ut
445 2908 569 2971 quaedam
587 2907 688 2967 herbae,
706 2922 771 2972 quaa
790 2906 872 2957 Βοιιιιι
890 2906 1032 2970 respiciunt,
1051 2904 1174 2969 quaedam
1190 2904 1277 2955 Lunae
1295 2911 1390 2954 motum
1407 2905 1507 2955 imitan-

154 2983 196 3027 tur
213 2981 240 3027 et
256 2983 383 3027 mutantur
400 2979 484 3042 quovis
500 2991 595 3036 mense,
624 2985 653 3028 ιιι
671 2984 697 3029 et
714 2979 779 3042 lapis
797 2978 928 3028 selenites:
952 2977 1052 3026 minium
1070 2976 1203 3026 absurdum
1221 2977 1283 3036 erit,
1310 2975 1405 3025 calidas
1421 2976 1508 3026 stellas

155 3049 266 3097 excitme
284 3052 329 3097 aut
346 3054 463 3113 vegetare
481 3049 638 3113 qualitatem,
667 3063 723 3098 curn
739 3050 766 3098 in
784 3048 909 3099 medicina
927 3047 1053 3096 rideamus
1071 3047 1154 3097 calida
1183 3061 1258 3110 saepe
1278 3048 1388 3096 animare
1406 3046 1507 3111 frigidos

154 3118 276 3168 humores.
312 3117 339 3168 Si
362 3133 424 3183 quae
442 3134 547 3185 geneses
566 3134 622 3170 cnm
640 3120 809 3170 accidentibus
828 3119 951 3169 nonnullis
970 3118 1105 3184 collegeris,
1125 3131 1217 3182 quaeso
1235 3117 1295 3166 mihi
1315 3117 1369 3167 illas
1388 3117 1420 3168 ad
1439 3131 1517 3175 com,

155 3202 230 3238 mune
251 3189 343 3239 bouum
365 3191 556 3253 promovendum
579 3192 752 3242 eommunices·
789 3190 895 3254 Tempus
919 3191 1004 3238 mortis
1023 3188 1131 3239 Cardani
1158 3191 1221 3239 scire
1245 3189 1365 3238 desidero.
1409 3188 1508 3240 Fratres

155 3259 187 3310 de
204 3259 256 3326 Bry
274 3260 404 3311 ediderunt
420 3261 495 3312 libros
513 3262 607 3327 aliquot
624 3264 722 3314 ieonum
741 3262 867 3328 doctorem
894 3261 1014 3316 virorum,
1043 3260 1069 3310 in
1087 3260 1135 3309 illis
1163 3260 1225 3309 forte
1242 3268 1340 3324 tempus
1358 3261 1505 3312 invenietur.

243 3330 449 3411 Keplerus:
485 3331 542 3396 Vis
565 3333 648 3396 Solis
671 3333 710 3395 ad
734 3353 790 3394 nos
813 3332 954 3395 debiliter
977 3332 1128 3412 pervenit,
1153 3351 1218 3393 curn
1242 3333 1269 3393 is
1293 3331 1417 3393 declivis
1441 3339 1506 3405 est3

154 3418 202 3482 vis
225 3418 342 3501 quidem
375 3420 457 3500 prior
485 3421 541 3484 illa
569 3424 599 3484 in
622 3443 691 3485 mea
721 3421 996 3485 dissertatiuncula.
1044 3420 1101 3482 Vis
1125 3418 1249 3481 Saturni
1272 3420 1371 3481 altera
1401 3419 1456 3482 illa
1478 3419 1507 3480 iu

154 3527 223 3571 mea
245 3508 512 3571 dissertatiuncula
535 3512 676 3575 debiliter
700 3513 739 3572 ad
761 3530 817 3573 nus
840 3510 987 3590 pervenit,
1012 3528 1078 3570 cum
1092 3527 1160 3582 nour,
1186 3509 1234 3568 vel
1258 3527 1324 3569 cum
1349 3508 1419 3572 laxe
1433 3527 1507 3569 con·

156 3597 300 3677 liguratur
323 3598 396 3660 locis
419 3598 594 3679 insignibus
642 3601 686 3664 Ut
709 3600 838 3661 altarum
861 3600 941 3661 alter
964 3606 1126 3676 oppugnat,
1151 3597 1230 3657 alter
1244 3596 1308 3657 fieri
1322 3615 1380 3656 non
1385 3602 1508 3682 potest,

156 3685 213 3747 nisi
235 3692 270 3747 ut
293 3685 399 3749 fortius
423 3688 550 3750 altero
542 3708 573 3751 m
596 3689 674 3752 idem
698 3689 868 3767 subjectum
891 3695 1031 3765 operetur
1054 3703 1228 3764 quocunque
1247 3677 1395 3763 operandi
1410 3684 1508 3752 modo

242 3773 366 3838 Nullam
390 3774 529 3855 frigidam
552 3778 672 3840 stellam
688 3777 827 3839 absolute
842 3775 1030 3837 crediderim.
1077 3774 1160 3851 Lege
1180 3791 1277 3833 meam
1293 3769 1508 3835 dissertatiun-

156 3863 264 3925 culam.
310 3864 339 3925 A
363 3864 454 3926 simili
476 3883 549 3928 vero
572 3885 632 3927 non
655 3866 731 3928 bene
755 3863 866 3926 videris
890 3864 1103 3941 argumentari,
1129 3861 1275 3941 quomodo
1299 3861 1399 3922 calida
1414 3861 1509 3939 frigus

156 3951 298 4015 efficiant.
344 3952 424 4015 Nam
447 3953 478 4015 iu
502 3954 651 4016 medicina
674 3972 741 4015 cnm
764 3955 820 4014 hoc
843 3953 886 4024 fit,
916 3971 1009 4013 causa
1033 3950 1185 4032 quaeritur
1209 3960 1239 4011 et
1262 3950 1436 4030 plerumque
1460 3949 1508 4010 iu-

155 4040 284 4102 venitur,
322 4039 504 4104 ⁴Consimilis
529 4044 588 4105 erit
611 4044 648 4105 de
673 4043 764 4104 astris
779 4041 934 4103 reddenda
957 4048 1011 4103 aut
1024 4039 1207 4103 claudicabit
1227 4037 1401 4100 similitudo.
1439 4039 1508 4100 Fri-

156 4137 211 4208 giis
233 4138 336 4191 tamen
359 4139 495 4194 nostrum
525 4150 611 4194 omne
636 4152 654 4193 a
676 4131 805 4193 materia
827 4148 896 4192 esse
919 4137 1008 4208 pute,
1042 4140 1123 4190 certe
1158 4127 1303 4202 hiemale,
1337 4145 1404 4187 cum
1427 4127 1510 4187 calor

155 4216 238 4281 Solis
261 4238 316 4280 nos
340 4218 461 4282 deserit.
508 4219 607 4282 Nocte
637 4220 764 4282 brumali
794 4220 876 4281 altae
901 4219 995 4279 aedes
1019 4238 1038 4278 a
1062 4216 1173 4295 frigore
1201 4223 1322 4277 tuentur
1346 4214 1509 4275 avertendo

157 4306 310 4381 ventnloS,
344 4309 499 4371 retinendo
524 4317 624 4372 adrem
647 4309 827 4371 halituosum
861 4328 897 4369 ne
922 4306 1106 4386 coaguletur.
1155 4304 1237 4365 Idem
1266 4304 1360 4366 nubes
1385 4302 1508 4364 faciunt.

155 4393 262 4460 Hieme
291 4395 386 4475 frigus
413 4397 500 4459 uobis
528 4398 710 4479 proximum,
736 4406 854 4459 aestate
883 4395 1028 4458 remotius
1060 4403 1092 4456 et
1116 4393 1206 4454 altius
1239 4392 1277 4453 ob
1300 4391 1509 4472 profundiores

156 4483 287 4561 halitus,
319 4483 428 4549 caloris
451 4485 535 4550 Solis
559 4487 694 4549 comites.
741 4485 854 4564 Frigidi
887 4485 997 4546 aestivi
1018 4484 1096 4560 dies
1130 4481 1284 4560 apluviis
1312 4491 1343 4541 et
1371 4480 1511 4542 diuturna

158 4571 239 4637 Solis
262 4575 472 4651 occultatione,
499 4596 517 4636 a
540 4576 647 4646 ventis,
672 4573 721 4655 qui
746 4593 784 4635 ex
809 4573 917 4652 frigida
940 4572 1070 4651 regione,
1096 4569 1229 4633 atenaci
1252 4578 1284 4630 et
1300 4568 1426 4648 limpida
1442 4586 1509 4629 ma-

158 4663 243 4733 teria,
269 4682 344 4743 quae
368 4664 597 4742 pulcherrimam
622 4655 715 4726 eflicit¹
737 4662 945 4730 serenitatem,
971 4662 1025 4722 sed
1044 4668 1146 4721 tamen
1171 4658 1341 4719 claritatem
1360 4656 1509 4736 perstrin-

157 4752 212 4830 git,
237 4751 367 4813 calorem
390 4753 507 4829 minuit,
533 4754 631 4835 qualis
654 4753 708 4814 sub
732 4746 882 4828 amicasb
907 4748 979 4822 etQ
1004 4746 1256 4828 configurationes
1280 4764 1364 4808 ame
1389 4746 1510 4826 saepius

157 4841 371 4904 animadversa
394 4851 451 4903 est.
