3609 5634
269 352 311 473 5'2
861 376 1024 429 maenam

269 536 438 605 mutandus.
484 532 564 606 Quia
586 534 678 615 igitur
700 542 813 596 certum
835 552 928 616 penes
956 553 1011 596 vos
1047 532 1165 596 minime
1196 541 1275 610 erat,
1305 532 1546 596 inveteraturaue
1579 529 1621 592 sit

269 627 344 691 haec
367 619 494 688 mutatio
518 643 572 686 uec
596 643 644 699 ue,
667 623 741 685 nibil
764 622 812 686 hic
834 633 957 699 temere,
981 622 1055 686 nihil
1072 638 1152 684 rana
1170 624 1299 704 quadam
1317 622 1526 706 desperatione
1549 638 1620 680 cor-

269 715 462 797 rumpendum
485 732 552 776 esse
575 712 741 793 putabatis,
767 714 844 792 quod
868 713 1004 795 nequiret
1026 712 1056 774 in
1074 720 1227 794 postemm
1240 711 1369 774 restitui.
1401 710 1537 790 Denique
1551 727 1618 769 mo·

271 805 399 879 uebatis,
424 811 563 865 eventum
586 801 780 882 profectionis
803 822 888 864 meae
912 803 941 864 in
963 803 1078 864 incerto
1102 820 1180 871 esse,
1204 801 1326 884 fierique
1348 819 1452 881 posse,
1476 807 1510 859 nt
1533 795 1619 860 Cha·

270 891 493 977 rybdiu'vitans
516 892 546 954 iu
567 889 701 974 Scyllam
720 890 858 954 incidam.
892 892 935 954 Et
948 892 1023 954 baec
1038 891 1156 972 quidem
1176 900 1353 971 argumenta
1367 897 1431 951 tum
1445 889 1618 950 valuerunt:

191 1056 194 1069 1
264 985 328 1065 jam
350 990 511 1064 postquam
535 1000 572 1042 ex
595 981 652 1042 hac
675 1001 774 1043 annua
804 980 896 1043 veluti
930 981 1000 1044 crisi
1033 982 1069 1042 de
1102 981 1254 1062 turbarum
1286 980 1390 1043 harum
1417 979 1500 1042 exitu
1523 977 1619 1056 deque

268 1074 403 1135 venturis
425 1070 609 1152 temporibus
628 1070 773 1150 judicium
793 1071 892 1133 facere
912 1071 1020 1133 didici:
1044 1069 1282 1150 respondendum
1300 1077 1349 1132 est
1367 1068 1481 1149 aliquid
1498 1068 1537 1128 ad
1559 1084 1618 1145 op-

268 1162 385 1243 positas
409 1161 553 1224 rationes.
592 1157 680 1230 Quod
703 1160 820 1240 quidem
843 1160 962 1235 faciam,
988 1178 1112 1222 exorsus
1136 1160 1173 1221 ab
1193 1159 1308 1221 ultima.
1347 1156 1547 1237 Quaecunque
1570 1172 1619 1215 me

269 1271 397 1333 namque
414 1252 534 1313 fortuna
547 1257 691 1329 sequatur
704 1249 764 1311 alio
784 1250 961 1336 profectum,
986 1257 1100 1312 certum
1122 1248 1228 1323 habeo,
1253 1247 1430 1311 atrociorem
1452 1265 1510 1308 nou
1534 1246 1618 1306 futu·

269 1360 342 1417 ram,
367 1359 455 1421 quam
478 1359 554 1422 qnae
578 1338 663 1400 nobis
686 1338 831 1419 impendit
853 1338 980 1401 durante
1003 1338 1059 1400 hac
1082 1337 1168 1417 Reip.
1192 1346 1313 1400 nostrae
1337 1338 1441 1400 forma.
1487 1335 1621 1397 Ventum

270 1438 318 1492 est
331 1432 396 1510 jam
411 1429 449 1491 ad
465 1430 556 1491 exilia
569 1427 696 1490 civium:
723 1447 799 1510 quae
822 1428 935 1490 indicta
958 1436 1036 1502 suut,
1061 1427 1281 1508 repraesentari
1299 1427 1429 1489 noudum
1447 1428 1619 1505 coeperunt,

268 1530 428 1600 postquam
449 1517 575 1598 principi
599 1517 680 1577 cives
704 1517 925 1599 supplicarunt,
955 1535 1189 1597 responsumque
1216 1516 1360 1579 differtur.
1407 1512 1467 1585 Qui
1490 1532 1527 1575 ex
1550 1511 1622 1574 aula

269 1610 300 1671 iu
323 1609 400 1670 hano
423 1606 603 1668 mentionem
627 1605 779 1681 incidunt,
808 1608 950 1686 graviora
977 1607 1148 1668 minantur:
1182 1624 1304 1686 qnorum
1332 1622 1422 1666 voces
1449 1603 1475 1665 si
1498 1601 1621 1664 oracula

269 1699 339 1772 sint,
364 1714 514 1778 nunquam
528 1694 739 1757 commissurus
754 1696 963 1776 estpriuceps,
987 1703 1022 1757 ut
1044 1695 1093 1756 vel
1116 1694 1290 1757 Lutherauo
1313 1696 1396 1759 locus
1419 1693 1448 1754 iu
1471 1693 1544 1755 urbe
1566 1691 1617 1766 sit,

269 1787 324 1848 vel·
349 1784 445 1847 libera
478 1784 618 1863 migranti
650 1792 788 1863 potestas
819 1784 984 1858 evehendi,
1017 1782 1239 1858 commutandi,
1269 1784 1415 1846 vendendi
1443 1782 1522 1843 bona
1553 1798 1619 1843 sua

270 1873 486 1954 Coufiugeutnr
508 1873 581 1945 doli,
598 1873 712 1952 ¹quibus
734 1873 765 1935 in
788 1874 913 1936 crimina
930 1873 1100 1954 majestatis
1119 1873 1308 1955 implicentur
1324 1873 1415 1947 cives,
1440 1878 1474 1933 ut
1496 1870 1620 1949 rapinae

268 1973 461 2045 praetextum
491 1962 624 2023 babeant
647 1962 796 2041 justitiae.
844 1961 991 2026 Carceres
1019 1962 1114 2044 primo
1144 1963 1244 2042 parati
1276 1971 1379 2031 erunt,
1413 1968 1474 2022 tum
1506 1959 1620 2021 multae

268 2053 468 2134 pecuniariae,
494 2052 600 2133 quibus
623 2051 668 2113 illi
690 2051 892 2125 redimantnr3
917 2052 1042 2132 denique
1061 2052 1147 2113 bouis
1170 2051 1326 2132 dissipatis
1350 2046 1448 2113 exilia
1493 2049 1533 2111 Et
1552 2048 1619 2129 jam

269 2143 388 2224 quidem
411 2140 556 2223 incipiunt
578 2141 711 2221 irrogare
736 2143 847 2204 multas
870 2141 1069 2222 pecuniarias.
1108 2139 1167 2212 Qui
1191 2142 1335 2203 infantem
1359 2140 1398 2202 ad
1421 2137 1505 2201 verbi
1527 2138 1618 2200 mini·

269 2241 364 2294 strum
386 2231 416 2293 iu
441 2250 509 2293 arce
533 2230 634 2310 aliqua
652 2230 751 2292 vicina
769 2231 926 2311 degentem
947 2230 1053 2304 defert,
1069 2229 1223 2309 baptismi
1241 2249 1342 2304 causa,
1368 2229 1417 2309 qui
1433 2227 1468 2292 S.
1484 2226 1619 2291 Coenam

268 2321 378 2403 acqipit
401 2339 438 2382 ex
460 2319 649 2381 institutione
674 2319 802 2391 Christi,
834 2320 884 2400 qui
908 2320 1065 2382 conciones
1087 2319 1288 2399 Evangelicas
1312 2319 1397 2393 adit;
1424 2319 1618 2398 majestatem

267 2411 366 2472 laesit.
406 2408 465 2480 Qui
478 2408 631 2470 Psalmnm
653 2407 732 2470 intra
754 2410 857 2470 urbem
880 2412 994 2483 cantat,
1020 2409 1068 2489 qui
1091 2410 1242 2489 postillas,
1267 2409 1316 2488 qui
1339 2407 1462 2469 Biblia
1479 2407 1617 2468 Luthe-

267 2519 355 2563 rana
378 2498 484 2579 legit,
509 2497 590 2559 urbis
606 2498 756 2559 territorio
771 2506 902 2560 meretur
916 2499 1021 2561 arceri.
1060 2496 1119 2569 Qui
1138 2498 1167 2561 in
1190 2498 1362 2560 coemiterio
1384 2515 1522 2578 pompam
1545 2497 1618 2557 hor-

267 2594 349 2651 tatur
372 2588 412 2650 ad
437 2605 557 2668 preces,
587 2586 635 2666 qui
659 2587 796 2649 morienti
820 2587 1054 2650 consolationem
1078 2588 1229 2668 suggerit,
1257 2587 1433 2667 gravissime
1456 2593 1564 2667 peccat
1587 2594 1620 2647 et

267 2682 481 2756 noivnpaypon
504 2685 562 2737 est.
599 2677 683 2739 Haec
707 2676 785 2738 euim
808 2677 907 2738 omnia
927 2678 1044 2739 suntin
1065 2678 1205 2738 decretis.
1243 2676 1364 2738 Nullum
1387 2676 1436 2737 hic
1459 2674 1618 2738 discrimen

268 2767 346 2829 inter
360 2767 454 2829 civem
478 2774 509 2827 et
527 2764 694 2828 ministrum
709 2765 936 2845 provincialium
955 2766 984 2826 in
1005 2765 1195 2828 exsecutione
1215 2774 1361 2828 servatur.
1398 2764 1473 2826 Mihi
1497 2764 1525 2826 iu
1548 2765 1619 2825 viu·

268 2857 379 2919 dictam
403 2855 547 2917 contemti
571 2855 727 2917 ministerii
751 2854 844 2916 urbici
863 2855 958 2916 multa
985 2852 1025 2917 10
1044 2855 1223 2917 tbalemmm
1243 2854 1357 2916 indicta
1375 2861 1442 2915 est:
1467 2852 1621 2915 dimidium

265 2945 404 3025 precibus
418 2945 539 3019 redemi,
564 2944 709 3024 reliquum
731 2944 813 3025 prius
838 2956 905 3005 erat
925 2945 1150 3023 praestandum,
1175 2961 1263 3024 quam
1286 2961 1406 3024 possem
1425 2942 1546 3005 filiolam
1569 2943 1618 3004 iu·

268 3036 344 3097 ferre
368 3034 537 3114 sepulchro.
582 3033 687 3108 Alius,
712 3033 791 3112 quod
813 3032 954 3113 populum
976 3042 1045 3094 erat
1067 3032 1243 3094 exhortatus
1266 3033 1296 3094 in
1320 3022 1506 3107 coemiterio,
1535 3032 1620 3093 nulla

266 3125 417 3187 mentione
440 3122 606 3183 invidiosae
630 3141 749 3192 causae,
774 3123 930 3183 teterrimo
953 3139 1073 3183 carcere
1097 3121 1258 3185 detinetur.
1304 3121 1429 3184 Summa
1451 3121 1525 3182 haec
1549 3130 1618 3183 est:

267 3233 304 3275 ea
329 3213 516 3293 jamdicta,
550 3210 686 3290 incepta,
720 3212 894 3272 factasunt
918 3231 937 3271 a
959 3211 1107 3291 principe,
1142 3217 1176 3272 ut
1198 3231 1256 3273 nou
1279 3212 1378 3292 possit
1400 3209 1463 3272 sine
1488 3210 1619 3273 maximo

267 3302 321 3365 sni·
340 3303 485 3381 despectu
514 3301 562 3362 vel
593 3318 681 3359 uuum
705 3318 814 3360 anuum
837 3300 890 3361 ulli
914 3298 996 3361 verbi
1021 3300 1157 3362 ministro
1180 3300 1208 3361 in
1233 3300 1328 3362 tribus
1351 3301 1433 3362 hisce
1456 3300 1619 3380 provinciis

267 3392 297 3454 iu
317 3391 472 3478 ullaoarce,
498 3407 689 3469 quaecuuque
709 3389 789 3467 jura,
812 3387 942 3466 publica,
966 3388 1087 3469 privata
1101 3390 1316 3469 praetendente
1331 3389 1429 3452 locum
1443 3390 1619 3469 relinquere.

266 3483 314 3543 Ac
337 3480 395 3541 nisi
418 3479 638 3540 malesanornm
662 3478 810 3538 hominum
833 3477 990 3540 conatibus
1018 3478 1145 3540 resistat
1167 3480 1332 3541 Austriaca
1355 3479 1529 3551 clementia,
1552 3479 1620 3559 jam

149 3589 152 3601 ¹
267 3571 296 3632 in
320 3567 504 3649 quorundam
527 3567 634 3628 animis
659 3567 811 3629 delineata
834 3574 903 3628 suut
927 3576 958 3629 et
981 3568 1134 3649 martyria,
1159 3588 1213 3629 nec
1237 3576 1420 3649 temperatur
1443 3569 1481 3630 ab
1505 3568 1619 3648 apertis

267 3657 558 3721 comminationibus.
603 3656 668 3719 Nec
692 3657 848 3737 quisquam
871 3656 1005 3733 dubitat,
1035 3657 1104 3737 quin
1128 3658 1206 3719 siin
1230 3657 1311 3720 cives
1335 3658 1418 3720 etin
1440 3658 1619 3738 metropolin

265 3749 369 3809 valeat
390 3746 466 3806 haec
490 3747 673 3824 persecutio,
698 3745 830 3824 singulas
854 3764 969 3826 qunque
993 3744 1135 3808 nobilium
1157 3765 1257 3822 arces,
1282 3746 1422 3828 ipsosque
1446 3748 1521 3810 adeo
1545 3766 1618 3829 pro-

266 3855 360 3910 ceros,
385 3836 492 3896 nedum
514 3835 665 3896 ministros
688 3842 864 3914 perceptura
887 3836 938 3896 sit.
976 3835 1079 3896 Habes
1099 3835 1329 3897 delineationem
1344 3837 1473 3917 aliquam
1492 3845 1616 3898 nostra-

265 3926 340 3985 tium
363 3943 470 3986 rerum.
518 3922 585 3993 Qua
608 3943 666 3985 non
690 3922 794 3984 ultimo
818 3931 935 3984 tautum
960 3932 1155 4009 argumento,
1174 3926 1227 3987 sed
1251 3934 1282 3988 et
1304 3926 1403 3988 medio
1426 3926 1617 3988 satisfactum

265 4022 348 4094 puto.
394 4013 489 4086 Nam,
521 4021 554 4073 ut
581 4033 657 4074 nunc
690 4012 807 4093 quidem
830 4012 943 4075 habent
972 4014 1103 4075 humana
1130 4015 1295 4093 praesidia,
1327 4015 1409 4077 nulla
1435 4035 1473 4077 ne
1495 4015 1618 4077 minima
1717 4062 1722 4071 .

266 4103 384 4183 quidem
407 4121 477 4183 spes
502 4102 600 4163 estin
630 4120 790 4182 quoquam,
821 4102 879 4163 nisi
910 4101 939 4163 in
971 4103 1071 4165 armis.
1095 4161 1097 4164 ,
1117 4104 1168 4165 Ad
1196 4124 1280 4167 arma
1307 4113 1405 4166 autem
1434 4103 1498 4185 quis
1526 4114 1617 4185 putas

266 4192 390 4254 veniet?
434 4192 512 4255 Num
545 4190 688 4252 nobilitas
720 4198 825 4252 contra
856 4191 1043 4271 principem?
1088 4191 1261 4272 Disputatio
1295 4194 1409 4256 infinita
1441 4202 1499 4257 est.
1551 4195 1617 4257 Nec

265 4282 370 4356 video,
396 4300 471 4362 quae
494 4281 566 4342 mihi
589 4281 709 4360 privata
732 4298 801 4359 spes
825 4280 855 4340 iu
878 4279 999 4360 publica
1022 4281 1196 4344 calamitate
1219 4285 1317 4363 possit
1340 4303 1416 4345 esse.
1457 4284 1617 4364 Nunquam

265 4373 352 4433 salva
374 4377 477 4450 potest
500 4390 567 4431 esse
595 4390 643 4432 res
673 4370 839 4430 domestica
865 4369 894 4430 iu
925 4370 1052 4449 publicis
1084 4371 1334 4451 grassationibus.
1380 4372 1487 4435 Filiam
1518 4389 1615 4452 meam

266 4461 343 4541 qnod
368 4460 493 4535 attinet,
523 4460 640 4539 opinor,
671 4459 748 4519 hauc
771 4478 838 4520 esse
862 4478 960 4520 rerum
984 4460 1104 4537 faciem,
1137 4469 1170 4522 ut
1192 4461 1272 4523 haud
1294 4471 1419 4542 gravate
1443 4462 1615 4524 consensuri

265 4550 327 4609 sint
351 4549 414 4628 ejus
438 4556 554 4611 tutores
578 4567 644 4610 cum
668 4567 758 4610 uxore
783 4567 859 4621 mea,
884 4567 960 4628 quae
984 4550 1065 4612 illam
1089 4568 1189 4611 secum
1212 4550 1383 4612 abduceret.
1420 4552 1465 4614 At
1488 4552 1616 4613 officium

264 4656 371 4713 meum,
395 4639 481 4719 quale
501 4637 750 4701 fuerithacteuus
764 4638 828 4718 jam
852 4657 930 4699 anno
954 4645 1099 4713 vertente,
1125 4647 1197 4718 puto
1220 4648 1251 4702 te
1275 4641 1455 4722 perspicere.
1493 4640 1613 4702 Nemini

265 4726 330 4788 usui
354 4736 429 4788 suut⁴
446 4746 537 4807 opera
559 4745 641 4800 mea;
665 4728 800 4808 quodque
821 4726 963 4789 salarium
982 4747 1080 4790 meum
1100 4727 1234 4790 obtinere
1249 4748 1296 4791 me
1314 4729 1477 4811 patiuntur,
1502 4729 1615 4792 faciunt

264 4834 322 4876 uon
347 4824 409 4876 tam
428 4835 480 4894 spe
496 4826 674 4896 sequuturae
690 4826 789 4878 ex‘me
804 4817 955 4889 utilitatis,
979 4837 1068 4898 quam
1091 4817 1295 4882 misericordia
1318 4828 1349 4881 et
1371 4827 1452 4881 metu
1475 4819 1614 4881 sinistrae

265 4904 496 4969 existimationis
517 4924 611 4989 penes
633 4924 688 4968 vos
711 4906 741 4966 iu
764 4906 898 4987 imperio.
936 4908 988 4968 Ad
1000 4902 1085 4969 ‘haec
1108 4906 1134 4968 si
1155 4907 1185 4968 iu
1205 4908 1309 4972 schola
1328 4909 1399 4971 milri
1419 4907 1613 4976 laborandum
