3609 5634
678 361 800 424 arou·
819 372 981 441 nono
1445 370 1509 440 sis

104 520 218 584 Rheni
245 533 387 593 tractus
409 532 605 595 contremuit:
637 531 739 613 itaque
761 531 827 612 J‘am
851 551 909 595 non
933 533 1013 613 apud
1036 550 1092 595 vos
1115 531 1227 606 solnm,
1261 533 1315 595 sed
1339 533 1402 596 et
1394 553 1423 595 ιιι
1450 532 1509 595 Al·
1566 571 1568 578 ι

106 610 213 690 satia,
243 614 511 700 Luxernbnrgia,
534 622 724 726 Burgundio,
750 619 879 696 Gallia,
895 621 1039 684 Helvetia
1067 620 1144 683 varii
1167 629 1285 698 motus,
1310 622 1380 684 dum
1403 621 1510 701 religio

104 702 161 763 vel
187 705 442 785 suspicionibus
473 711 522 772 rel
545 731 576 773 re
600 712 667 791 ipse
696 710 805 790 agitur
846 670 935 782 Quid
958 711 1104 774 faciemus
1132 728 1187 772 nos
1218 710 1262 773 illi
1291 711 1426 787 Palladi,
1460 730 1508 785 ne,

106 790 186 854 dum
225 793 374 859 hastam
404 799 520 873 vibrat,
554 801 668 862 eoelum
701 800 883 880 perturbet?
929 798 1055 863 Scilicet
1087 800 1126 863 ad
1150 799 1247 862 D'enm
1276 799 1509 880 confugiendum
1615 797 1619 804 “

107 881 232 958 unios,
272 893 315 948 et
353 906 392 950 ex
424 888 472 950 lris
492 889 671 969 promiscuis
692 889 775 950 vitae
806 889 927 951 casibus
958 888 1146 952 dediscenda
1174 890 1241 951 vita
1264 889 1351 970 ipsa,
1385 898 1420 951 nt
1443 907 1510 951 eam

108 977 209 1034 tanto
238 976 395 1056 aequiori
419 977 517 1039 animo
540 995 695 1060 ponamus,
720 997 786 1040 cum
809 997 943 1041 summus
966 978 1018 1041 ille
1037 977 1166 1059 Jussent
1179 977 1355 1059 imperator.
1395 977 1511 1041 Cetera
1554 1057 1558 1064 Ι

110 1079 154 1121 ex
179 1069 239 1124 te:
288 1083 357 1145 quo
381 1066 459 1128 enim
483 1066 538 1129 tibi
561 1067 698 1147 exemplo
723 1066 902 1130 documenta
937 1068 1009 1130 dare
1032 1085 1170 1147 possem,
1203 1066 1235 1128 id
1258 1068 1323 1148 jam
1358 1072 1390 1128 et
1418 1067 1447 1128 in
1478 1075 1509 1129 tc

109 1150 199 1230 proh
228 1151 337 1216 dolor
359 1155 515 1234 experiris,
540 1164 572 1218 et
593 1157 782 1237 cniquenon
806 1155 934 1218 alienum
950 1155 1127 1236 exemplum,
1152 1157 1205 1218 sed
1230 1174 1301 1218 suus
1325 1175 1415 1218 casus
1436 1174 1510 1234 gra-

112 1239 296 1304 sissimus
350 1242 417 1323 Ego
441 1244 479 1307 de
502 1253 547 1324 te,
580 1246 621 1307 mi
649 1244 790 1317 Fabrici,
823 1245 861 1306 ob
889 1246 1036 1309 Uraniam
1065 1255 1204 1308 nostram
1233 1245 1384 1328 privatam
1418 1244 1510 1306 etiam

114 1329 170 1390 alo
199 1330 467 1406 sollicitudinem,
491 1353 578 1414 quarn
603 1342 689 1397 tanto
713 1332 810 1414 magis
834 1335 1003 1410 confirmas,
1029 1343 1141 1414 quanto
1164 1342 1195 1396 te
1220 1335 1308 1397 video
1334 1332 1511 1413 diligentio-

117 1435 190 1479 rem
215 1418 255 1481 in
285 1421 520 1501 quaestionibus
544 1423 759 1503 proponendis.

222 1506 302 1570 Sed
328 1509 464 1576 adrem
511 1511 635 1574 Literas
658 1532 759 1588 meas,
780 1531 846 1593 sup
872 1511 999 1575 Octobri
1024 1513 1170 1592 scriptas,
1203 1530 1258 1592 per
1281 1509 1510 1572 ministrnmL.

119 1595 162 1657 B.
190 1616 214 1658 a
238 1597 469 1662 Dietriclrstein
495 1602 593 1681 (cujus
618 1620 684 1664 cum
707 1601 777 1677 filio,
801 1622 895 1683 nuper
919 1602 948 1663 iu
972 1601 1109 1681 Ungaria
1132 1600 1313 1662 variolorum
1341 1608 1373 1661 et
1396 1599 1510 1681 dysen-

122 1685 235 1747 teriae
263 1687 361 1749 malis
384 1690 529 1764 extincto,
555 1689 634 1752 hic'
626 1711 656 1753 ιιι
680 1691 861 1771 colloquium
884 1690 1011 1762 venisti)
1041 1691 1079 1751 ad
1104 1710 1210 1752 manus
1235 1687 1417 1751 Cancellarii
1441 1688 1510 1748 Fri-

123 1775 198 1836 saei
226 1775 300 1847 (sic
324 1776 431 1839 habuit
452 1778 624 1858 inscriptio)
647 1779 859 1856 transmissas,
889 1779 944 1842 tibi
969 1797 1040 1841 vero
1064 1778 1243 1858 inscriptas,
1267 1785 1341 1857 puto
1364 1784 1395 1838 te
1420 1793 1511 1837 acce-

124 1863 240 1944 pisse;
286 1865 426 1946 quamvis
451 1865 659 1930 cancellarius
687 1868 761 1930 milri
783 1869 986 1942 recensuerit,
1020 1887 1055 1929 eo
1080 1868 1147 1948 ipso
1171 1873 1306 1946 tempore
1330 1884 1362 1927 se
1387 1864 1510 1938 abiisse,

127 1972 192 2032 quo
219 1954 283 2016 ills
310 1955 486 2032 advenerat,
510 1975 566 2019 uec
589 1957 702 2019 vidisse
726 1957 783 2019 has
807 1958 923 2021 literas.
970 1957 1102 2038 Require
1126 1954 1219 2036 igitur
1242 1954 1281 2017 ab
1296 1956 1360 2035 ejus
1384 1953 1510 2016 familia.

128 2041 193 2103 His
220 2043 329 2105 literis
354 2045 392 2105 ad
416 2053 535 2124 partem
558 2055 688 2115 tuarum.
713 2066 788 2127 quas
812 2067 850 2109 ex
866 2045 1095 2128 Archiepiscopi
1114 2047 1202 2109 domo
1221 2046 1334 2124 accepi,
1359 2041 1511 2124 respondi.

42 2187 46 2192 ,
129 2130 184 2193 Ex
217 2151 261 2194 eo
296 2141 431 2213 ternpore
464 2134 551 2197 binas
584 2135 662 2198 alias
695 2135 799 2215 accepi
832 2138 938 2199 eodem
971 2143 1105 2215 ternpore
1138 2155 1158 2196 a
1179 2136 1288 2196 Frano
1314 2131 1512 2212 Tengnaglio,

133 2239 276 2301 quarum
301 2221 330 2283 in
352 2223 565 2302 praesentibus
589 2224 769 2286 mentionem
796 2225 886 2289 lacis.
932 2224 1031 2304 Ego
1023 2244 1052 2285 ιιι
1083 2224 1144 2286 illis
1168 2223 1229 2285 tuis
1252 2221 1512 2301 Archiepiscopa·

23 2351 28 2358 ·
134 2309 224 2372 libus
261 2324 388 2461 pergam
421 2313 522 2388 initio,
553 2322 643 2394 post,
677 2312 703 2375 si
738 2314 807 2394 quid
842 2315 910 2377 novi
946 2312 1096 2436 scripsisti
1125 2313 1155 2374 in
1188 2309 1384 2392 sequentibus
1409 2309 1513 2371 itidem

136 2399 308 2461 ruminao

218 2506 409 2558 Fabricius·
447 2505 593 2566 Quaeritis,
622 2522 655 2558 an
678 2510 772 2573 signa
796 2507 971 2563 coelestia,
1002 2507 1041 2557 rel
1058 2506 1204 2572 magnitudo
1224 2502 1257 2554 1²
1276 2507 1402 2570 signorum
1419 2506 1513 2555 conru-

140 2577 248 2627 tusuda
273 2578 307 2627 sit
330 2578 413 2642 potins
438 2585 553 2641 respecta
578 2584 660 2629 motus
684 2580 758 2629 medii
785 2578 825 2628 rel
848 2576 918 2628 reri?
954 2576 990 2627 Ut
1008 2591 1088 2627 annus
1107 2583 1173 2626 totns
1195 2579 1222 2627 in
1242 2575 1274 2624 12
1294 2575 1412 2641 aequales
1430 2582 1514 2639 partas
1569 2601 1573 2610 ι

142 2648 278 2705 dividitur,
297 2649 334 2698 ita
352 2654 378 2698 et
395 2649 492 2698 melum
511 2650 667 2700 dividendum
686 2655 753 2701 earet
771 2651 797 2699 in
819 2647 849 2697 ta
862 2657 956 2714 partes,
975 2662 1040 2713 qnae
1058 2649 1131 2713 sigua
1140 2654 1268 2698 vocantur.
1306 2646 1332 2698 Si
1350 2648 1376 2697 in
1394 2647 1513 2711 aequales

144 2727 237 2783 partes
257 2718 354 2770 coelum
373 2720 503 2778 dividitur,
522 2727 582 2771 tnnc
600 2736 703 2772 aecsme
723 2729 770 2779 est,
789 2721 849 2770 illud
867 2720 921 2770 lieri
940 2719 1030 2776 debere
1049 2721 1145 2769 ratione
1163 2719 1237 2768 medii
1256 2724 1337 2768 motus
1355 2724 1382 2767 ot
1399 2733 1448 2767 non
1468 2731 1512 2781 ap-

145 2793 280 2854 parentis,
309 2793 351 2856 qui
369 2792 491 2842 interdura
511 2793 610 2857 aequali
626 2794 743 2857 temporis
761 2794 843 2857 spatio
860 2792 967 2848 tardior,
997 2797 1024 2841 et
1041 2791 1077 2839 aio
1102 2790 1213 2855 longiora
1235 2791 1309 2855 signa
1327 2792 1435 2846 taoemtr
1467 2789 1511 2838 alt·

146 2863 254 2926 quaudo
275 2863 384 2921 selenor,
404 2868 431 2913 et
448 2865 484 2913 sic
502 2865 613 2915 breviora
631 2865 720 2929 rigna,
748 2863 822 2915 Hane
841 2863 1011 2928 quaestionem
1032 2876 1082 2911 non
1101 2875 1191 2912 vanarn
1209 2867 1305 2926 putato.

243 2933 447 3014 Keplerus:
487 2935 533 2997 De
557 2936 768 2997 distributione
792 2937 946 3015 signorum
975 2933 1151 2994 coelestium
1176 2952 1234 2994 non
1258 2952 1337 2994 vana
1359 2932 1458 3012 inquis
1481 2941 1512 2992 te

94 3037 97 3042 '
149 3042 310 3104 quaerere.
359 3022 591 3086 Consideremus
615 3043 697 3086 usus.
745 3023 778 3085 Sl
802 3024 841 3085 ob
864 3022 1117 3095 numerationem,
1151 3022 1182 3083 in
1214 3028 1333 3101 promtu
1370 3033 1419 3082 re's
1454 3028 1511 3092 est,

150 3131 224 3173 eam
249 3112 407 3192 aequalem
437 3132 505 3174 esse
535 3113 660 3187 debers,
694 3121 726 3175 et
748 3112 954 3193 pulchrorum,
988 3110 1229 3187 articulatornrn,
1263 3109 1514 3190 oaptnfacilium

152 3220 355 3277 numerorum,
381 3202 445 3264 aine
469 3201 530 3263 ullo
555 3209 654 3264 motus
678 3211 826 3283 respectu,
851 3202 905 3263 sed
929 3220 1000 3262 vcra
1024 3200 1206 3276 distributio,
1230 3207 1374 3281 tanquam
1396 3197 1515 3260 itineris

153 3290 186 3354 in
210 3299 321 3352 ructas.
368 3289 402 3352 Si
426 3291 464 3352 ob
489 3290 621 3352 dominia
644 3311 681 3352 ea
705 3301 736 3353 et
766 3291 878 3353 limites
903 3290 1148 3370 jurisdictionum
1169 3288 1424 3369 planetariorum,
1459 3306 1514 3366 age

155 3388 190 3440 ut
215 3378 357 3453 libuerit3
390 3398 446 3458 ego
469 3388 567 3441 toturn
591 3381 744 3460 negotium
766 3399 876 3443 vanum
898 3385 988 3460 puto,
1022 3378 1079 3440 nisi
1108 3386 1257 3458 quatenns
1287 3398 1306 3439 a
1331 3376 1398 3439 fixis
1422 3384 1453 3439 et
1477 3377 1514 3438 ab

157 3466 320 3529 altitudine
354 3469 467 3530 orbium
491 3469 603 3548 aliquid
637 3470 810 3533 ratiocinari
841 3469 1002 3550 possimus.
1050 3465 1129 3539 Quid
1154 3467 1255 3529 enirn?
1301 3466 1356 3529 Sol
1383 3474 1514 3545 quotan-

157 3556 205 3620 nis
237 3575 331 3618 novas
364 3558 496 3637 planetis
529 3557 667 3634 tabulas,
700 3578 795 3622 novos
829 3558 941 3621 limites
973 3555 1178 3619 describeret?
1224 3553 1272 3618 An
1297 3572 1356 3615 non
1379 3553 1458 3616 idem
1482 3561 1514 3630 ot

157 3646 247 3709 Luna
269 3646 406 3709 faceret?
451 3647 534 3708 Idem
559 3657 592 3709 et
621 3648 714 3711 ceteri
737 3647 905 3727 planetas?
952 3645 985 3708 Si
1010 3645 1048 3707 ob
1073 3652 1233 3725 aspectus,
1267 3660 1384 3705 rnrsnm
1408 3642 1514 3704 distri-

157 3734 313 3798 butionem
335 3741 458 3816 oportet
480 3754 548 3797 esse
572 3737 743 3816 aequalem,
776 3736 880 3797 autin
906 3734 1114 3814 inaequalibus
1138 3732 1174 3793 iis
1200 3730 1400 3813 inaequaliter
1423 3731 1514 3793 etiarn

159 3823 351 3900 numerandi,
377 3842 432 3887 nec
456 3846 474 3885 a
497 3820 600 3898 21011
622 3824 652 3887 in
676 3823 772 3903 21⁰5(
796 3823 916 3886 sextilis
941 3823 1008 3898 erit,
1032 3821 1086 3884 scd
1112 3842 1130 3884 a
1154 3818 1258 3894 21011
1280 3822 1309 3883 in
1330 3817 1425 3897 22⁰o
1450 3821 1513 3882 ior-

160 3923 255 3974 tasse.
303 3912 336 3975 Si
360 3912 487 3994 denique
511 3913 549 3976 ob
573 3914 764 3990 directiones,
794 3912 843 3975 liic
867 3932 941 3974 sane
964 3920 1063 3974 tecum
1094 3928 1151 3991 ego
1175 3912 1274 3973 sentio
1297 3911 1327 3972 iu
1350 3928 1416 3972 meo
1440 3910 1515 3972 diri-

98 4071 104 4080 ,
159 4001 249 4105 gendi
274 4005 372 4066 modo
418 4005 498 4066 Nam
521 4022 609 4066 arcus
633 4003 807 4083 eclipticas,
841 4000 1136 4081 asigniticatoribns
1160 3999 1311 4072 inchoati,
1345 3999 1517 4061 dividuntur

161 4091 189 4152 in
213 4090 318 4172 spatia
350 4093 489 4172 aequalia
517 4092 631 4156 diurnis
657 4091 788 4155 motibus
822 4090 904 4154 Solis
933 4091 997 4172 ejus
1023 4088 1150 4165 mensis,
1179 4089 1209 4152 in
1234 4107 1291 4170 quo
1315 4098 1363 4150 est
1386 4086 1516 4190 genesis.

163 4181 194 4242 ln
224 4181 407 4244 ascendente
439 4199 510 4242 vero
544 4191 576 4245 et
603 4169 704 4245 medio
737 4181 813 4244 coeli
846 4198 935 4243 arcus
966 4179 1140 4259 aequatoris
1168 4177 1372 4241 dividuntur
1363 4197 1393 4239 ιιι
1417 4175 1519 4255 spatia

162 4271 300 4349 aequalia
329 4269 555 4333 ascensionibus
585 4272 676 4334 rectis
707 4271 878 4334 diurnorum
907 4268 1000 4332 Solis.
1048 4267 1110 4330 Sed
1138 4266 1325 4340 memineris,
1359 4265 1416 4329 hoc
1449 4286 1517 4328 esse

163 4358 300 4439 dirigere,
325 4367 357 4420 et
380 4377 438 4420 non
462 4357 640 4421 distribuere
663 4360 839 4423 zodiacum:
864 4359 947 4421 illam
970 4359 1120 4420 rationem
1133 4356 1321 4429 variabilem,
1345 4355 1423 4417 lianc
1444 4374 1517 4434 per·

162 4456 282 4527 petuam
305 4465 373 4509 esse
397 4447 547 4510 convenit
1487 4487 1492 4496 ι

251 4536 298 4598 De
322 4535 538 4616 astrologia
561 4554 637 4615 qnae
653 4535 760 4620 scripsi
782 4536 822 4598 ad
846 4544 887 4613 te,
913 4534 994 4597 seria
1017 4526 1136 4614 accipe3
1160 4551 1229 4594 nam
1252 4531 1278 4595 si
1297 4532 1516 4607 benememini‚

164 4623 397 4705 edogmatibns
421 4632 454 4686 et
476 4624 622 4705 exemplis
645 4625 781 4697 ostendi,
813 4644 860 4692 me
889 4623 947 4685 noir
976 4631 1073 4685 totam
1102 4621 1283 4683 convellere.
1329 4621 1375 4683 Tu
1398 4624 1425 4686 si
1448 4620 1518 4702 quid

164 4712 213 4775 hio
234 4713 438 4792 praestiteris,
461 4713 581 4776 laudem
605 4721 692 4775 tauto
715 4713 870 4794 majorem,
895 4731 983 4793 quarn
1009 4728 1075 4791 ego,
1100 4710 1287 4788 reportabis,
1312 4720 1424 4793 quanto
1446 4730 1519 4794 pro·

164 4801 231 4881 pius
254 4802 422 4880 astrologia
445 4802 484 4863 ad
506 4822 579 4866 usus
602 4803 748 4865 humanos
772 4802 900 4877 accedit,
926 4806 1038 4881 quanto
1062 4799 1137 4861 haec
1161 4797 1300 4862 subtilior
1323 4801 1519 4864 astronomia.

166 4890 279 4955 Verum
316 4891 409 4968 scito,
441 4891 568 4971 primum
602 4899 693 4973 atque
721 4898 755 4954 tu
777 4899 875 4956 metas
903 4889 1056 4971 ἀιριβιιας
1079 4897 1111 4950 et
1133 4887 1240 4952 virium
1263 4888 1384 4953 humani
1408 4889 1520 4971 ingenii
