3609 5634
763 391 926 443 meim
1482 388 1525 454 ts

151 545 193 612 iss
217 549 388 612 mercedem
411 557 552 629 erogetur
579 568 656 611 novo
681 551 806 626 sur-rinei,
836 551 886 631 qui
907 571 948 613 ex
969 569 1040 613 sere
1069 569 1143 631 opus
1177 551 1331 624 conficiat3
1359 549 1525 629 eujusmodi

152 635 315 699 hominem
337 638 602 718 horologiopaenm
625 639 682 701 hac
706 639 735 701 in
759 640 831 701 nrbe
854 650 1047 720 praesentem
1070 639 1182 713 habeo,
1204 640 1291 718 cujus
1309 637 1380 700 mihi
1403 637 1527 717 placent

152 743 266 805 opera
314 725 414 790 Globo
438 746 509 790 vero
533 728 603 807 qnid
628 728 746 813 sculpto
765 747 840 807 opns
865 729 934 791 est?
979 727 1140 809 Pingatnr,
1165 736 1199 789 ut
1217 728 1287 802 ille,
1313 743 1400 809 quem
1414 726 1546 788 Mona·

153 814 222 876 chii
246 814 327 888 vidi,
360 819 447 884 (Junio
466 840 490 875 a.
512 821 593 882 15911,
617 824 775 892 stuttgardia
793 825 906 877 Gratium
931 826 1068 890 protectus,
1091 825 1252 877 Monaoblum
1274 827 1364 877 mansit
1381 823 1527 889 Keplerus.)

152 904 303 982 Apisni
326 923 419 987 opus,
444 905 494 985 qni
517 906 635 985 quidem
658 910 750 969 etiarn
773 908 880 971 stellas
904 908 978 970 lecit
1000 907 1157 969 exemtiles
1184 915 1310 987 propter
1333 908 1526 988 praecessio-

154 994 523 1073 mmaequmoctiorsm

234 1151 308 1201 Hanc
327 1151 428 1216 Kepleri
447 1153 598 1202 sententiam
618 1153 648 1201 de
667 1154 809 1204 innovanda
826 1156 926 1218 penitus
945 1169 990 1205 sen
1008 1153 1164 1204 dissolvenda
1182 1153 1300 1203 maehina
1312 1154 1421 1212 coelesti,
1441 1170 1524 1220 quarn,

156 1227 190 1270 ut
209 1238 225 1271 e
242 1221 371 1271 bisestlini
386 1222 480 1285 judicio
499 1238 574 1287 supra
592 1226 714 1288 proposito
734 1232 760 1275 et
778 1241 792 1275 e
810 1226 969 1289 sequentibus
988 1226 1092 1290 patebit,
1110 1225 1183 1289 plane
1202 1226 1322 1274 diversam
1344 1226 1375 1274 ab
1394 1241 1432 1282 ea,
1451 1241 1525 1291 quern

158 1307 239 1356 supra
256 1295 360 1357 principi
378 1296 524 1358 scripserat,
551 1295 730 1344 conficiendam
748 1302 887 1355 statuerat,
913 1296 1060 1346 Maestlinur
1079 1310 1155 1361 segre
1172 1295 1283 1354 ferebat,
1310 1297 1444 1361 anxiusque
1462 1297 1525 1347 baec

156 1365 287 1427 morlpsh
305 1363 342 1426 (d
362 1362 405 1414 80.
420 1365 476 1415 Oct.
490 1362 527 1426 (e.
541 1363 617 1427 Nor)
635 1363 731 1426 ldbilz
754 1367 793 1417 De
809 1382 883 1431 opere
902 1373 1021 1433 argenteo
1040 1367 1098 1432 quid
1115 1365 1222 1416 scribam
1239 1368 1414 1431 propemodum
1431 1370 1524 1425 nescio,

159 1449 312 1500 quamquam
330 1436 462 1486 scribenda
479 1437 558 1485 multa
575 1436 701 1487 haberem.
739 1437 810 1499 Quae
833 1440 902 1487 initio
925 1439 1068 1488 metuebam
1090 1444 1117 1487 et
1139 1438 1230 1488 tacitus
1255 1452 1352 1488 meeum
1375 1439 1525 1503 cogitabam,

160 1506 298 1556 edisserere
317 1514 403 1556 antem
424 1521 499 1557 ansus
518 1522 568 1556 non
586 1508 630 1566 fui,
650 1522 681 1558 ea
696 1511 750 1572 jam
769 1511 893 1559 eveniunt
931 1508 1028 1567 Metui,
1048 1510 1144 1573 oblique
1163 1510 1238 1558 etiam
1257 1509 1319 1567 dixi,
1340 1511 1460 1560 immanes
1478 1525 1524 1560 nec

112 1595 118 1602 ·
159 1578 304 1628 tolerabiles
322 1579 383 1627 illud
401 1585 495 1627 sumtus
513 1580 691 1642 requisiturum.
731 1580 882 1630 Dissuadere
901 1595 976 1630 susus
993 1596 1043 1630 non
1061 1580 1110 1637 ini,
1134 1595 1165 1630 ne
1185 1580 1252 1629 alind
1269 1596 1309 1630 me
1327 1594 1445 1645 quaerere
1463 1582 1524 1630 tuis-

159 1662 210 1711 que
228 1649 360 1698 honoribus
379 1650 436 1713 quid
454 1649 584 1699 detrahere
602 1650 665 1700 velle
683 1651 791 1708 viderer,
814 1653 960 1716 praesertim
985 1665 1040 1701 oum
1066 1665 1104 1700 res
1127 1652 1182 1715 ipsa
1205 1651 1264 1699 milri
1283 1653 1383 1717 egregie
1401 1652 1523 1715 probetur,

160 1722 335 1770 etinremnm
358 1721 475 1770 videlicet
497 1722 527 1769 de
552 1720 601 1770 hac
625 1722 772 1772 admiranda
796 1723 889 1772 orbium
913 1724 999 1772 mnndi
1023 1723 1179 1786 proportione
1201 1722 1302 1772 mirifice
1328 1722 1388 1771 mihi
1415 1723 1523 1786 placeat.
1554 1757 1557 1762 ·

160 1789 236 1840 Unde
255 1806 301 1855 ego
321 1792 352 1842 de
370 1806 429 1841 mea
447 1794 574 1841 sententia
595 1794 726 1857 requisitus
752 1796 918 1857 maximopere
942 1791 1002 1854 (nec
1021 1791 1155 1854 immerito)
1172 1792 1221 1842 hoc
1238 1799 1308 1842 tuum
1326 1795 1453 1843 inventum
1473 1794 1522 1844 col·

158 1861 269 1911 laudari.
301 1862 352 1927 Spe
370 1871 454 1913 sutem
473 1877 504 1912 ea
522 1863 628 1921 fruebar,
648 1879 708 1927 opus
726 1864 786 1913 illud
804 1865 946 1915 coniectum
963 1865 993 1914 iri
1012 1872 1037 1914 te
1056 1867 1108 1929 ipso
1130 1864 1242 1913 diotsme
1261 1871 1287 1913 et
1303 1870 1444 1928 praesente,
1463 1866 1523 1929 quia

159 1936 246 1982 omnia
271 1936 347 1983 etiam
372 1935 536 1983 minutissima
561 1948 577 1983 a
602 1941 628 1984 te
654 1935 716 1983 bene
742 1936 925 1999 praemeditata
949 1950 1003 1984 esse
1024 1936 1103 1985 allata
1120 1943 1202 1984 certus
1221 1949 1296 1984 eram.
1335 1935 1408 1985 Nunc
1428 1942 1532 1993 autems

160 2018 218 2053 cum
238 2005 270 2053 sd
288 2020 329 2054 rue
348 2004 488 2055 devolutum
505 2007 552 2062 sit,
577 2013 603 2054 et
621 2020 667 2070 ego
685 2022 725 2055 me
743 2007 862 2069 imparem
887 2006 1001 2064 rideam,
1028 2013 1057 2056 nt
1080 2006 1137 2055 huic
1155 2004 1260 2055 Veneris
1286 2008 1363 2070 capiti
1387 2007 1418 2055 ab
1438 2005 1524 2069 Apelle

160 2083 250 2139 coepto
267 2077 388 2140 reliquum
406 2089 494 2140 corpus
513 2077 660 2141 appingam,
684 2078 749 2141 qnod
766 2084 897 2127 venustate
917 2083 943 2127 et
961 2077 1065 2128 arhdoio
1085 2078 1289 2141 correspondeat,
1309 2079 1396 2127 dubins
1415 2078 1524 2141 proiecto

159 2162 232 2203 sum.
254 2148 400 2212 praesertim
423 2162 479 2197 cnm
498 2148 598 2196 adficis
616 2162 704 2197 manns
722 2150 748 2197 in
766 2149 844 2198 stellis
862 2149 1004 2212 sculpendis
1022 2163 1124 2213 segnem
1143 2162 1170 2197 se
1188 2147 1350 2212 prodiderit'
1367 2148 1467 2199 Etenim
1485 2148 1523 2198 lll.

159 2220 299 2282 principem
317 2219 436 2269 offensum
455 2219 484 2265 iri
503 2218 662 2268 vehementer
678 2226 777 2277 metnor
801 2222 821 2269 si
840 2221 949 2270 enimin
969 2221 1098 2284 spongiam
1117 2220 1206 2275 abest,
1225 2221 1282 2284 quid
1301 2221 1422 2270 dicturum
1440 2225 1522 2284 putas,

160 2297 219 2354 post
235 2297 319 2339 tantos
334 2293 388 2352 jam
407 2290 486 2338 laotos
504 2297 599 2338 sumtus
617 2292 643 2338 in
660 2292 773 2345 invento.
800 2297 888 2340 tama
914 2297 955 2346 te,
982 2305 1057 2355 quam
1076 2303 1149 2339 ame
1167 2292 1359 2354 supramodum
1378 2289 1523 2341 celebrato?

161 2359 190 2409 Si
209 2375 269 2424 opus
287 2362 451 2424 producatur,
471 2367 496 2410 et
515 2361 579 2410 sicut
597 2368 711 2424 coeptum
729 2368 782 2418 est,
802 2361 975 2420 continuetur,
994 2376 1042 2411 nec
1061 2362 1180 2410 sumtibus
1199 2367 1244 2411 ant
1262 2362 1366 2412 artificio
1384 2363 1461 2413 ctiam
1480 2376 1522 2412 ex·

159 2431 468 2495 pectationirsspondeat,
486 2432 544 2494 qnid
556 2432 663 2480 futurum
675 2432 834 2496 putabimus?
863 2432 907 2483 Sin
925 2433 951 2480 ln
972 2431 1080 2490 „chaos“
1100 2432 1235 2496 redigatur,
1254 2438 1284 2481 ut
1300 2448 1391 2482 norum
1409 2439 1521 2497 exurgat,

161 2503 217 2566 quis
235 2509 330 2552 sumtus
346 2506 399 2565 jam
418 2503 498 2551 lectus
516 2502 598 2552 ieret?
618 2531 651 2540 -
676 2502 749 2552 Nunc
768 2510 853 2552 autem
870 2502 946 2560 mihi,
965 2502 1023 2567 quid
1042 2501 1166 2567 agendum
1184 2503 1231 2560 sit,
1251 2503 1448 2567 respondendum
1466 2510 1520 2560 est:

160 2588 220 2622 narn
239 2575 272 2636 ab
291 2573 455 2622 Illustrissimo
475 2575 613 2636 nuperrime
633 2574 663 2623 de
682 2589 797 2638 responso
816 2574 957 2623 admonitus
975 2589 1037 2623 snm.
1075 2572 1198 2622 Constitui
1215 2574 1289 2639 igitur
1311 2589 1351 2624 me
1374 2574 1407 2623 ad
1424 2580 1520 2637 partem

160 2643 268 2694 Domino
281 2644 314 2695 D.
330 2644 500 2710 Eiscngreinio
513 2646 659 2707 respondere
677 2645 748 2702 velle,
769 2650 795 2693 et
812 2652 891 2700 tuum,
911 2645 979 2709 quod
993 2646 1057 2694 binis
1074 2644 1151 2694 literis
1169 2644 1229 2694 mihi
1247 2646 1373 2707 scripsisti,
1392 2645 1520 2695 consilium

161 2716 303 2778 explicare,
330 2715 534 2784 eumque„qnld
551 2731 622 2779 porro
640 2716 782 2767 iaciendum
799 2723 888 2782 putet,
913 2730 1020 2782 rogaro,
1045 2717 1083 2765 lta
1105 2722 1134 2764 nt
1155 2714 1276 2766 offensam
1294 2717 1409 2782 principis
1427 2716 1520 2765 evitare

159 2789 289 2849 possimus.

235 2861 290 2923 Age
308 2858 377 2908 Dens
397 2857 463 2906 adsit
481 2858 591 2920 coeptis!
627 2857 700 2907 Haec
725 2858 928 2908 festinantissime
954 2858 1066 2915 calamo,
1094 2858 1159 2907 sieut
1181 2864 1234 2907 tute
1259 2857 1360 2907 ridebis.
1396 2855 1518 2914 Proxime,

160 2929 259 2978 volente
277 2928 346 2985 Deo,
365 2929 444 2992 plura
481 2926 546 2978 Vale
565 2942 621 2978 enm
640 2931 746 2995 conjuge
764 2928 912 2979 iebcissims.

233 3105 273 3154 ss
290 3105 353 3156 mee
372 3106 497 3170 somnne
514 3105 637 3170 sepiens
656 3065 679 3155 r.
701 3104 742 3156 ιι.
762 3103 848 3155 nure
870 3093 938 3153 rste
954 3104 1043 3168 pause
1060 3102 1127 3153 nune
1145 3104 1171 3153 n
1189 3102 1306 3153 morum:

250 3229 383 3291 Transeo
408 3228 447 3289 ad
462 3228 630 3309 Penelopes
654 3230 758 3291 telam.
795 3228 838 3290 Et
857 3246 964 3290 maneo
989 3226 1018 3289 in
1037 3226 1169 3307 pristina
1187 3226 1349 3288 sententia.
1395 3224 1430 3288 Si
1446 3226 1518 3290 mibi

162 3316 215 3378 ills
236 3336 340 3379 messa
362 3316 480 3397 argenti
504 3318 640 3393 deretur,
673 3318 752 3379 unde
776 3316 987 3379 automatsrlis
1012 3315 1205 3396 suppeditare
1228 3332 1362 3395 possem,
1387 3315 1518 3378 instrue-

160 3424 223 3466 rem
248 3407 433 3486 horologium
457 3407 604 3481 coeleste3
633 3413 741 3485 postea
765 3414 882 3467 tentum
905 3406 1000 3479 iilum,
1030 3406 1069 3466 sd
1097 3404 1356 3483 repraesentando
1383 3421 1519 3483 corporo,

162 3496 423 3556 circumducerem.
469 3494 562 3557 Esset
585 3503 686 3556 eutem
710 3494 781 3556 illud
802 3494 879 3570 tale,
912 3502 962 3570 nt,
995 3493 1021 3554 si
1046 3512 1082 3554 ex
1104 3493 1175 3573 polo
1199 3493 1356 3573 eclipticas
1381 3493 1447 3572 quis
1469 3493 1519 3554 in-

161 3583 309 3664 spiceret,
334 3584 451 3645 videret
468 3584 609 3662 planetas
633 3584 662 3644 in
686 3583 749 3645 suis
773 3582 877 3660 signis.

251 3671 338 3743 Quod
367 3681 469 3734 sutem
500 3673 604 3736 literas
635 3673 680 3733 ita
703 3672 833 3751 scriptas
856 3670 917 3742 ais,
948 3677 983 3730 ut
1004 3688 1063 3730 non
1092 3668 1212 3748 possint
1234 3668 1399 3748 isengrinio
1428 3670 1519 3746 tradi,

65 3755 68 3762 ⁴
163 3780 235 3840 age,
269 3762 398 3823 oblitera
422 3761 487 3835 ille,
520 3779 596 3842 quse
619 3779 779 3841 personam
803 3760 868 3837 ejus
892 3758 1042 3829 attinent,
1065 3766 1226 3837 praetextu
1249 3757 1338 3819 facile
1357 3759 1400 3820 uti
1418 3766 1518 3836 potes,

162 3850 242 3929 Ego,
267 3851 325 3911 nisi
349 3858 400 3912 tuo
419 3851 544 3912 consilio
568 3850 612 3912 uti
635 3850 815 3921 voluissem,
839 3867 913 3908 sane
935 3846 1085 3924 adipsum
1104 3846 1294 3925 scripsissem
1311 3846 1517 3926 leengrininrrr.

161 3937 231 4000 Jam
263 3948 333 4019 post
364 3940 474 4000 festum
507 3939 638 4000 scribere
667 3957 725 4000 non
758 3956 891 4018 possum.
938 3935 1040 3996 Nolim
1070 3941 1183 4008 tamen,
1218 3952 1314 4014 neque
1346 3935 1392 3996 bis
1423 3954 1518 4015 neque

162 4029 367 4107 superioribus
392 4037 505 4102 motus,
536 4027 692 4090 abstineas
717 4027 756 4088 ab
783 4045 833 4100 eo,
868 4025 945 4105 quod
974 4023 1028 4085 tibi
1053 4021 1165 4084 iactum
1195 4024 1338 4116 optimum
1359 4023 1518 4085 videbitur.

161 4117 254 4191 Nam,
279 4118 328 4197 qul
352 4118 389 4178 de
411 4126 465 4179 tna
487 4116 698 4178 benevolentia
720 4116 872 4178 minimum
896 4133 954 4175 non
979 4111 1096 4184 dubito,
1119 4131 1178 4173 non
1196 4129 1319 4192 possum
1342 4131 1401 4173 non
1423 4111 1517 4172 vehe-
1563 4167 1568 4174 .

161 4214 278 4268 menter
301 4206 442 4285 probare,
467 4205 608 4286 quidquid
633 4206 755 4266 tandem
779 4203 936 4266 statueris.
982 4201 1088 4282 Neque
1112 4202 1219 4279 exigno
1237 4200 1335 4278 majus
1354 4208 1414 4274 est,
1440 4198 1518 4278 quod

161 4296 199 4354 de
222 4303 253 4356 te
282 4314 386 4375 spero,
416 4313 504 4375 quarn
533 4295 570 4356 de
593 4295 776 4372 lsengrinio,
809 4291 948 4374 quamvis
977 4290 1062 4352 illum
1094 4289 1166 4351 mihi
1190 4288 1293 4351 favere
1316 4287 1407 4360 dicis,
1440 4287 1519 4367 quod

160 4389 225 4445 tute
250 4387 360 4463 optime
385 4401 474 4446 nosse
498 4383 622 4464 poteris.

231 4545 297 4598 Huic
308 4543 410 4608 Keplsri
424 4544 543 4608 epistolae
560 4541 725 4607 praecessisse
742 4538 838 4588 ridetur
856 4537 908 4586 slis
925 4534 1056 4599 explicatio
1073 4533 1205 4586 msobinse
1223 4547 1285 4584 suae
1303 4532 1427 4589 eoelestis,
1444 4546 1519 4600 quem

161 4631 239 4682 neque
257 4617 284 4664 in
301 4615 446 4672 Hansohio,
466 4630 545 4679 neque
564 4615 628 4663 inter
645 4611 769 4662 manusori
786 4615 814 4657 ta
832 4607 1019 4672 stuttgartiana
1036 4604 1259 4668 deprehendimus,
1279 4618 1400 4669 quamque
1419 4612 1518 4655 secutus

159 4686 308 4737 blaesillnus
333 4686 453 4749 judicium
480 4701 551 4736 suum
578 4697 653 4749 suprs
679 4688 830 4747 propositum
855 4675 891 4739 (d.
912 4678 935 4726 d.
956 4673 998 4725 22.
1018 4677 1089 4725 Febr.
1110 4672 1151 4723 98.
1177 4682 1226 4724 vet.
1253 4671 1322 4739 styli)
1348 4676 1516 4727 conformavit,

162 4758 276 4809 Ceterum
293 4757 427 4821 Keplerns,
445 4772 508 4807 noro
527 4763 599 4821 capto
617 4757 726 4819 impetu.
745 4766 797 4803 rem
816 4749 922 4798 alsonus
940 4747 1014 4810 paulo
1032 4753 1089 4810 post
1107 4759 1238 4812 aggressm
1257 4755 1304 4806 est,
1323 4747 1430 4811 pluribus
1448 4764 1518 4799 men·

110 4857 119 4866 ·
160 4837 212 4879 tem
228 4844 300 4880 susm
318 4828 443 4892 explicans
461 4828 537 4879 iteris
556 4829 581 4878 d
594 4829 618 4877 d.
639 4825 762 4876 illusit
783 4816 859 4875 1598,
878 4831 948 4883 quas,
967 4817 1054 4884 lingua
1071 4819 1223 4883 Germanica
1237 4818 1304 4870 huno
1321 4820 1349 4882 in
1366 4818 1442 4872 duem
1460 4834 1518 4872 een·
1562 4821 1563 4824 ’

161 4903 267 4967 scripta,
285 4909 314 4952 nt
331 4899 397 4949 Duci
414 4899 538 4952 Friderico
556 4899 595 4950 rel
613 4897 774 4964 Eisengrenio
792 4890 962 4951 traderentur,
980 4888 1027 4942 hus
1044 4889 1140 4942 habes:
