3609 5634
717 374 878 428 hetem
1421 372 1459 439 tl

94 542 164 605 ⁰¹8⁰
188 525 230 588 *d
255 531 479 610 oenomaum
499 554 677 599 mensuram.
722 535 768 599 At
787 536 818 600 in
841 537 922 599 linea
942 536 1040 599 nullus
1062 556 1200 601 numerus
1222 554 1277 599 nec
1300 536 1329 598 in
1352 553 1459 615 snper·

95 613 167 688 ⁸⁰52»
192 616 252 678 ⁸01¹
277 618 438 688 infinitas.
482 626 518 688 In
540 626 711 705 emporibus
733 625 833 706 igitur.
878 626 1073 688 Removenda
1099 646 1170 691 vero
1194 624 1370 706 irregularia
1391 643 1461 686 cor-

93 722 175 784 l¹⁰r²s
200 726 322 794 nempe
349 711 386 775 in
411 715 531 778 conditu
554 715 795 778 ordinatissimae
818 724 983 778 creaturae.
1028 716 1197 779 Remanent
1214 714 1305 795 igitur
1323 733 1378 776 sex
1391 731 1460 775 cor-

93 811 182 875 pora:
208 797 343 876 globus,
374 803 441 866 sive
462 804 562 884 potine
576 803 762 885 sphaericum
775 822 938 867 concavum
953 811 985 866 et
998 806 1123 886 quinque
1138 805 1303 868 rectilinea.
1341 801 1461 884 Sphae-

91 884 186 948 ticum
215 886 337 952 ultimo
371 892 458 955 coelo
485 893 618 956 debetur.
664 893 743 956 Nam
771 894 881 973 duplex
908 894 1051 970 mundus,
1085 893 1201 957 mobilis
1233 902 1265 956 et
1296 893 1460 973 quiescens.

91 972 148 1035 Hic
171 982 226 1037 est
251 979 298 1039 sd
325 980 496 1062 imaginem
518 981 667 1046 essentiae
690 981 817 1044 Divinae
840 982 870 1044 in
893 1002 926 1044 se
949 983 1174 1055 consideratae,
1204 983 1256 1046 ille
1286 982 1325 1044 ad
1351 980 1461 1061 imagi-

91 1082 159 1126 nem
173 1063 250 1141 Dei,
278 1078 442 1148 quatenns
465 1078 567 1133 creat:
592 1078 625 1134 et
645 1077 805 1151 propterea
827 1078 919 1137 tanto.
937 1072 1031 1134 minor
1054 1073 1099 1145 (in
1122 1072 1271 1152 margine:
1295 1089 1365 1132 nam
1378 1070 1462 1131 Deus

91 1170 149 1214 uon
178 1162 310 1218 umere
346 1160 461 1222 sumsit
482 1160 559 1222 hunc
582 1178 753 1235 numerum
789 1160 862 1223 nihil
893 1160 972 1223 enirn
998 1161 1063 1223 sine
1090 1162 1207 1224 ratione
1237 1160 1350 1240 optima
1377 1158 1460 1220 lacit.

91 1238 215 1313 Quodsi
241 1243 363 1323 dicas,
387 1248 521 1330 potuisse
543 1268 695 1312 numerum
717 1248 845 1330 aliquem
866 1251 950 1331 sumi¹
966 1270 1004 1313 ex
1026 1249 1175 1330 spirituali
1197 1250 1324 1312 mundo:
1361 1256 1463 1311 tannen

92 1331 130 1393 ad
152 1331 265 1396 Deum
291 1346 436 1400 recurret
457 1337 487 1399 in
507 1337 588 1403 illius
609 1339 704 1420 ipsius
727 1339 887 1401 creatione.
933 1339 976 1401 Et
998 1339 1157 1402 absurdum
1179 1339 1251 1414 erit,
1281 1357 1344 1401 rem
1370 1355 1461 1417 prae-

92 1420 354 1501 stantissimam,
383 1445 425 1488 sc.
452 1427 590 1489 mundum
613 1438 746 1490 meatum
769 1447 836 1490 esse
859 1428 898 1490 ad
921 1429 1106 1508 angelornm,
1131 1447 1188 1490 non
1212 1429 1250 1490 ad
1273 1428 1330 1490 Dei
1353 1425 1461 1506 imagi-

92 1528 170 1572 nem.
221 1512 301 1591 Ego
330 1515 457 1595 angelos
479 1515 563 1596 ipsos
585 1535 730 1580 wcenseo
750 1516 817 1579 huic
839 1516 949 1580 visibili
972 1520 1090 1594 mundo,
1114 1518 1237 1598 perinde
1261 1526 1293 1580 nt
1318 1516 1461 1578 homines.

93 1599 126 1661 ln
149 1598 340 1681 principio,
365 1611 435 1667 ante
459 1605 593 1684 angelos,
616 1613 750 1669 creatum
772 1614 820 1668 est
843 1604 968 1670 Ocelum
992 1616 1024 1670 et
1045 1609 1162 1681 Terra).
1210 1604 1463 1669 carvanensem

93 1688 276 1752 rectissime
301 1692 395 1767 Deo,
417 1700 532 1756 rectum
554 1702 708 1757 creaturae
731 1703 928 1775 comparatur.
976 1697 1010 1759 ln
1034 1698 1123 1778 globo
1145 1695 1237 1777 igitur
1259 1703 1308 1758 est
1329 1694 1457 1767 trinitas.

93 1777 316 1858 sphaericum,
341 1790 485 1856 connum.
508 1784 672 1863 capacitas.
718 1781 770 1847 Sic
788 1785 818 1846 in
840 1786 949 1848 mundo
964 1786 1073 1866 quieto,
1096 1785 1199 1861 lixae,
1224 1783 1287 1860 Sol,
1312 1803 1386 1847 aura
1399 1782 1462 1844 sive

95 1866 208 1930 aethra
233 1869 446 1935 intermedia:
470 1880 503 1934 et
524 1874 554 1935 in
577 1873 724 1936 Tn'nitate
738 1873 841 1944 Filius.
863 1874 966 1951 Pater,
990 1875 1130 1956 Spiritus.
1175 1873 1245 1937 Jam
1258 1873 1383 1936 mundns
1396 1889 1462 1934 mo-

74 1955 166 2051 xbilis
195 1976 242 2019 ex
273 1959 444 2025 rectilineis
471 1962 647 2024 censendus.
693 1962 815 2025 Illorum
843 1972 942 2027 antem
972 1966 1109 2045 quinque.
1156 1961 1257 2035 Quare
1285 1963 1313 2026 si
1335 1962 1388 2025 illa
1409 1979 1463 2041 pro

96 2045 244 2110 torminis
278 2049 349 2111 sive
381 2067 435 2129 pro
466 2051 651 2113 maceriebue
677 2051 815 2114 habenda
845 2061 918 2116 sunt
948 2054 1047 2133 (cujus
1075 2054 1166 2116 etiam
1188 2053 1331 2115 rationem
1355 2050 1464 2113 bonam

97 2135 213 2209 allero)
240 2155 311 2199 non
333 2147 475 2218 poterunt
496 2141 596 2220 plures
619 2159 668 2202 ree
692 2140 891 2221 distinguere,
924 2161 1013 2224 qnam
1035 2162 1099 2206 sex.
1145 2142 1208 2205 Sex
1230 2142 1321 2222 igitur
1342 2138 1464 2203 mobilia

99 2220 207 2286 Solem
242 2226 546 2295 circumombenntie.
600 2229 736 2292 liabetur
767 2247 861 2293 causa
892 2232 1006 2294 numeri
1038 2233 1235 2312 planetarum.
1291 2229 1342 2292 Sic
1374 2228 1464 2308 igitur

100 2309 158 2375 Sol
182 2312 217 2376 in
247 2317 355 2379 medio
381 2316 532 2381 mobilium
559 2319 677 2399 quietus
699 2318 765 2400 ipse
790 2325 946 2382 ettamen
970 2321 1036 2382 fons
1058 2326 1171 2392 motus,
1203 2320 1281 2400 gerit
1303 2318 1463 2399 imaginem

99 2399 159 2463 Dei
179 2405 293 2483 patris
307 2406 462 2469 creatoris.
506 2405 585 2470 Nam
600 2408 679 2488 quod
702 2414 751 2469 est
770 2408 837 2470 Deo
859 2410 983 2483 creatio,
1008 2409 1063 2471 boc
1086 2417 1136 2471 est
1157 2409 1222 2471 Soli
1246 2417 1354 2470 ructus.
1391 2407 1462 2468 Mo-

13 2514 14 2519 *
102 2500 157 2553 vet
180 2500 297 2556 autem
318 2495 349 2556 in
372 2496 454 2572 lixis,
477 2505 512 2559 ut
531 2505 620 2576 pater
641 2497 673 2559 in
694 2497 754 2558 lilio
777 2506 870 2559 creat
916 2497 1009 2561 lixae
1033 2498 1112 2560 enim
1134 2498 1193 2560 nisi
1216 2498 1311 2559 locum
1333 2488 1463 2576 praehe-

102 2588 174 2643 rent
208 2602 272 2645 sua
302 2584 421 2663 quiete,
452 2584 526 2647 nihil
552 2585 663 2647 moveri
693 2593 807 2665 posset.
853 2583 941 2657 Quod
963 2586 1083 2648 axioma
1106 2587 1197 2649 etiarn
1219 2588 1288 2648 dom
1310 2584 1463 2662 Tubingae

106 2670 206 2733 unni.
259 2671 448 2753 Dispertitur
470 2680 569 2736 autem
583 2670 637 2737 Sol
660 2673 920 2738 virtutem'motne
942 2693 996 2754 per
1018 2675 1154 2752 medium,
1174 2676 1204 2738 in
1226 2694 1283 2755 quo
1306 2682 1376 2737 sunt
1397 2690 1464 2735 mo-

106 2756 203 2821 bilia:
231 2760 316 2823 sicut
338 2769 426 2842 pater
448 2781 501 2842 per
524 2762 660 2844 spiritum
683 2763 732 2825 vel
755 2763 1010 2844 virtute'spiritus
1033 2765 1080 2827 sui
1094 2774 1188 2828 creat.
1234 2765 1335 2846 Atque
1346 2762 1412 2844 jam
1426 2780 1463 2824 ex

109 2848 304 2912 necessitate
331 2852 623 2932 praesuppositorum
647 2851 798 2932 sequitur,
821 2862 934 2915 motum
957 2873 1023 2916 cnm
1046 2854 1199 2917 distantiis
1220 2853 1250 2916 in
1272 2850 1463 2934 proportione

108 2954 190 3000 esse.
241 2938 298 3002 Sic
318 2938 412 3020 igitur
426 2940 567 3017 conclusi,
590 2949 633 3015 nt,
656 2960 733 3023 quae
755 2942 906 3004 sententia
928 2943 1053 3005 eundem
1076 2943 1207 3006 ordinem
1230 2944 1258 3004 in
1273 2950 1354 3005 motu
1368 2948 1401 3002 et
1414 2940 1463 3004 di-

110 3026 239 3091 stantiis
254 3038 402 3104 servaret,
425 3048 498 3093 vera
511 3038 608 3105 esset;
632 3048 795 3113 quassos,
820 3030 908 3093 falsa.
954 3031 1072 3094 Exinde
1094 3032 1229 3112 probavi,
1251 3030 1463 3112 corporabaec

110 3112 244 3180 duorum
268 3136 337 3180 esse
359 3119 502 3194 ordinum,
526 3119 586 3181 tria
607 3119 638 3182 in
660 3138 729 3193 uno,
752 3119 810 3181 duo
832 3120 862 3181 in
885 3120 999 3200 reliquo
1023 3121 1135 3184 ordine.
1183 3119 1298 3185 anunn
1317 3138 1384 3182 esse
1397 3118 1462 3199 pri·

111 3220 193 3267 mum
219 3207 353 3270 omniurn
376 3215 407 3269 et
425 3209 471 3270 sui
495 3208 605 3270 ordinis
627 3208 728 3283 eham,
751 3216 822 3290 post
842 3209 1018 3291 pyramide3
1042 3211 1178 3273 ultimum
1195 3210 1354 3290 primorum
1368 3208 1463 3270 dode-

113 3294 272 3359 caedrum
314 3294 562 3361 secundariorum
583 3298 709 3377 primum
733 3316 800 3360 esse
815 3299 988 3375 octatdron,
1013 3299 1148 3362 ultimum
1166 3299 1360 3363 icosaedron:
1384 3296 1462 3358 Hinc

114 3385 260 3447 constitit
281 3384 369 3459 ratio,
394 3404 556 3465 quereres
579 3387 672 3449 totius
694 3387 794 3448 mnndi
817 3388 986 3467 praecipua,
1012 3389 1105 3451 'l'erra
1127 3407 1231 3469 nempe
1254 3407 1319 3450 cum
1333 3385 1461 3467 imagine

115 3468 174 3533 Dei
196 3473 228 3535 in
255 3474 373 3536 homine
395 3473 592 3556 distingueret
613 3476 692 3538 inter
713 3476 843 3538 ordines.
889 3477 1019 3540 Probevi
1033 3478 1132 3558 igitur,
1157 3478 1234 3558 quod
1247 3475 1388 3558 primarie
1406 3476 1461 3536 de-

115 3556 210 3625 beant
235 3571 323 3625 extra
350 3563 460 3625 terreni
488 3564 569 3625 orbis
597 3566 780 3645 complexum
811 3584 896 3639 esse,
931 3567 1109 3629 secundarie
1134 3567 1233 3628 intra:
1272 3565 1349 3646 quod
1372 3571 1463 3643 capnt
1525 3628 1527 3633 ,

119 3651 279 3714 exterioris
293 3651 406 3729 ordinis
424 3652 534 3715 debeat
551 3654 591 3715 ed
612 3653 688 3716 fixas
711 3672 844 3734 vergere,
863 3663 956 3735 caput
977 3655 1126 3718 interioris
1149 3655 1188 3717 ad
1211 3653 1322 3717 Solem.
1359 3652 1461 3734 Atque

117 3734 166 3800 hie
189 3741 389 3821 explicandae
412 3740 532 3804 inerunt
553 3760 656 3804 omnes
678 3743 877 3824 proprietates
900 3753 933 3806 et
954 3745 1147 3824 cognationes
1169 3745 1273 3807 horum
1296 3760 1460 3823 corporum.

118 3825 174 3889 His
198 3830 246 3892 ita
266 3830 459 3905 constitutis,
490 3831 628 3894 messui
651 3831 822 3912 corporibus
844 3833 999 3911 planetas,
1031 3833 1181 3896 contentis
1205 3853 1224 3895 a
1246 3834 1355 3895 Terrae
1379 3831 1460 3903 orbe,

119 3926 279 4003 contentos
293 3938 313 3981 a
326 3937 378 3994 se;
402 3920 531 3981 exclusis
554 3920 701 3984 exclusos.
744 3919 795 3983 Sic
818 3917 838 3995 li
861 3921 967 3984 onbnm
991 3923 1114 3984 sortitus
1132 3930 1190 3995 est,
1213 3922 1243 3997 il
1265 3921 1460 3993 tetrsddrum,

121 4012 144 4074 d
167 4008 399 4083 dodeeaedrnm
429 4007 676 4083 Qicosaddrnm,
709 4011 934 4085 boctsbdrum.
980 4011 1141 4091 Digressus
1164 4011 1253 4092 igitur
1275 4012 1305 4072 in
1328 4009 1460 4073 astrolo-

121 4094 210 4173 giem,
235 4097 437 4160 demonstravi
459 4099 653 4177 cognationes
678 4106 710 4160 et
730 4100 930 4178 proprietates
953 4100 1140 4180 planetarum
1162 4102 1320 4181 plerasque
1343 4119 1380 4162 ex
1403 4098 1459 4159 ho-

121 4201 185 4247 rum
208 4182 228 4250 5
252 4204 406 4266 corporum
428 4186 634 4250 affectionibus
656 4187 886 4250 mathematicis.
933 4188 1073 4251 Proxima
1090 4208 1161 4251 cura
1180 4189 1245 4264 fnit,
1269 4195 1303 4250 ut
1316 4187 1459 4250 ostende·

122 4290 193 4352 rem,
217 4276 361 4357 quomodo
385 4294 484 4338 omues
508 4283 612 4357 partes
634 4276 822 4358 sexagenarii
844 4277 1026 4357 multiplices
1048 4279 1110 4340 sint
1131 4278 1160 4339 in
1181 4277 1227 4339 his
1243 4275 1262 4339 5
1277 4275 1458 4357 corporibus,

123 4364 255 4444 exceptis
282 4362 321 4427 10
343 4372 375 4427 et
401 4360 455 4439 15,
479 4372 511 4426 et
532 4365 665 4427 vicissim
687 4365 829 4447 quidquid
850 4366 880 4427 in
903 4367 950 4428 his
973 4375 1157 4440 numeretur,
1180 4385 1233 4446 per
1254 4373 1357 4445 partes
1380 4360 1461 4427 torti

122 4461 297 4526 numeretur,
320 4453 453 4533 exceptis
472 4454 607 4516 octaedri
631 4462 663 4516 et
684 4454 750 4517 cubi
773 4455 871 4535 plenis
894 4456 1021 4534 angulis,
1047 4455 1096 4536 qni
1120 4464 1191 4519 sont
1213 4455 1241 4515 in
1266 4463 1388 4534 utroque
1411 4453 1459 4515 vi-

124 4542 186 4605 ceni
210 4542 354 4623 quaterni.
400 4542 533 4605 Tandem
560 4543 674 4605 duobus
703 4543 782 4606 soliis
809 4544 927 4606 modum
950 4544 1057 4625 scripsi
1081 4543 1252 4606 dimetiendi
1275 4550 1307 4604 et
1328 4541 1456 4605 investi·

125 4630 211 4709 gaudi
234 4631 347 4695 orbium
368 4631 576 4711 inscriptorum
603 4639 636 4694 et
664 4631 951 4713 circumscriptorum
983 4634 1083 4696 radios
1115 4631 1179 4694 sive
1211 4631 1456 4699 semidiametros.

124 4720 223 4799 Atque
245 4719 320 4785 haec
342 4720 487 4783 haetenus
511 4719 574 4783 sine
597 4721 695 4783 dubio.
742 4719 804 4783 Sed
826 4721 896 4802 quia
919 4721 947 4783 in
971 4720 1162 4802 sequentibus
1177 4721 1267 4784 dubia
1280 4721 1375 4783 multa
1388 4721 1459 4783 mibi

125 4818 290 4883 occurram,
313 4808 393 4872 volui
415 4809 533 4890 integra
555 4808 732 4881 describere,
756 4817 789 4871 et
810 4817 841 4871 te
864 4811 1027 4873 consulere.
1078 4810 1177 4872 blolta
1198 4810 1329 4891 reperies
1351 4811 1459 4890 partim

127 4916 160 4959 ex
183 4897 260 4961 taho
281 4897 416 4980 prolecta
437 4898 590 4985 principio,
614 4898 723 4983 partim
736 4915 775 4963 ex
787 4899 883 4972 nullm
907 4899 1014 4964 alieubi
1030 4900 1203 4968 haerentem
1216 4899 1342 4975 ridebis,
1365 4917 1457 4987 prop-
