3609 5634
614 355 620 359 ·
649 436 652 440 A
730 352 893 405 erasmum.
1448 348 1489 417 st

120 502 196 562 iatam
214 503 356 557 veritatem
378 500 499 572 enlpebm
535 508 626 561 Postea
648 510 749 574 protulit
773 510 949 563 candelabrum
973 512 1017 560 att
1040 511 1203 569 mittendum,
1229 517 1321 575 etqnm
1345 526 1405 577 quoa
1430 512 1490 563 mihi

120 579 283 623 numentana
296 576 390 627 inerat
403 595 447 642 pro
466 580 623 631 diminuendo
642 580 734 642 debito,
753 580 812 631 mihi
830 585 970 632 numeravit
986 581 1040 638 hoa,
1061 597 1121 646 quos
1139 583 1246 631 inclusos
1261 583 1380 638 invenies,
1401 581 1431 630 15
1444 583 1491 632 to·

119 657 196 693 renos.
226 643 284 694 Hor
306 645 344 697 15
359 649 387 697 fl.
406 651 510 701 libenter
529 650 580 701 alie
598 667 654 701 curu
672 655 780 716 pecunia
797 660 927 711 mutarem,
946 666 1027 717 quem.
1040 654 1084 702 tibi
1103 655 1234 706 mitterem.
1254 652 1292 703 vel
1311 654 1425 704 studioso
1439 656 1491 705 oni·

119 714 174 763 dm
201 716 383 779 mulcerem,
409 724 479 785 cutus
497 728 613 788 parentes
632 737 674 773 eos
693 724 738 774 rint
756 724 821 774 doml
838 725 1012 774 restituissent.
1046 723 1096 774 Sed
1115 739 1162 775 nec
1182 724 1258 774 eliam
1275 725 1387 788 protecto
1404 740 1490 777 mone·

118 797 169 836 ¹²¹¹
187 791 298 852 “celtis
325 805 380 843 uec
398 795 528 859 quicquam
546 794 577 844 de
602 794 711 846 studioso
738 796 857 859 ejusmodi
880 797 983 853 resciri,
1008 795 1065 845 ideo
1083 797 1149 845 sicut
1167 796 1269 859 accepi,
1295 797 1333 847 ite
1350 797 1395 846 tibi
1412 799 1492 849 mitte

119 857 156 907 Tu
172 864 200 908 te
220 862 364 926 accepisse
383 879 427 928 per
445 868 600 917 occationem
619 867 642 915 ei
659 867 816 935 significabit.
846 865 944 932 Repeti
963 883 1027 925 eam,
1047 874 1075 916 ut
1089 866 1155 931 apud
1168 882 1208 916 me
1220 873 1377 930 permaneret
1391 867 1491 925 diutim

118 932 268 991 ρηιιιιιὶιιι
282 933 321 983 ad
333 930 477 999 prandium.
506 937 556 988 Sed
573 940 706 989 maturarit
723 938 828 990 reditum
840 947 940 1006 propter
952 940 1048 989 iustam
1060 938 1170 998 Pascha,
1189 938 1389 1004 inaugurarimns
1407 948 1491 991 tamen

118 1000 248 1062 petulum.
271 1012 354 1069 prout
372 1008 428 1071 ipsa
445 1008 541 1061 scilicet
559 1009 643 1063 bibula
661 1016 705 1061 est.
727 1033 762 1044 -

189 1142 366 1212 Keplerue
384 1148 419 1201 ad
434 1151 499 1203 haec
516 1152 541 1201 d.
564 1146 621 1216 ¹⁹3,
641 1155 706 1219 hup
727 1150 795 1204 raet
813 1154 955 1220 rsepondit:

208 1234 267 1297 De
293 1249 416 1303 matre
438 1260 524 1304 mea.
563 1242 676 1304 Verum
700 1251 756 1317 eal,
782 1264 835 1307 aes
858 1243 987 1309 alienum
1011 1243 1051 1306 ad
1074 1241 1138 1307 200
1161 1244 1193 1305 fl.
1217 1242 1290 1306 mihi
1312 1242 1491 1313 incumbere,

121 1323 202 1404 qnod
226 1325 274 1387 illi
310 1347 407 1409 saepe
439 1349 494 1411 per
522 1331 626 1395 literas
654 1332 812 1395 inculcavi.
860 1332 922 1395 Gur
943 1342 1043 1395 autem
1066 1343 1097 1395 te
1127 1333 1304 1396 creditorem
1328 1333 1491 1411 existimet,

122 1432 217 1475 cusa
244 1415 331 1479 baec
359 1427 426 1481 est:
464 1417 591 1490 Quoties
619 1422 733 1503 aliquid
760 1442 792 1485 se
821 1423 892 1486 mihi
924 1424 1061 1486 daturam
1085 1432 1134 1485 est
1157 1423 1307 1503 pollicita,
1334 1422 1428 1502 jussi,
1458 1431 1494 1485 ut

122 1502 203 1581 apud
227 1510 262 1565 te
290 1505 470 1587 deponeret.
518 1508 737 1574 Candelabrum
767 1531 892 1575 aeneum
919 1513 987 1592 plns
1016 1513 1129 1591 negotii
1151 1511 1317 1592 Schillingo
1348 1511 1491 1586 exhibuit,

124 1609 214 1671 quam
239 1602 344 1658 antea
365 1598 503 1678 poculum
521 1607 704 1680 argenteum.
742 1599 803 1663 Sed
823 1602 923 1664 elucet
941 1620 978 1662 ea
998 1602 1049 1663 illo
1072 1602 1199 1664 candela
1221 1609 1375 1663 maternae
1398 1601 1492 1663 bene-

125 1680 296 1758 polentiae,
327 1704 416 1766 quem
439 1688 613 1768 amplector.
651 1689 738 1752 Fecit
760 1700 861 1753 temen
874 1691 979 1753 'scitus
1001 1690 1053 1753 ille
1069 1689 1254 1770 Schillingus
1277 1707 1385 1771 operae
1409 1708 1493 1752 com·
1598 1684 1605 1697 ³

125 1770 282 1849 pendium,
311 1794 381 1838 cum
404 1777 461 1839 duo
486 1778 649 1858 bajulanda
671 1787 785 1853 esseut,
808 1779 1021 1843 candelabrum
1044 1787 1075 1843 et
1099 1779 1139 1843 75
1164 1779 1237 1853 (15)
1261 1778 1363 1858 capita
1384 1779 1494 1843 Ponti-

127 1859 244 1937 srcslia,
276 1862 455 1946 indignatus
479 1884 552 1929 onus
580 1876 713 1944 tantum,
743 1870 848 1933 alteris
872 1868 999 1931 alterum
1023 1875 1137 1932 etune
1160 1888 1193 1951 se
1217 1870 1313 1950 ipsum
1335 1868 1494 1949 imposuit3

126 1948 321 2103 plustaenirn
348 1955 405 2018 eibi
436 1958 580 2036 prodesse
612 1960 729 2022 censuit-
764 1954 786 2021 4
822 1958 916 2040 pedes
947 1958 1078 2033 ferreos,
1119 1977 1207 2039 quam
1241 1965 1288 2020 tot
1323 1958 1494 2037 ponderose

129 2056 197 2118 “lt
235 2087 244 2103 ·
272 2068 320 2086 ’-

203 2180 284 2244 Quae
305 2184 401 2250 reliqua
417 2193 475 2235 runt
492 2185 565 2248 holus
584 2188 702 2251 epistolae
720 2189 851 2240 referenda
867 2195 926 2239 sunt
944 2204 1000 2239 cum
1018 2190 1051 2240 ad
1064 2188 1187 2254 Optlcam,
1206 2194 1259 2237 tum
1278 2187 1312 2237 ad
1329 2187 1437 2238 libellum
1455 2201 1493 2238 te·

131 2258 251 2315 ιιοιιιιιι
273 2262 364 2305 contre
375 2255 473 2314 Unum,
491 2263 544 2307 tum
557 2256 590 2308 td
604 2266 687 2310 annot.
708 2274 758 2326 seq.
772 2258 814 2309 tt).
841 2259 972 2311 concludit
990 2267 1073 2311 eutem
1092 2259 1215 2324 Kepierns
1233 2259 1296 2308 haec
1315 2259 1346 2310 de
1365 2266 1433 2310 stetu
1451 2273 1495 2309 ruo

131 2324 348 2464 mmo&
361 2326 573 2391 temeratorem,
591 2345 655 2397 quse
673 2338 845 2398 componentur
863 2345 920 2383 cum
937 2333 976 2390 iis,
995 2345 1059 2398 qnae
1078 2332 1166 2384 eadem
1184 2331 1216 2383 de
1233 2345 1260 2381 re
1278 2332 1412 2396 scripserat
1429 2344 1495 2410 tune

225 2539 367 2623 Denique
391 2563 449 2606 non
471 2562 592 2625 possum
614 2545 797 2625 praeterire,
831 2555 864 2607 ut
886 2554 917 2606 te
941 2564 1038 2621 orem,
1062 2545 1245 2624 Praeceptor
1268 2544 1494 2619 humanissime,

137 2628 299 2693 consilium
322 2632 393 2694 mihi
417 2633 607 2714 suppedites,
636 2635 662 2696 si
686 2635 803 2717 quando
827 2654 881 2696 usu
905 2635 1022 2709 veniet,
1053 2643 1086 2696 ιιι
1114 2633 1257 2696 extrudar
1279 2653 1317 2697 ex
1339 2635 1396 2696 hoc
1420 2633 1495 2706 loco,

139 2723 193 2777 eut
220 2721 329 2800 exigar
356 2728 405 2783 tot
433 2722 709 2787 incommoditatum
738 2722 874 2804 objectu:
909 2742 1047 2803 quorsum
1080 2741 1150 2804 ergo
1178 2724 1338 2804 praecipue
1366 2723 1496 2811 animum

140 2803 298 2870 intendere
323 2811 457 2873 debeam.
503 2811 582 2874 Nam
609 2814 676 2887 hic,
711 2813 770 2875 etsi
798 2813 861 2875 vita
888 2812 960 2875 mihi
988 2812 1136 2892 supersit,
1170 2832 1229 2874 non
1257 2813 1362 2876 videor
1384 2813 1496 2875 diutius

141 2892 267 2960 haerere
290 2917 390 2980 posse.
436 2900 502 2963 Nec
525 2902 597 2965 mihi
618 2904 686 2983 plus
710 2909 758 2963 est
781 2901 1000 2982 respiciendum
1028 2903 1065 2963 ad
1090 2901 1241 2981 jacturam
1271 2921 1375 2983 opum,
1406 2920 1495 2983 qnam

141 2982 179 3045 ad
203 3005 256 3061 ea,
287 2989 393 3068 quibus
416 2999 525 3052 natura
548 2998 580 3052 et
602 2991 741 3053 instituto
765 2990 846 3052 vitae
870 2991 1040 3052 destinatae
1063 3009 1143 3064 sum,
1166 2990 1356 3071 perficienda.
1403 2991 1495 3053 Plura

140 3091 199 3135 noa
224 3076 322 3150 edd03
352 3077 409 3140 nisi
433 3087 466 3141 ut
489 3079 544 3142 hoc
568 3088 599 3142 te
622 3100 772 3155 moneam,
805 3080 959 3142 consilium
987 3098 1034 3142 me
1056 3088 1173 3159 petere,
1203 3100 1262 3142 non
1291 3078 1493 3143 autoritatem.

140 3161 222 3226 iiam
246 3165 320 3243 scio,
345 3176 379 3230 ut
401 3167 514 3231 invidia
537 3189 651 3245 careas,
677 3178 765 3232 autor
789 3189 856 3235 esse
880 3187 937 3230 non
962 3168 1018 3231 tois.
1055 3171 1100 3230 At
1122 3169 1276 3232 consultor
1299 3189 1366 3231 esse
1389 3166 1495 3231 minori

141 3262 223 3316 metu
247 3265 344 3336 potes.
380 3258 450 3337 Ipse
474 3258 511 3319 de
535 3278 582 3320 me
606 3267 747 3333 statuam,
773 3269 805 3322 tu
829 3278 905 3341 quae
923 3248 978 3319 tibi
997 3257 1145 3333 videntur,
1170 3276 1207 3319 ea
1228 3277 1275 3320 me
1299 3276 1394 3320 mone.
1432 3256 1494 3346 Sed

143 3349 175 3401 et
196 3342 256 3406 hoc
270 3347 433 3409 monendus
452 3366 494 3422 es,
519 3368 576 3410 non
598 3367 687 3429 posse
707 3369 753 3410 me
768 3346 956 3429 gravissimis
971 3347 1008 3408 de
1023 3348 1122 3409 causis
1137 3347 1375 3410 ecclesiasticum
1388 3366 1494 3410 munus

143 3429 246 3494 obire:
281 3435 398 3516 quando
430 3436 538 3517 majori
564 3437 762 3500 sollicitudine
791 3446 823 3500 ct
850 3456 961 3517 angore
980 3436 1164 3517 ,discruciari
1192 3456 1340 3519 nunquam
1363 3454 1494 3517 possem,

144 3538 231 3600 quam
255 3523 281 3585 si
303 3525 370 3604 jam
392 3525 447 3586 hac
472 3527 656 3589 couscientia
683 3526 712 3588 in
743 3527 796 3590 illa
818 3526 975 3608 palaestra
998 3545 1096 3588 essem
1120 3525 1263 3588 inclusus.
1306 3526 1351 3588 At
1374 3526 1494 3607 proies-

144 3607 259 3673 eionem
281 3612 518 3695 philosophicam
542 3609 746 3697 quamcunque
770 3634 858 3696 spero
878 3635 925 3678 me
949 3635 1014 3677 cum
1039 3623 1213 3679 ornamento
1241 3615 1432 3687 academiae,
1462 3614 1492 3676 in

145 3716 233 3779 quam
259 3720 387 3775 venero,
417 3704 444 3765 si
471 3723 528 3766 non
557 3705 660 3767 statim
689 3714 722 3767 at
748 3723 806 3766 nou
834 3702 919 3767 multi
943 3705 1085 3786 temporis
1109 3705 1195 3786 lapsu
1218 3705 1376 3767 facturum.
1423 3701 1493 3775 Qua
1520 3732 1524 3747 ι

146 3790 302 3853 occasione
332 3792 419 3855 simul
446 3793 575 3856 animum
602 3794 641 3855 ad
668 3795 845 3869 medicinam
873 3794 1045 3874 adjicerem.
1092 3792 1155 3856 Sed
1182 3794 1252 3876 quia
1280 3802 1350 3855 ante
1374 3813 1492 3855 menses

145 3877 258 3959 aliquot
285 3899 437 3945 commune
465 3884 560 3947 totins
588 3882 707 3964 collegii
738 3883 937 3964 philosophici
969 3892 1000 3945 et
1032 3882 1125 3963 ipsius
1154 3901 1270 3963 qnoque
1293 3880 1493 3944 Hafenrelieri

68 4040 73 4051 υ
145 3967 299 4031 consilium
322 3971 360 4033 ad
384 3990 431 4034 me
453 3972 673 4055 perscripsisti,
698 3972 783 4053 eique
806 3973 930 4035 consilio
954 3991 1031 4035 nova
1053 3972 1128 4034 haec
1151 3992 1219 4035 mea
1241 3970 1410 4034 sollicitudo
1434 3971 1492 4032 ad·

145 4058 259 4119 versari
282 4066 314 4121 et
335 4059 508 4143 obstrepere
531 4064 667 4125 videtur:
696 4062 852 4124 dicendum
875 4061 967 4142 igitur
990 4061 1060 4123 mihi
1083 4070 1145 4136 est,
1174 4061 1244 4144 qnid
1266 4080 1313 4123 me
1336 4059 1490 4140 impediat,
1571 4136 1573 4145 ,

146 4159 201 4224 quo
223 4147 320 4210 minus
341 4150 386 4211 ilii
408 4170 539 4233 paream.
587 4152 733 4214 Placebat
755 4151 860 4225 vobis,
892 4152 1039 4231 tantisper
1061 4169 1108 4212 me
1136 4151 1166 4213 in
1189 4149 1320 4212 statione
1343 4149 1400 4210 hac
1424 4166 1492 4209 mea

166 4254 326 4314 armauere,
353 4240 421 4302 dum
444 4249 578 4304 extrema
601 4241 782 4303 necessitate
806 4239 845 4302 ab
866 4260 903 4302 ea
922 4241 1073 4302 detrudar.
1107 4241 1294 4320 Argumenta
1311 4237 1397 4299 vobis
1416 4237 1490 4299 haec

176 4324 203 4386 'a
228 4326 417 4406 potissimum
444 4330 538 4392 fuisse
566 4330 690 4409 colligo:
729 4312 957 4407 conscientiam,
988 4329 1164 4402 utilitatem,
1192 4327 1364 4408 periculum.
1410 4324 1490 4388 Nam

147 4414 213 4493 qnia
235 4417 345 4478 ceteris
369 4418 497 4482 exclusis
519 4420 602 4482 locus
624 4420 696 4482 mihi
718 4419 775 4481 soli
799 4418 921 4501 relictus
949 4427 1013 4495 est,
1043 4418 1232 4497 sperabatis,
1262 4417 1324 4478 fore
1348 4424 1382 4477 ut
1404 4415 1490 4494 hujus

146 4519 229 4566 meae
252 4523 352 4568 morae
382 4516 464 4570 esset
490 4508 597 4590 aliquis
625 4528 696 4572 usus
723 4509 754 4571 in
783 4507 912 4569 ecclesia
940 4515 993 4568 aut
1015 4505 1128 4569 schola.
1175 4505 1363 4586 Scripseram
1386 4504 1487 4580 etiam,

147 4600 276 4655 metuere
298 4614 354 4672 me,
379 4605 413 4659 nt
435 4598 571 4679 privigna
593 4588 659 4661 mea
682 4596 848 4660 deserenda
870 4595 920 4671 sit,
945 4596 1107 4659 irretieuda
1129 4596 1218 4674 paulo
1241 4602 1312 4675 post
1334 4593 1489 4656 blanditiis

147 4680 396 4761 adversariorum,
427 4694 458 4748 et
483 4686 662 4770 pelliciendo
687 4687 718 4750 in
744 4685 926 4766 pontificiam
953 4684 1136 4764 religionem.
1182 4684 1297 4764 quue
1321 4692 1488 4758 caveretur,

147 4770 260 4850 quidvis
279 4773 446 4838 laciendum
464 4777 631 4845 censuistis.
667 4775 792 4849 Deinde,
817 4775 894 4855 quod
916 4773 1076 4836 utilitatem
1100 4774 1212 4836 attinet
1232 4773 1263 4835 in
1285 4774 1358 4835 meis
1381 4772 1486 4847 literis,

146 4858 310 4941 significari
332 4863 418 4928 vobis
445 4865 643 4930 certissimam
659 4866 822 4957 jacturam
848 4863 992 4924 bonorum
1020 4862 1120 4926 uxoris
1149 4882 1251 4939 meae,
1284 4863 1311 4926 si
1340 4858 1423 4926 locus
1447 4862 1488 4924 sit

1146 5006 1149 5013 ,
1234 4966 1277 5018 l*
