3609 5634
210 296 217 308 .
243 258 309 327 296
390 221 396 232 1
660 255 761 304 Literna
778 250 884 316 Keplerl
902 251 1055 315 ullor-unque
1072 256 1174 300 mutuas

239 426 389 507 jecturas3
412 427 514 481 terueu
534 436 602 480 cum
625 434 721 495 neque
745 414 826 478 alind
851 420 1033 494 suppeteret
1056 419 1264 492 argumentum
1289 407 1502 489 significandae
1526 427 1603 487 gra·

242 510 380 576 titudinis
411 515 443 570 et
471 508 540 583 ipsa
566 504 781 567 beneficiorum·
801 503 879 566 Rev.
905 504 988 565 Tuae
1018 503 1163 565 memoria
1185 521 1232 562 me
1258 501 1451 569 admoueret,
1483 505 1517 559 ut
1540 496 1602 558 ali-

245 600 364 684 quando
389 596 542 677 specimen
568 594 688 674 aliquod
704 594 825 655 ederem
844 612 947 655 eorum
961 593 1138 667 studiorum,
1155 592 1277 671 ejusque
1300 586 1442 661 muueris,
1467 585 1505 647 ad
1526 605 1604 666 quae

241 710 297 771 per
319 689 373 751 illa
392 687 458 767 jam
483 685 564 746 dicta
579 684 655 744 Rev.
673 681 755 744 Tuae
780 682 926 744 beneficia
948 690 1103 760 promotus
1129 700 1205 753 sum,
1232 698 1290 740 non
1306 676 1376 739 duxi
1400 674 1489 737 aliter
1503 693 1602 755 agen-

155 815 157 824 .
245 781 315 842 dum
338 795 424 851 esse,
459 792 550 854 quam
572 772 612 833 R.
638 771 673 831 T.
699 771 754 833 hoc
779 771 934 854 exemplar
956 770 1015 831 mei
1039 769 1243 849 Prognostici,
1273 766 1350 846 quod
1374 783 1413 825 ex
1436 762 1526 826 officii
1549 783 1602 825 ra·

231 869 327 930 tione
351 866 388 926 de
413 864 514 925 tuturo
538 879 616 922 anuo
632 859 845 939 publicandum
858 860 925 933 luit,
951 859 1051 938 exigui
1079 857 1246 920 munusculi
1265 856 1331 917 loco
1353 854 1601 916 transmitterem.

242 954 390 1037 Equidem
415 969 548 1031 agnosco
572 959 731 1030 paternam
755 948 794 1012 R.
820 949 855 1009 Τ.
879 949 1083 1021 voluntatem,
1118 966 1206 1026 quam
1236 946 1265 1006 in
1289 943 1506 1007 commodanda
1529 942 1602 1003 mihi

241 1043 369 1127 pecunia
392 1039 569 1110 declaravit,
594 1057 649 1099 nec
673 1037 784 1100 oblitus
808 1045 871 1099 tam
895 1037 955 1098 cito
979 1056 1058 1111 sum,
1084 1031 1446 1115 quantaevcommoditati
1470 1040 1602 1111 quanto-

244 1125 301 1215 qrie
321 1131 500 1211 adJumento
523 1127 596 1189 mihi
612 1125 702 1188 fuerit
725 1127 778 1189 illa
792 1126 830 1188 D.
847 1125 884 1187 D.
900 1134 1131 1205 praeceptorum
1154 1124 1353 1204 promtitudo,
1381 1121 1410 1182 in
1435 1120 1558 1200 quibus,
1585 1140 1605 1181 a

244 1220 320 1285 meis
343 1221 498 1291 desertus,
523 1235 639 1278 onmem
663 1231 747 1295 spem
771 1215 918 1294 reliquam
941 1234 1111 1294 posueram.
1159 1213 1364 1274 Vehementer
1391 1208 1601 1283 etiamdoleo,

244 1330 304 1374 nou
329 1309 452 1370 licuisse
476 1304 547 1367 mihi
572 1306 675 1366 statim
700 1305 802 1385 aliqua
826 1323 863 1365 ex
886 1314 973 1382 parte
998 1304 1181 1382 respondere
1204 1302 1248 1363 illi
1269 1298 1427 1373 voluntati,
1453 1298 1522 1360 duur
1545 1318 1602 1358 ne-

244 1419 301 1481 que
326 1399 433 1462 literas
458 1393 676 1457 eucharisticae
701 1395 831 1456 scribere
862 1394 946 1472 potui
969 1403 1092 1472 propter
1116 1411 1213 1452 meam
1238 1390 1473 1469 aegritudinem,
1506 1406 1604 1467 neque

246 1486 402 1567 imperiale
427 1485 576 1546 numisma
606 1482 736 1557 mittere,
765 1491 928 1561 propterea
952 1482 1030 1561 quod
1054 1481 1101 1542 hic
1125 1480 1306 1542 Austriacos
1329 1477 1463 1540 thaleros
1493 1494 1604 1555 magna

243 1597 312 1640 cum
335 1574 549 1636 aestimatione
574 1589 760 1650 acceperam.
807 1570 954 1640 Quamvis
970 1570 1165 1646 consobrinus
1181 1588 1280 1641 mene,
1306 1566 1354 1649 qui
1370 1586 1416 1626 me
1440 1565 1604 1626 comitatus

244 1675 306 1738 est,
330 1671 362 1725 et
380 1661 497 1742 gratias
521 1680 587 1722 meo
612 1660 730 1721 nomine
754 1679 855 1720 eoram
880 1679 970 1738 agere
986 1659 1138 1738 potuisset
1158 1661 1188 1719 et
1202 1658 1337 1719 thaleros
1354 1654 1475 1718 minimo
1501 1654 1604 1716 valore

245 1753 426 1815 aestimatos
450 1750 591 1821 reddere,
624 1749 667 1820 si,
701 1749 778 1828 quod
803 1767 859 1827 ego
884 1749 1077 1809 vehementer
1108 1748 1146 1808 ab
1179 1747 1244 1827 ipso
1277 1744 1433 1815 contendi,
1465 1743 1603 1823 quodque

245 1842 316 1905 mibi
352 1838 499 1918 stipulata
527 1857 616 1899 manu
649 1837 806 1917 promisit,
840 1837 984 1916 perficere
1013 1837 1071 1917 ipsi
1100 1836 1247 1898 libuisset.
1294 1832 1397 1905 Quare
1420 1833 1459 1893 R.
1485 1833 1520 1894 T.
1556 1851 1603 1893 me

244 1937 423 1992 excusatum
453 1926 579 1988 babebit
609 1934 641 1986 et
668 1926 725 1987 hoc
749 1935 838 1987 tenue
871 1926 1079 1988 munusculum
1102 1926 1131 1986 in
1160 1925 1335 2004 praesentia
1360 1923 1430 1985 boui
1453 1922 1602 1984 consulet.

243 2019 367 2083 Utinam
391 2023 492 2078 autem
514 2034 568 2095 per
592 2015 720 2093 aliquem
743 2034 875 2076 meorum
900 2015 1090 2076 familiarium
1114 2014 1225 2076 certior
1247 2012 1309 2074 fieri
1332 2031 1470 2092 possem,
1513 2011 1602 2091 quid-

246 2127 316 2170 nam
338 2107 368 2169 iu
392 2106 445 2170 illo
468 2103 668 2182 Prognostico
694 2102 732 2165 R.
757 2105 791 2166 T.
818 2103 969 2181 improbet
992 2104 1121 2185 quidque
1146 2102 1218 2164 mihi
1245 2103 1274 2163 iu
1299 2100 1493 2181 sequentibus
1517 2099 1604 2162 aunis

246 2185 325 2270 (Deo
348 2214 396 2257 me
420 2194 634 2265 conservante)
659 2193 825 2255 cavendum
848 2192 977 2271 amplius
1001 2193 1049 2253 sit.
1098 2191 1159 2254 Sed
1183 2191 1222 2252 R.
1239 2192 1273 2251 T.
1300 2190 1424 2252 arbitrio
1447 2190 1601 2269 permitto,

245 2286 293 2347 cui
316 2304 384 2346 mea
408 2282 525 2354 studia,
559 2300 613 2342 uos
647 2290 747 2343 autem
777 2300 881 2343 omnes
915 2289 946 2342 et
969 2290 1158 2361 utrorumque
1189 2281 1381 2342 calamitates
1405 2278 1604 2358 gravissimas

244 2374 310 2436 Deo
333 2369 613 2434 misericordissimo
638 2369 813 2432 ardentibus
836 2370 976 2450 precibus
1000 2371 1185 2432 commendo.

244 2466 248 2470 ’
333 2459 457 2524 Graecii
475 2457 524 2524 19.
542 2455 628 2534 (29.)
645 2456 714 2521 Oct.
741 2454 833 2521 1594.
1204 2499 1222 2527 χ

1084 2545 1285 2607 Reverentiae
1310 2545 1391 2610 Tuae

1010 2634 1295 2697 observantissimus
1318 2633 1482 2713 discipulus

1110 2724 1155 2786 ιι.
1179 2724 1231 2787 ro.
1256 2721 1384 2805 spor.

316 2884 504 2937 solicitudinem
521 2882 624 2948 Kepleri
643 2883 673 2932 oh
691 2883 824 2947 pecuniam
837 2883 969 2948 Tuhiugae
989 2883 1022 2933 ad
1039 2885 1087 2933 iter
1105 2898 1176 2932 suum
1193 2884 1220 2932 iu
1233 2880 1340 2945 Styriam
1359 2881 1534 2946 perficiendum
1550 2898 1604 2949 mu·

244 2964 288 3009 tuo
306 2963 414 3008 sumtm
431 2955 579 3005 Maertliuus
597 2955 634 3003 his
653 2954 766 3004 dirimere
784 2954 882 3004 studet:
907 2955 946 3004 De
965 2955 998 3003 D.
1018 2970 1103 3004 socero
1131 2970 1186 3003 meo
1205 2968 1269 3018 quae
1289 2954 1362 3003 auxie
1381 2955 1487 3004 scribere
1505 2953 1604 3011 ndens,

244 3032 297 3095 ipse
314 3044 355 3078 me
372 3026 519 3091 respondere
535 3026 614 3087 lubet,
633 3033 662 3074 ut
680 3027 762 3075 animo
781 3027 877 3089 quietus
896 3027 943 3083 sis;
963 3033 989 3075 te
1008 3027 1118 3076 enimin
1137 3026 1210 3089 culpa
1228 3039 1345 3075 nonense
1367 3025 1466 3082 merit,
1485 3024 1529 3075 sed
1548 3038 1604 3075 eum

245 3102 340 3163 ipsum,
366 3099 408 3162 qui
425 3098 557 3160 pecuniam
575 3102 618 3145 tuo
635 3097 735 3146 nomine
753 3098 884 3146 restituere
903 3097 1017 3147 debebat
1055 3097 1168 3146 Pecunia
1193 3098 1258 3146 enim
1283 3111 1300 3146 a
1317 3104 1343 3146 te
1368 3096 1446 3158 proba
1463 3097 1540 3145 missa
1557 3103 1603 3150 este

247 3176 276 3219 at
293 3170 375 3219 nescio
394 3170 448 3232 quis
466 3167 516 3224 ille,
535 3168 561 3215 in
580 3171 649 3229 culus
666 3182 755 3217 manus
774 3167 883 3224 devenit,
903 3169 944 3231 qui
964 3168 1108 3231 „pauliues“
1129 3169 1180 3216 sire
1196 3167 1376 3231 Mitnchskoplf
1391 3167 1501 3230 aliasque
1519 3182 1604 3217 mone·

246 3247 286 3289 tas
305 3236 394 3301 (uuum
413 3239 489 3288 otiam
508 3238 642 3300 improbam
660 3233 771 3301 penitus)
790 3239 864 3286 misit.
902 3231 995 3288 Verum
1014 3240 1078 3302 quod
1098 3240 1130 3289 ad
1148 3245 1173 3288 tc
1193 3240 1291 3296 attinet,
1310 3245 1337 3288 te
1354 3240 1512 3288 innocentem
1530 3252 1606 3302 prae·

247 3311 316 3362 dicat
332 3310 424 3373 tibique
443 3324 494 3358 uon
512 3316 657 3369 succenset,
689 3308 753 3359 adeo
771 3314 800 3356 ut
818 3323 864 3359 nec
882 3309 979 3372 prolixa
997 3311 1156 3360 excusatione
1175 3310 1208 3359 ad
1226 3311 1319 3373 ipsum,
1346 3324 1392 3360 nec
1412 3324 1469 3359 mee
1486 3310 1605 3360 interces-
1653 3303 1656 3308 ’

248 3383 317 3433 sione
337 3395 397 3446 opus
415 3380 495 3430 luerit.

318 3470 451 3534 Keplerum
477 3469 554 3532 primo
582 3474 692 3531 tempore
720 3484 767 3533 quo
787 3469 894 3520 Grastiis
913 3469 1037 3534 degebat,
1062 3469 1124 3519 forte
1148 3472 1201 3531 jem
1226 3468 1355 3534 Tubiugae
1375 3468 1529 3535 astrologicis
1547 3471 1605 3520 lusi·

248 3543 294 3592 bus
320 3547 417 3606 tempus
435 3541 531 3590 tnrisse
558 3553 588 3589 ex
612 3540 650 3589 his
675 3541 748 3590 amici
773 3539 862 3590 Christ.
883 3539 1064 3610 Ortholphi,
1089 3547 1142 3590 tum
1165 3542 1282 3604 temporis
1308 3541 1475 3605 praeceptoris
1499 3543 1525 3591 in
1553 3558 1605 3592 mo-

247 3614 355 3664 nasterio
374 3612 537 3669 Hirsariensi,
556 3610 633 3661 literis
648 3613 741 3674 jocosis
760 3618 846 3676 patet:

321 3745 328 3759 .
349 3745 355 3759 .
377 3708 441 3760 .De
459 3709 522 3759 hora
540 3709 681 3759 natiuitatis
698 3724 771 3759 meae
789 3725 839 3759 non
859 3717 912 3767 est,
930 3708 995 3773 qnod
1013 3708 1095 3757 multis
1114 3710 1253 3775 ambigam
1276 3710 1335 3760 mibi
1353 3709 1456 3774 perinde
1475 3718 1521 3760 est
1558 3710 1606 3760 Ex·

160 3797 163 3800 ’
250 3786 336 3845 specto
354 3779 488 3830 Dominum
507 3780 566 3829 dum
583 3780 668 3829 veniat
688 3786 771 3830 etms
790 3787 941 3843 promoveat,
962 3786 1094 3836 removeat,
1115 3780 1147 3829 ad
1166 3795 1192 3830 se
1212 3786 1309 3831 avocet.
1329 3817 1336 3830 .
1356 3817 1390 3830 ..
1418 3781 1483 3841 Quid
1502 3797 1558 3831 rero
1576 3782 1606 3831 de

250 3860 276 3903 te
295 3853 409 3911 eandam,
429 3866 502 3915 quem
520 3865 550 3900 eo
570 3852 718 3900 temeritatis
737 3853 885 3913 processisse
904 3853 988 3907 video,
1007 3858 1036 3899 ιιι
1054 3866 1083 3900 ex
1102 3854 1174 3900 astris
1191 3853 1303 3914 judicare
1322 3854 1424 3909 nitatur,
1443 3853 1502 3915 quid
1520 3854 1606 3904 doetu-

249 3938 291 3973 rus
308 3924 355 3971 alm
371 3923 399 3971 ln
416 3922 524 3972 ecclesia
542 3927 569 3971 et
585 3923 612 3974 lu
630 3935 676 3985 quo
695 3922 800 3982 articulo
811 3930 968 3986 peccaturus.
1007 3920 1079 3981 Quae
1097 3922 1219 3972 hactenus
1239 3924 1299 3972 mihi
1311 3925 1476 3986 praedixeras.
1495 3927 1606 3989 accipie·

233 3995 307 4044 rbaur
332 3998 451 4058 tanquam
475 3994 585 4048 monita,
612 3999 641 4042 ut
664 3992 708 4042 illa
726 4008 847 4044 carerem.
864 3990 1055 4044 “Dicacitatem
1074 3994 1230 4056 praedixeras
1253 4001 1280 4043 et
1301 3995 1387 4059 jugulo
1410 3997 1546 4058 perieulum
1578 4011 1608 4047 ex

252 4066 356 4117 licentia
373 4065 483 4130 Ιιυςιιιιο.
520 4063 616 4115 Malum
641 4071 669 4112 ut
687 4078 801 4115 caverem
827 4072 854 4116 et
871 4067 989 4116 vanitatis
1009 4065 1158 4129 astrologum
1184 4073 1213 4114 ut
1231 4068 1416 4121 convinmrem,
1445 4066 1477 4117 ad
1495 4069 1608 4118 sudorau

249 4152 327 4202 nsque
345 4138 420 4186 tacui
432 4136 584 4199 saepissime.
620 4133 754 4193 Monuisti,
785 4151 898 4186 caverem
924 4136 1046 4186 veneficia
1072 4145 1098 4186 et
1114 4137 1245 4187 illecebras
1270 4137 1408 4200 puellarem
1437 4139 1468 4188 ab
1487 4139 1524 4189 his
1543 4140 1607 4190 euim

249 4224 289 4259 me
309 4208 427 4257 damnum
446 4214 612 4270 accepturum.
650 4207 765 4257 Abstinui
790 4208 946 4258 aneensem
972 4208 1004 4257 ab
1023 4209 1088 4257 omni
1108 4209 1247 4265 esculento,
1273 4209 1337 4272 quod
1363 4209 1424 4258 mihi
1451 4224 1468 4259 a
1491 4218 1608 4275 suspecta

249 4291 356 4344 pemeus
372 4277 704 4343 praeparatumridebatur.
740 4279 799 4329 Jam
818 4279 887 4336 dicis,
914 4294 954 4328 mc
974 4280 1050 4328 etiam
1069 4282 1095 4328 in
1115 4281 1225 4330 articulis
1242 4287 1417 4344 peccatumur;
1445 4282 1553 4340 scilicet,
1580 4289 1608 4330 ut

175 4345 179 4356 ’
251 4351 393 4401 libertatem
411 4350 572 4399 chnstiaurun
589 4349 693 4412 prodam
713 4355 740 4399 et
756 4350 862 4400 salutem
881 4350 1005 4401 ecclesias
1023 4364 1095 4401 meae
1113 4352 1276 4401 incolumitati
1300 4359 1454 4415 postponam.
1491 4352 1541 4402 Cur
1558 4368 1607 4403 non

252 4429 278 4472 st
304 4421 329 4470 id
347 4422 467 4479 mandas,
493 4427 522 4469 nt
540 4434 641 4474 cessem.
661 4420 766 4484 posthac
793 4422 838 4471 tibi
857 4436 963 4472 errorem
991 4421 1160 4485 opprobrare?
1187 4429 1216 4471 ut
1234 4423 1316 4472 dicam
1342 4430 1368 4472 te
1387 4438 1436 4473 non
1460 4426 1537 4487 primo
1555 4440 1606 4474 mo·

149 4503 159 4525 s
250 4498 334 4541 mento
354 4492 478 4541 delibatae
498 4492 655 4541 astrolatriee
673 4492 809 4555 perfectum
829 4491 904 4543 tuisse
924 4499 950 4543 et
968 4493 1001 4542 ad
1019 4499 1170 4544 momentum
1190 4493 1253 4543 Solis
1272 4494 1302 4543 da
1320 4509 1395 4544 mane
1414 4496 1556 4551 occidentis,
1577 4497 1609 4545 ds

250 4569 324 4613 noete
343 4563 452 4618 orientis,
470 4564 604 4627 perniciem
621 4576 704 4613 meam
722 4563 782 4612 mihi
801 4563 932 4629 designare
944 4566 1062 4628 potuisse,
1082 4566 1125 4614 sed
1143 4565 1252 4615 vixdum
1265 4564 1512 4630 Graeciiproticerel
1536 4565 1608 4626 Quod

251 4633 272 4681 si
289 4633 382 4689 fecero.
401 4637 428 4682 et
444 4633 571 4684 honestius
590 4634 621 4683 ds
640 4637 805 4685 antromautia
822 4650 931 4692 semera,
952 4651 1027 4700 quam
1046 4637 1077 4687 de
1090 4642 1242 4701 quaestuosa
1253 4637 1447 4702 Zygeiuerorum
1460 4637 1607 4700 judiciaria:

252 4704 310 4753 dum
328 4704 417 4753 multoe
434 4705 575 4756 numerabis
594 4720 680 4763 aanor,
699 4706 834 4771 longaevus
852 4708 915 4756 eris:
934 4722 986 4756 uun
1004 4708 1075 4757 detur
1092 4723 1132 4757 me
1150 4708 1233 4757 sidera
1251 4723 1328 4758 mauu
1345 4714 1459 4773 tangere.

324 4773 399 4835 Quod
417 4777 513 4841 quaeris
532 4777 563 4826 de
582 4778 654 4827 annu
672 4776 720 4826 illis
740 4775 818 4835 1590,
840 4775 905 4826 1591
928 4777 984 4835 ἀι..
1002 4780 1086 4829 nescio
1104 4780 1163 4844 quid
1185 4779 1254 4841 velis,
1273 4795 1321 4830 nec
1340 4781 1468 4842 succurrit,
1487 4780 1545 4844 quid
1562 4794 1607 4848 ge·
