3609 5634
754 340 835 407 ⁰²n⁰t
853 342 945 394 xxm.
1462 339 1524 409 185

124 498 253 562 draus.
320 500 422 585 Caput
444 510 544 566 autem
567 502 599 564 in
623 502 739 578 libram,
766 509 797 564 et
821 502 947 565 cendam
970 501 999 565 iu
1023 504 1147 567 arietem
1170 504 1277 581 refero,
1303 513 1337 566 ut
1359 503 1401 567 sit
1423 505 1452 566 iu
1475 524 1529 566 ra-

127 590 261 653 tionali
294 592 362 655 situ
385 611 451 655 cum
472 592 578 664 Luna,
611 590 724 671 absque
757 591 861 673 eclipsi
890 600 1012 666 tamen,
1046 601 1078 656 et
1105 601 1138 655 nt
1161 593 1249 656 Luna
1276 594 1318 655 sit
1346 592 1375 655 in
1400 594 1530 655 maximo

128 678 248 740 limite
279 681 392 745 boreo.
437 680 505 743 Erit
532 681 624 761 igitur
647 681 742 742 Terra
770 681 881 742 oculari
914 682 1005 743 etiam
1037 683 1138 763 positu
1170 683 1271 745 media
1303 682 1382 744 inter
1413 684 1530 757 stellas,

129 767 227 839 sicut
259 771 355 833 orbis
379 769 546 850 ejusinter
568 770 656 832 nrbes
680 769 809 831 medinm
833 771 930 832 locum
953 778 1035 833 certo
1058 772 1116 835 Dei
1140 766 1265 835 consilio
1289 771 1433 846 obtinuit,
1463 771 1533 853 qnia

130 858 256 919 omnia
285 868 416 941 propter
438 858 596 922 homiuem.
644 857 732 930 Quod
755 858 782 921 si
805 857 911 921 Solem
934 859 1024 923 etiam
1054 861 1102 924 hic
1127 861 1157 922 in
1180 860 1216 938 Υ
1239 862 1338 934 loces,
1371 861 1430 924 erit
1457 858 1478 939 5
1501 860 1531 923 iu

133 955 204 1023 ἐξ,
235 956 279 1009 et
306 949 384 1021 Μ]
401 963 443 1023 en,
469 948 638 1029 etreliqua
660 948 808 1011 similiter.
843 947 986 1011 Sumendi
1010 958 1110 1013 autem
1133 958 1232 1013 motus
1256 950 1357 1023 medii,
1382 969 1452 1013 nam
1476 950 1532 1012 hos

133 1034 170 1096 in
199 1036 371 1119 principio
394 1056 499 1101 cursus
521 1057 610 1100 veros
634 1057 702 1100 esse
727 1037 877 1107 convenit,
901 1057 1006 1118 nempe
1026 1039 1065 1102 ab
1080 1039 1244 1103 absidibus.
1260 1039 1290 1113 dl
1321 1038 1406 1101 Haec
1429 1040 1533 1121 palma

135 1124 172 1186 iu
200 1126 324 1188 medio
346 1127 457 1207 posita,
482 1146 570 1208 qnam
594 1134 648 1189 aut
670 1127 797 1189 similem
820 1127 846 1189 si
870 1127 937 1208 quis
961 1135 1014 1191 ant
1034 1148 1075 1191 ex
1098 1128 1213 1192 calculo
1237 1136 1291 1191 aut
1313 1148 1352 1190 ex
1373 1136 1532 1191 restaura-

137 1214 241 1276 tione
273 1216 483 1279 astronomiae
504 1217 633 1299 adeptus
649 1215 747 1291 tuerit,
773 1217 798 1278 is
816 1215 959 1299 Phyllida
982 1217 1064 1279 solus
1088 1217 1222 1280 habebit.
1269 1216 1355 1279 Haec
1378 1219 1416 1280 de
1439 1217 1534 1280 initio.

250 1305 368 1368 Finem
394 1306 488 1368 motui
516 1304 627 1367 nullum
655 1324 722 1366 cnm
751 1304 868 1367 ratione
902 1306 1017 1380 statui,
1051 1307 1221 1387 nullumque
1255 1307 1318 1369 lore
1346 1307 1534 1369 Platonicum

142 1410 282 1455 annum
307 1414 345 1456 ex
363 1395 517 1474 postulato
531 1411 589 1456 uuo
602 1394 748 1474 probabo.
764 1396 791 1468 ⁰)
825 1394 924 1457 Detur
942 1414 1070 1477 namque
1093 1396 1351 1460 eccentricitatem
1374 1415 1443 1457 esse
1468 1415 1534 1458 cum

142 1481 231 1544 orbe
261 1482 299 1545 in
322 1484 515 1567 proportione
538 1482 692 1557 rationali,
717 1491 805 1545 erunt
827 1481 920 1563 igitur
942 1484 1056 1547 orbium
1079 1485 1158 1547 radii
1179 1484 1308 1548 invicem
1331 1484 1533 1557 irrationales,

146 1569 233 1652 qnia
257 1572 379 1634 habent
401 1592 435 1633 se
458 1580 491 1634 ut
513 1572 649 1651 inscripti
672 1580 703 1633 et
725 1571 942 1653 circumscripti
961 1573 1144 1653 corporibus,
1169 1574 1219 1655 qni
1241 1573 1434 1637 irrationales
1453 1579 1533 1647 suut,

148 1658 235 1741 quia
263 1669 432 1742 sequnntur
454 1661 631 1723 erratione
655 1660 817 1723 subteusae
841 1661 871 1722 in
895 1662 1053 1743 quadrato,
1079 1671 1111 1725 et
1134 1663 1277 1726 sectionis
1293 1662 1456 1726 secundnm
1479 1682 1535 1724 ex-

151 1757 303 1812 tremam
327 1758 360 1813 et
382 1750 513 1814 mediam
535 1748 698 1826 rationem,
725 1768 800 1831 quae
825 1751 881 1813 dno
906 1759 978 1814 suut
1000 1753 1140 1832 exempla
1162 1752 1383 1815 irrationalium
1405 1750 1436 1814 in
1459 1770 1535 1832 geo·

153 1840 295 1902 metria.
329 1840 401 1903 Jam
423 1848 524 1903 antem
547 1846 646 1902 motus
669 1857 736 1914 cnm
760 1840 852 1902 radiis
872 1840 902 1902 in
916 1842 1108 1922 proportione
1123 1849 1214 1915 suut;
1238 1861 1310 1921 ergo
1332 1849 1433 1903 motus
1456 1840 1537 1905 inter

156 1950 194 1991 se
221 1929 434 1999 irrationales,
458 1937 491 1990 et
512 1928 556 1991 sic
579 1947 729 2008 nunqnam
753 1928 792 1989 ad
814 1928 894 1991 idern
916 1931 1056 1994 redibunt
1078 1929 1211 2005 initium,
1235 1931 1294 1993 etsi
1320 1931 1464 1993 durarent
1485 1930 1534 1993 iu·

157 2018 267 2080 finitis
294 2018 426 2081 seculis:
457 2017 528 2097 qnia
551 2036 713 2098 nunqnam,
741 2037 778 2079 ue
802 2017 832 2080 in
855 2019 972 2083 infinita
994 2020 1114 2100 quidem
1135 2020 1269 2082 sectione
1292 2018 1453 2101 temporis,
1482 2037 1536 2083 oo-

159 2114 311 2171 cnrreret
334 2106 499 2170 communis
513 2124 661 2180 mensura,
686 2126 746 2186 qua
763 2106 883 2185 saepius
905 2109 1036 2188 repetita
1059 2117 1192 2172 motuum
1215 2108 1345 2172 omnium
1368 2128 1445 2171 unns
1469 2116 1535 2171 ter-

161 2196 286 2269 minus,
311 2203 343 2259 ct
365 2204 447 2259 meta
470 2194 541 2258 anni
556 2195 705 2257 Platonici
730 2195 944 2259 constituatur.
977 2197 1020 2258 Et
1039 2198 1104 2277 jam
1127 2199 1176 2260 vel
1199 2198 1322 2260 taudem
1345 2216 1412 2260 cum
1436 2196 1538 2259 divino

163 2283 346 2365 Copernico
378 2284 454 2355 libet
485 2284 674 2346 exclamare:
715 2285 835 2359 ,Tanta
866 2285 1005 2349 nimirum
1038 2287 1141 2349 divina
1172 2287 1248 2348 haec
1278 2294 1327 2348 est
1355 2285 1428 2368 Opt.
1452 2287 1537 2348 Max.

165 2373 334 2448 labrica;“
360 2384 392 2435 et
406 2392 473 2435 cum
486 2372 603 2436 Plinio:
630 2371 745 2447 ,Sacer
764 2381 813 2434 est
836 2374 996 2449 (muudus)
1019 2374 1191 2444 immensus,
1216 2382 1298 2437 totns
1322 2375 1352 2436 in
1377 2382 1454 2451 toto,
1477 2375 1539 2437 imo

165 2482 248 2525 vero
275 2462 339 2543 ipse
364 2470 476 2535 totum,
498 2462 599 2524 finitus
624 2470 655 2522 et
678 2462 791 2524 infinito
815 2462 953 2525 similis.“

269 2553 313 2614 Tn
336 2572 426 2625 nnnc,
457 2551 550 2614 amice
574 2552 700 2625 Lector,
730 2551 818 2613 finem
842 2551 972 2613 omnium
996 2552 1100 2615 horum
1123 2570 1160 2613 ne
1189 2551 1386 2626 obliviscare,
1416 2549 1465 2630 qni
1493 2557 1543 2612 est

169 2641 327 2721 cognitio,
357 2640 517 2703 admiratio
547 2648 578 2701 et
605 2640 760 2725 ueneratio
785 2639 1009 2720 Sapientissimi
1034 2638 1192 2720 opificis·
1214 2639 1299 2705 Nihil
1328 2639 1406 2702 eninr
1430 2645 1479 2707 est
1502 2637 1540 2701 ab

172 2731 276 2794 oculis
300 2730 339 2791 ad
362 2737 506 2804 mentem,
532 2750 551 2790 a
573 2728 640 2790 visu
664 2729 702 2791 ad
726 2729 1024 2809 contemplationem,
1050 2750 1068 2791 a
1092 2749 1178 2791 cursu
1204 2729 1384 2811 aspectabili
1407 2726 1446 2790 ad
1467 2746 1540 2809 prc-

173 2818 389 2885 fundissimum
415 2817 750 2887 Creatoriscousilium
773 2820 979 2896 processisse:
1008 2820 1034 2882 si
1057 2816 1106 2880 hic
1130 2818 1283 2899 quiescere
1307 2818 1399 2893 velis,
1428 2822 1461 2877 et
1482 2835 1541 2879 nou

175 2929 238 2970 uno
261 2908 376 2988 impetn
404 2916 528 2988 tntaque
556 2906 647 2968 animi
672 2906 832 2967 devotione
857 2926 974 2969 sursum
997 2908 1026 2969 iu
1052 2905 1207 2970 Creatoris
1231 2907 1386 2980 notitiam,
1412 2924 1543 2967 amorem
1594 2976 1598 2983 Ι

176 2999 351 3077 cultumque
375 2998 509 3061 efferare.
548 2994 650 3067 Quare
673 3004 760 3057 casta
778 3003 878 3058 mente
903 3004 935 3057 et
958 3005 1047 3074 grato
1071 2998 1170 3057 auimo
1194 3014 1307 3058 mecum
1329 2992 1544 3075 perfectissimi

177 3088 281 3168 operis
305 3086 483 3150 Architecto
506 3091 680 3166 sequentem
704 3084 845 3166 hymnum
868 3084 982 3148 accine.

340 3324 345 3337 ,
439 3262 519 3325 Jova
542 3259 634 3323 Sator
657 3261 778 3334 Mundi,
801 3269 995 3342 nostrumque
1021 3270 1146 3325 aeterna
1167 3268 1322 3341 potestas,

397 3350 521 3423 Quanta
543 3358 596 3412 tua
620 3358 668 3412 est
691 3368 808 3412 ornnem
832 3352 993 3413 Terrarum
1018 3353 1100 3414 lama
1122 3371 1177 3432 per
1200 3350 1326 3413 orbem?

399 3439 506 3502 Gloria
530 3446 642 3521 quauta
665 3446 719 3501 tna
742 3440 815 3502 est?
852 3439 938 3503 Coeli
962 3460 1038 3520 qnae
1063 3440 1159 3503 didita
1182 3459 1274 3521 supra

398 3530 521 3592 Moenia
544 3529 697 3590 concussis
721 3528 805 3589 volat
829 3529 1015 3591 admirabilis
1039 3529 1106 3592 alis.

398 3616 551 3699 Agnoscit
573 3635 647 3696 puer
670 3626 701 3678 et
725 3622 827 3697 spreto
851 3626 937 3680 satur
960 3617 1050 3680 ubere
1073 3617 1172 3680 balbis

398 3709 440 3769 Te
464 3708 599 3769 dictante
623 3706 713 3768 struit
736 3705 839 3768 valide
861 3714 1041 3786 argumenta
1063 3706 1203 3769 labellis:

398 3798 600 3876 Argumenta,
626 3795 731 3874 quibus
754 3795 887 3858 tumidus
911 3795 1101 3858 contunditur
1124 3794 1221 3857 hostis

399 3884 634 3964 Contemtorqne
657 3883 714 3959 tni,
740 3892 771 3945 et
794 3890 961 3946 contemtor
979 3884 1056 3963 juris
1081 3892 1113 3946 et
1136 3876 1244 3964 aequi:

397 3974 460 4038 Ast
482 3992 557 4052 ego,
578 3991 634 4052 quo
658 3972 778 4034 credam
802 3974 938 4052 spatioso
961 3973 1078 4036 Numen
1102 3973 1132 4035 in
1156 3973 1245 4045 orbe,
1357 3979 1359 3983 ’

399 4062 570 4145 suspiciam
593 4062 742 4123 attonitus
766 4062 846 4123 vasti
870 4062 1025 4125 molimina
1049 4062 1139 4134 coeli,

398 4151 503 4232 Magni
527 4150 775 4230 spusennes,
799 4151 920 4213 validae
945 4151 1090 4214 miracula
1113 4153 1259 4223 dextrae;

400 4238 537 4321 Quinque
562 4238 605 4301 nti
629 4239 763 4301 sidereos
787 4240 899 4303 normis
924 4239 1098 4303 distinxeris
1123 4239 1227 4311 orbes,

400 4326 485 4400 Quos
507 4328 588 4390 intra
612 4327 728 4389 m'edins
752 4329 884 4409 lucisque
910 4330 1085 4410 animaeque
1108 4328 1246 4389 minister

401 4416 470 4490 Qua
493 4418 559 4495 lege
582 4416 697 4477 aeterni
721 4434 826 4479 cursus
849 4419 1019 4480 moderetur
1042 4416 1193 4486 habenas,

400 4505 486 4578 Quas
509 4505 613 4585 capiat
635 4505 755 4567 variata
778 4506 876 4579 vices,
902 4526 976 4586 qnos
1000 4506 1087 4568 Luna
1110 4504 1246 4578 labores,

401 4594 558 4676 Sparseris
581 4594 725 4656 immenso
750 4613 838 4673 qnam
861 4594 990 4674 plurima
1013 4593 1113 4655 sidera
1137 4610 1253 4671 campo.

445 4771 578 4832 Maxime
602 4770 707 4831 Mundi
732 4769 858 4851 Opiter,
883 4777 996 4849 quate
1020 4768 1135 4831 ratione
1160 4768 1261 4847 coegit

401 4861 532 4936 Parvus,
558 4860 657 4943 inops,
683 4849 817 4938 humilis,
841 4867 963 4945 tamque
987 4858 1114 4943 exiguae
1138 4857 1237 4921 incola
1259 4855 1366 4939 glebae
