3609 5634
680 363 837 431 macoma
854 364 1007 417 amoma.
1302 357 1309 366 ·
1459 367 1522 439 431

141 528 313 599 permeet,
336 519 415 585 alius
437 520 556 585 tardiuu
578 518 609 584 in
632 520 826 602 proportione
849 521 1035 589 horconia.
1078 520 1159 589 Sunt
1180 524 1294 588 etenim
1316 525 1374 589 hae
1397 529 1533 593 rationes

142 609 351 687 variabiles,
384 614 439 673 ne'o
463 628 556 691 saepe
580 609 743 686 luciduut3.
759 609 840 675 idem
862 611 943 673 euim
965 611 1091 692 planeta
1111 632 1190 677 uunc
1214 613 1340 678 celerior
1363 625 1430 693 est,
1455 637 1532 681 nunc

145 698 295 762 tardior.
342 696 406 762 Sed
431 699 507 761 haec
529 707 633 763 tamen
656 700 695 762 ab
718 700 907 779 experientia
929 701 1058 765 noudum
1082 703 1259 767 confirmata
1281 712 1362 780 suut,
1385 707 1530 771 necdum

147 788 331 851 methodus
354 787 531 865 constituta,
555 807 616 870 qua
637 787 807 869 hujusmodi
829 788 1004 853 harmoniae
1026 790 1256 872 investigentur.

709 875 843 940 Thasia
866 877 982 941 XLIX

257 965 467 1031 Vanissimum
489 965 637 1047 astrologi
659 985 783 1029 causam
804 965 894 1047 hujus
916 967 1068 1046 generalis
1092 967 1299 1049 dispositionis
1323 989 1469 1052 annorum
1493 994 1530 1037 or

15 1132 22 1140 ,
149 1057 358 1141 ingressibus
381 1054 465 1119 Solis
488 1054 519 1117 iu
532 1054 679 1131 Arietem,
704 1062 832 1136 quatuor
855 1063 1022 1136 tempomm
1045 1075 1083 1119 ex
1097 1057 1199 1137 figuris
1214 1058 1427 1137 cardinalibus,
1443 1081 1528 1124 men-

152 1146 247 1211 sium
270 1166 310 1211 ex
332 1145 434 1227 figuris
459 1144 643 1208 lunationum
666 1151 788 1224 petunt:
813 1145 901 1225 quasi
923 1152 1042 1227 tempus
1066 1146 1236 1226 subjectum
1258 1148 1379 1228 aliquod
1406 1169 1528 1230 perma-

153 1255 244 1301 nens
268 1236 312 1300 uit
334 1242 369 1298 ut
392 1234 501 1309 homo,
534 1232 618 1313 cujus
649 1232 774 1313 genesin
806 1252 873 1297 cum
906 1233 1024 1298 rationo
1053 1234 1202 1315 inspicere
1225 1236 1394 1317 possimus,
1417 1248 1449 1302 et
1471 1259 1529 1303 uon

154 1327 271 1413 petius
293 1343 366 1407 pars
389 1330 522 1386 motuum
546 1322 743 1385 coelestium:
767 1330 822 1385 aut
844 1316 933 1403 quas'i
955 1324 1051 1387 Terra
1073 1324 1159 1387 unico
1182 1333 1335 1389 momento
1358 1327 1398 1391 ad
1419 1346 1530 1391 novam

156 1423 319 1479 aestatem
350 1418 516 1494 reparetur.
562 1411 701 1473 Mutatur
728 1412 848 1491 quidem
870 1412 966 1475 Terra
988 1412 1028 1475 ab
1055 1412 1229 1494 aspectibus
1251 1415 1364 1495 figurae
1386 1418 1530 1491 vernalis,

158 1505 195 1568 si
220 1523 296 1587 qnos
319 1503 375 1565 illa
394 1501 506 1575 habet,
541 1500 595 1577 sed
618 1499 670 1563 illa
693 1507 812 1562 tantum
835 1499 900 1576 die;
931 1501 1082 1565 anteactis
1115 1508 1148 1564 et
1177 1501 1376 1584 sequentibus
1399 1507 1437 1568 ab
1461 1508 1529 1569 aliis

160 1602 262 1675 atque
286 1592 373 1667 aliis,
397 1588 449 1669 qui
472 1588 578 1670 quovis
601 1587 818 1652 die'inciduut
865 1587 928 1652 Sed
958 1589 1033 1653 nihil
1061 1588 1212 1670 indignius
1239 1600 1289 1656 ost
1318 1592 1349 1656 in
1372 1595 1429 1658 huc
1452 1614 1529 1676 pene

161 1682 260 1747 unica
282 1679 468 1762 quorundam
491 1680 710 1758 astrologorum
732 1696 822 1753 curu,
848 1696 938 1758 qaam
961 1676 1041 1760 quod
1064 1679 1221 1744 duodecim
1248 1681 1399 1746 domicilia
1420 1685 1528 1763 puerili

119 1803 127 1813 =
162 1771 301 1854 quadam
323 1768 502 1831 credulitate
525 1775 648 1847 praeter
671 1785 790 1829 omnem
812 1767 961 1829 radonem
984 1768 1114 1831 solidam
1136 1777 1170 1832 st
1191 1769 1529 1853 philosophicamiuter

162 1868 287 1941 septem
311 1858 452 1939 planetas
475 1856 671 1930 distribuunt,
696 1855 934 1931 dominationes,
958 1855 1207 1939 imperiorumque
1229 1867 1457 1925 momentaneas
1480 1862 1528 1924 vi-

162 1948 362 2013 cissitudines
394 1946 479 2026 quasi
502 1945 532 2007 in
555 1945 655 2025 aliquo
678 1952 766 2009 coetu
789 1945 942 2008 hominum
964 1946 1156 2026 contingunt:
1185 1948 1265 2009 uude
1287 1948 1384 2012 omnis
1406 1951 1528 2032 magica

163 2048 202 2102 et
223 2033 410 2115 astrologica
430 2034 606 2114 superstitio
631 2040 700 2095 orta
722 2040 781 2096 est
827 2034 941 2097 Demus
965 2035 1076 2097 alicubi
1098 2035 1388 2101 verisimilitudinem
1413 2039 1453 2102 ab
1470 2040 1526 2105 hae

163 2124 382 2195 distributione
405 2130 497 2199 stare,
520 2130 556 2185 ut
577 2122 606 2185 iu
627 2119 770 2198 Saturno,
795 2123 843 2185 cui
865 2124 1018 2206 hyemalia
1039 2124 1129 2205 sigua
1151 2126 1278 2188 dantur:
1303 2127 1335 2189 id
1357 2134 1461 2193 tamen
1479 2138 1528 2193 est

164 2217 208 2280 ob
231 2232 342 2278 causas
366 2211 453 2288 alias,
478 2220 511 2273 et
533 2212 638 2274 statim
661 2211 690 2273 iu
717 2211 795 2284 aliis,
818 2219 854 2273 ut
876 2212 907 2275 in
929 2213 1007 2275 Jove
1031 2214 1152 2275 vanitas
1174 2214 1320 2296 proditur.
1368 2215 1430 2279 Sed
1450 2218 1527 2282 hauc

164 2323 316 2387 nugacem
338 2301 522 2382 astrologiae
544 2308 663 2381 partem
686 2301 757 2363 olim
779 2299 935 2363 Stbilerus
968 2302 1139 2381 astrologus
1167 2304 1218 2377 (ut
1239 2303 1352 2367 nullum
1375 2305 1415 2367 ab
1438 2306 1526 2370 hoste

166 2393 383 2458 Mirandulano
397 2384 439 2465 ¹’)
463 2389 669 2453 testimonium
698 2390 837 2472 petatur)
859 2389 994 2472 physicis
1020 2389 1189 2454 rationibus
1215 2391 1334 2473 oblique
1366 2395 1525 2458 rethtavit:

112 2474 126 2493 ⁹
166 2482 357 2565 experientia
386 2497 459 2541 vero
487 2470 620 2561 quotidie
649 2478 778 2548 refutat,
813 2498 879 2541 oum
910 2478 991 2540 intra
1022 2485 1071 2541 tot
1102 2479 1206 2542 secula
1227 2480 1282 2541 vix·
1302 2479 1393 2543 ullum
1417 2484 1523 2563 aequi·

165 2573 263 2636 noctii
287 2578 402 2633 certum
424 2575 543 2648 tempus
565 2566 641 2648 ipsis
665 2566 817 2647 cognitum
846 2566 951 2643 fuerit3
981 2576 1015 2630 ut
1042 2568 1145 2651 Tycho
1167 2563 1275 2631 Brahe-
1297 2570 1525 2636 demonstravit

164 2662 315 2742 Allegeut
349 2658 466 2737 aliquot
494 2655 682 2736 superiorum
714 2673 858 2718 annorum
888 2656 1002 2736 figuras
1033 2657 1217 2732 cardinales,
1252 2668 1427 2739 comparent
1458 2681 1526 2724 cum

166 2749 341 2817 effecfihus:
374 2764 430 2826 ego
463 2743 538 2828 ipsis
571 2744 784 2807 demonstrabo
817 2746 913 2807 salsos
942 2746 1035 2809 luisse
1067 2746 1098 2808 iu
1121 2753 1274 2826 tempore,
1307 2766 1396 2811 veras
1424 2759 1524 2813 summ

164 2841 279 2920 figuras
302 2835 484 2901 casuarium
506 2832 577 2897 anni
596 2832 750 2913 sequentis
765 2833 964 2913 qualitatibus
978 2834 1160 2910 ostendisse,
1177 2835 1234 2899 bao
1249 2836 1368 2917 quidem
1382 2840 1524 2902 methodo

164 2947 246 2991 rana
268 2925 467 2990 examinatas.
512 2924 603 2986 Anno
627 2921 726 2985 laturo
750 2920 806 2985 Sol
827 2922 967 2986 Arietem
994 2923 1163 3003 ingreditur
1185 2922 1238 2989 20.
1262 2926 1368 2991 Martii
1391 2927 1446 2990 sub
1470 2948 1524 2992 oc·

166 3036 273 3081 casum
295 3014 392 3090 Solis,
415 3013 530 3077 oriente
557 3012 636 3076 Jove
659 3011 690 3075 iu
713 3010 827 3075 Libra:
861 3011 1008 3093 astrologi
1035 3013 1185 3094 putabunt
1212 3014 1342 3078 orituros
1367 3014 1523 3092 Geminos,

166 3124 206 3169 ex
227 3104 408 3170 Prntenicis.
453 3103 522 3166 Non
554 3108 657 3165 tamen
688 3100 759 3183 hiuq
790 3100 854 3163 ulla
884 3100 1038 3181 generalis
1067 3102 1248 3183 significatio
1276 3104 1383 3168 deduci
1410 3113 1524 3185 potest.

164 3196 246 3260 Nam
267 3193 387 3276 Jupiter
409 3200 517 3256 octavo
540 3189 659 3272 quidem
682 3188 799 3271 Aprilis
822 3191 902 3253 vires
926 3209 998 3254 suas
1027 3199 1166 3266 exseret,
1195 3194 1352 3275 oppositus
1374 3192 1457 3272 Soli,
1491 3203 1527 3258 at

82 3296 84 3305 '
168 3282 221 3350 10.
248 3281 299 3349 ll.
323 3280 400 3345 Maii
421 3280 572 3346 Saturnus
595 3279 639 3342 illi
661 3278 811 3430 sumegclslt
836 3278 957 3431 quiaLis
979 3298 1015 3342 eo
1039 3281 1087 3344 die
1110 3279 1175 3345 Soli
1194 3283 1363 3365 opponitur.

800 3369 876 3433 esis
927 3415 935 3431 .

253 3461 313 3524 Hic
346 3466 448 3525 autem
480 3456 549 3521 illas
580 3457 853 3521 vetustissimomm
885 3464 1041 3521 aucmrum
1069 3458 1214 3530 Hesiodi,
1241 3459 1349 3535 Arati,
1383 3462 1523 3542 Vergilii.

164 3551 257 3617 Plinii
281 3558 314 3613 et
335 3550 496 3613 modernas
519 3547 719 3628 agricolarum
742 3547 1021 3611 animadversiones
1045 3566 1103 3610 non
1126 3547 1238 3628 rejicio,
1264 3548 1313 3629 qni
1337 3568 1374 3611 ex
1393 3551 1524 3616 siderum
1584 3570 1587 3575 ’

163 3640 320 3705 exortibus
343 3637 448 3701 annuis
472 3645 505 3699 et
526 3636 631 3699 Lunae
656 3637 791 3700 faciebus
820 3646 891 3699 tnnc
916 3636 1034 3716 quaudo
1067 3637 1143 3698 baec
1166 3646 1327 3701 comuntur
1355 3639 1429 3711 (non
1451 3658 1523 3703 vero

101 3723 106 3736 ’
165 3731 263 3795 multo
285 3737 421 3810 tempore
453 3730 541 3801 auto)
560 3727 603 3788 'de
635 3726 736 3790 futura
768 3726 848 3788 atris
876 3726 1022 3806 temperie
1049 3724 1277 3789 ratiocinantur.
1324 3724 1527 3793 Conciderant

163 3821 244 3887 enim
266 3818 320 3882 illa
340 3836 401 3880 nou
423 3823 548 3897 propter
571 3816 718 3895 magicam
741 3814 817 3879 coeli
840 3814 985 3894 liguram,
1019 3833 1074 3877 nec
1102 3822 1137 3877 ut
1159 3833 1284 3879 causam
1307 3817 1426 3881 litturae
1448 3837 1523 3882 con·

38 3908 44 3913 ’
163 3907 332 3974 stitutionis
355 3907 440 3982 (uam
463 3906 533 3969 aliis
557 3905 643 3967 aunis
666 3904 749 3967 aliud
772 3922 859 3966 omen
882 3904 1039 3985 capiunt),
1072 3905 1128 3967 sed
1151 3913 1184 3967 nt
1207 3905 1323 3987 signum
1342 3907 1408 3987 jam
1431 3925 1524 3988 praa.

164 3998 261 4063 sentis
296 4004 329 4060 et
361 3994 580 4077 aliquantisper
609 3994 771 4059 duraturae
803 3992 1011 4086 dispositionis
1035 3994 1201 4059 Terrestris
1233 3995 1398 4077 generalis,
1438 3997 1525 4077 eujus

166 4088 323 4169 periodum
345 4092 378 4149 et
400 4086 485 4166 leges
509 4084 586 4148 alias
609 4082 740 4163 ignorari
764 4082 922 4147 contendo.

735 4171 868 4234 Thesis
890 4170 943 4234 LI.

252 4262 508 4327 Animadversum
537 4268 638 4323 minen
669 4269 730 4337 est,
762 4262 862 4325 inesse
895 4261 1017 4322 brevem
1050 4258 1205 4322 circuitum
1241 4258 1308 4323 huic
1340 4261 1521 4341 qualitatum

164 4354 377 4417 universalium
400 4349 595 4416 successioni.
640 4351 721 4414 Nam
744 4358 776 4412 et
797 4349 903 4413 rustici
927 4348 992 4429 (qui
1015 4348 1092 4409 hauc
1116 4349 1245 4411 omniurn
1268 4349 1435 4415 rectissime
1454 4350 1521 4417 cel·

163 4443 244 4519 lent)
267 4443 318 4506 uhi
342 4448 493 4506 aestatem
517 4437 649 4501 viderint
672 4439 827 4514 fervidam
852 4438 1013 4503 admodum
1036 4437 1166 4517 rigidam
1189 4444 1352 4519 expectant
1373 4439 1519 4522 hyemem.

162 4531 206 4597 Et
228 4532 254 4595 si
277 4551 349 4613 pars
372 4531 475 4612 aliqua
496 4527 613 4612 hyemis
636 4536 742 4608 tepore
765 4547 824 4590 uon
847 4526 980 4590 naturali
1003 4525 1163 4600 detinetur,
1188 4534 1275 4589 tanto
1298 4528 1395 4608 magis
1414 4527 1521 4593 ultima

162 4630 251 4705 parte
275 4621 370 4702 frigus
393 4625 567 4699 expectant
613 4619 663 4680 Ita
685 4618 741 4683 hoc
765 4624 914 4697 tempore,
940 4633 1007 4677 cunr
1030 4615 1136 4696 hyems
1163 4614 1242 4678 acris
1269 4615 1429 4681 admodm
1452 4637 1519 4680 ma-

162 4718 230 4775 ture
253 4708 409 4791 ingruerit,
432 4717 582 4772 maturum
604 4706 738 4770 vicissim
760 4725 815 4768 ver
838 4705 906 4782 erit,
931 4702 1189 4768 consentientibus
1213 4700 1385 4785 aspectibus
1407 4707 1519 4787 pleris-

162 4796 782 4884 Qmmwmmmm.
