3609 5634
290 349 336 418 ee
784 336 1162 402 cessassem

290 510 417 575 lsudsut
437 507 536 570 instar
562 500 713 567 hominis?
753 500 823 565 Nisi
845 498 939 580 quod,
968 498 1039 560 dum
1066 501 1242 576 argumenta
1265 490 1461 573 suppeditant
1482 485 1656 551 hominibus

291 595 436 662 laudandi
453 596 522 669 Del,
545 593 643 654 Deum
665 590 750 670 ipsae
774 588 898 651 laudare
920 588 1067 650 dicuntur.
1105 583 1205 655 Quam
1227 599 1332 644 vocem
1354 580 1446 643 coelis
1469 586 1501 640 et
1522 585 1656 638 naturae

291 704 391 751 rerum
413 684 483 746 dum
505 681 655 763 metimus
678 678 726 740 his
753 676 896 759 pagellis,
928 675 1143 753 clarioremque
1172 671 1333 734 efficimus:
1365 686 1451 730 neruo
1479 684 1533 728 uos
1559 662 1654 725 vani-

291 774 367 838 tatis
390 781 445 835 aut
467 770 614 833 inutiliter
635 767 727 830 sumti
749 765 862 830 laboris
886 773 1006 845 arguat.

381 862 490 931 Taceo,
510 857 588 941 quod
608 856 683 918 haec
697 855 827 917 materia
845 853 1018 926 creationis,
1038 870 1126 932 quam
1142 855 1291 929 negarunt
1307 843 1487 928 philosophi,
1511 860 1656 922 magumrr

294 956 504 1031 argumentum
526 953 594 1008 est:
618 945 687 1006 tium
704 944 862 1018 cernimur,
887 942 933 1004 uti
945 942 1029 1004 Deus
1046 942 1143 1002 instar
1157 939 1283 1017 alicujus
1297 955 1335 998 ex
1349 933 1534 996 nostratibus
1549 930 1656 992 archi-

290 1038 396 1112 tectis,
427 1034 529 1097 urdine
553 1042 586 1095 et
607 1051 713 1096 norma
735 1033 775 1095 ad
798 1031 900 1094 mundi
922 1030 1107 1093 molitionem
1130 1025 1308 1099 accesserit,
1339 1023 1515 1103 singulaque
1543 1020 1583 1082 sit
1606 1020 1657 1080 ita

154 1187 164 1196 .
291 1127 455 1200 dimensus,
479 1122 565 1204 quasi
580 1140 639 1184 non
654 1130 859 1184 assuetarum
876 1119 1057 1188 imitaretur,
1081 1118 1136 1179 sed
1150 1116 1234 1178 Deus
1257 1114 1322 1196 ipse
1346 1112 1384 1175 ed
1409 1111 1537 1174 hominis
1559 1105 1656 1171 futuri

290 1232 404 1278 morem
427 1210 605 1275 aedificandi
628 1210 825 1292 respexisset.

380 1299 561 1381 Quanquam
575 1298 645 1379 quid
659 1315 786 1360 necesse
799 1307 859 1371 est,
881 1293 1053 1358 numme
1074 1309 1173 1356 tuum
1194 1309 1268 1355 usus
1286 1291 1385 1353 instar
1401 1286 1517 1350 obsonii
1532 1303 1655 1347 nummo

292 1388 478 1454 aestimare?
516 1389 596 1452 Nam
619 1387 690 1468 quid
714 1405 825 1468 quaeso
848 1384 976 1466 prodest
997 1384 1096 1446 ventri
1119 1381 1258 1444 famelico
1281 1378 1414 1459 cognitio
1437 1394 1536 1439 rerum
1558 1382 1654 1434 netu-

290 1478 409 1554 ralium,
435 1476 506 1557 quid
529 1484 596 1538 tots
618 1476 735 1556 reliqna
757 1473 967 1537 astronomis?
1011 1472 1118 1553 Neque
1141 1480 1242 1534 tamen
1267 1468 1391 1531 audiunt
1415 1464 1531 1528 cordati
1553 1461 1654 1523 homi-

292 1587 346 1631 nes
369 1566 456 1629 illam
478 1564 659 1639 barbariem,
684 1583 761 1644 quae
777 1563 945 1626 deserenda
958 1569 1119 1644 propterea
1138 1561 1199 1622 ista
1216 1557 1318 1621 studia
1333 1555 1481 1617 clamitat.
1514 1552 1655 1613 Pictones

292 1655 426 1728 ferimus,
451 1653 628 1734 quioculos,
652 1652 894 1735 symphoniacos,
919 1653 969 1734 qui
983 1667 1072 1714 siuet
1087 1649 1261 1714 oblectem:
1286 1644 1422 1728 quamvis
1437 1643 1549 1705 nullum
1562 1639 1655 1701 rebus

291 1743 406 1806 nostris
429 1742 661 1805 emolumentum
683 1743 822 1804 aflerant.
868 1733 911 1802 Et
933 1757 992 1800 nou
1016 1745 1134 1799 tantum
1157 1737 1300 1811 humana,
1330 1734 1384 1794 sed
1409 1732 1499 1794 etiam
1524 1730 1655 1790 honesta

292 1837 433 1894 censetur
456 1831 607 1916 voluptas,
630 1847 708 1910 quae
731 1845 769 1896 ex
791 1837 984 1910 utrcumque
1007 1826 1147 1908 operibus
1170 1825 1299 1905 capitur.
1336 1821 1424 1893 Quat
1447 1820 1539 1899 igitur
1562 1817 1653 1878 inhn-

292 1918 438 1993 meuitas,
467 1937 544 1999 quae
568 1913 714 1989 stultitia,
742 1917 837 1979 menti
864 1935 950 1977 suum
974 1913 1107 1978 invidere
1130 1911 1287 1977 honestum
1310 1907 1466 1988 gaudium,
1499 1905 1591 1969 oculis
1619 1913 1656 1965 et

291 2006 415 2072 turibus
446 2025 505 2068 uun
541 2005 700 2067 laudere?
753 2005 868 2067 Rerum
898 2011 1028 2066 naturae
1062 2011 1229 2084 repugnat,
1268 2000 1317 2081 qui
1352 2017 1422 2061 cnm
1453 1997 1501 2058 his
1538 1999 1656 2076 pugnat

291 2094 538 2158 mercationibus
591 2093 672 2155 Nam
704 2093 754 2174 qui
787 2092 861 2158 uibil
897 2090 925 2156 in
960 2101 1100 2158 usturam
1129 2089 1315 2163 introduxit,
1348 2086 1477 2152 Crtdlssr
1510 2083 1652 2164 Olim&

292 2182 341 2244 cui
376 2200 438 2246 uon
475 2201 541 2246 cum
576 2180 616 2242 ad
652 2182 885 2260 necessitatem,
931 2189 997 2248 tun
1032 2182 1073 2244 ad
1107 2178 1360 2262 palchritudinem
1397 2185 1429 2238 et
1466 2173 1654 2254 voluptatem

293 2270 411 2333 munde
433 2266 644 2350 prospexerit:
667 2269 695 2332 is
710 2280 843 2334 mentem
854 2268 993 2343 hominis,
1017 2270 1111 2332 totius
1125 2277 1253 2332 naturae
1268 2268 1428 2338 dominam,
1454 2281 1539 2328 suam
1558 2260 1654 2341 ipsius

291 2358 462 2439 imaginem,
486 2357 582 2419 solam
602 2357 688 2419 nulla
711 2355 865 2438 voluptate
888 2347 1050 2419 beaverit?
1087 2355 1149 2419 Imo
1170 2355 1214 2419 nti
1232 2376 1289 2418 uon
1310 2354 1490 2436 quaerimus,
1515 2371 1574 2432 qua
1596 2367 1653 2430 spe

292 2446 439 2509 mmmodi
453 2446 592 2509 cantillet
612 2445 740 2520 avicula,
765 2465 831 2508 cum
850 2445 981 2508 sciamus
995 2445 1096 2509 inesse
1111 2446 1297 2526 voluptatem
1313 2444 1342 2505 in
1357 2452 1456 2511 cantu,
1480 2449 1651 2521 propterea,

294 2535 366 2617 quia
388 2534 428 2597 ad
451 2542 572 2619 cautum
595 2534 688 2598 utun
710 2535 795 2598 tacta
815 2541 885 2600 est:
910 2534 957 2598 ita
977 2551 1034 2600 cett
1051 2534 1336 2614 ducqueerenduua
1357 2551 1410 2594 cur
1423 2551 1508 2593 mens
1523 2530 1655 2590 hmuana

291 2632 411 2690 tantum
431 2630 536 2690 sumat
554 2622 668 2690 letum
689 2621 723 2688 iu
742 2622 950 2702 perquirendis
968 2622 1051 2688 luisse
1065 2622 1217 2688 esurum
1235 2623 1367 2686 moenis
1401 2620 1460 2684 Est
1482 2618 1561 2682 enim
1583 2615 1652 2678 ideo

291 2730 376 2774 mens
400 2711 545 2792 adjuncta
573 2710 710 2773 sensibus
738 2711 777 2772 ab
801 2709 918 2789 Opilius
945 2717 1070 2785 uestro,
1103 2718 1301 2774 contemtum
1325 2697 1414 2771 utse
1439 2709 1535 2788 ipsum
1563 2705 1652 2766 homo

292 2807 487 2874 sustentaret,
512 2799 591 2882 quod
614 2800 702 2880 louge
726 2799 868 2862 solertius
890 2795 1089 2879 possunt'vel
1113 2798 1219 2860 brutae
1238 2800 1347 2859 mentis
1367 2795 1533 2859 ministerio
1557 2794 1654 2855 multa

292 2888 490 2954 adnutum
511 2905 642 2969 gnere:
667 2887 723 2954 sed
745 2888 848 2963 siun,
871 2897 907 2952 ut
927 2886 967 2950 ait
989 2886 1036 2964 iia
1060 2905 1149 2966 quae,
1173 2887 1251 2966 quod
1274 2887 1351 2960 sint,
1375 2885 1468 2950 oculis
1492 2882 1650 2954 certamus,

292 2977 336 3040 nd
355 2993 464 3041 causas
487 2995 580 3056 quare
603 2978 666 3042 siut
686 2985 720 3040 et
741 2977 833 3051 saus,
855 2976 1124 3042 enumeremus:
1149 2973 1291 3054 quamuis
1308 2974 1382 3036 nildl
1405 2973 1487 3040 aliud
1509 2970 1653 3034 utilitatis

292 3065 365 3132 iude
385 3082 571 3144 capuanus.
617 3067 720 3146 Atque
744 3066 821 3132 adeo
844 3073 881 3130 ιιι
901 3062 1045 3130 muralis
1068 3072 1188 3138 cetere,
1211 3082 1379 3145 corpusque
1402 3062 1563 3126 huntunum
1584 3058 1653 3122 cibo

292 3161 425 3254 pqtuqus
448 3160 678 3218 meterentur:
712 3154 756 3218 siu
779 3153 895 3218 suimus
919 3153 985 3233 ipse
1013 3151 1164 3227 mutuis,
1192 3151 1345 3216 diversum
1367 3150 1510 3231 quiddam
1531 3148 1574 3210 ab
1594 3147 1653 3209 ho-

292 3243 433 3315 mres),
464 3249 643 3320 vegetam,
673 3250 820 3320 augetur,
850 3251 883 3303 et
914 3240 1064 3306 adolescit
1095 3241 1315 3320 quodammodo
1344 3236 1525 3319 cognitionis
1552 3235 1651 3300 utute

291 3327 424 3410 pabulo:
453 3336 629 3407 mortuoque
654 3347 745 3409 quam
764 3328 834 3391 tivo
858 3329 984 3394 similior
1003 3337 1068 3401 est,
1095 3328 1123 3390 si
1145 3329 1251 3394 Ιιιιιιιιιι
1273 3348 1372 3396 retem
1395 3325 1545 3394 desiderio
1568 3324 1651 3390 uullo

293 3416 438 3496 tangitur.
476 3414 578 3486 Quare
601 3416 647 3478 nti
668 3425 797 3481 naturae
818 3417 1012 3500 providentia
1031 3415 1172 3497 pabulum
1195 3418 1399 3484 animantium
1423 3432 1571 3495 uunquam
1595 3412 1652 3476 de-

293 3505 374 3568 suu:
406 3504 453 3568 ita
479 3521 537 3569 non
560 3504 710 3570 insumite
732 3505 833 3568 dicere
855 3523 1028 3585 posennus,
1057 3515 1220 3585 psoptema
1246 3515 1364 3572 tutem
1387 3505 1416 3568 in
1440 3504 1530 3566 reum
1553 3503 1653 3568 inesse

291 3592 494 3667 uarietatem,
521 3600 642 3674 mmqre
669 3593 842 3658 reconditus
865 3594 896 3658 in
919 3596 1071 3660 coelorum
1094 3594 1209 3660 lubrica
1233 3595 1411 3668 thesauros,
1440 3602 1474 3656 ut
1501 3608 1654 3671 tunquam

293 3679 416 3743 deesse
439 3680 586 3746 humanae
608 3682 702 3746 mesti
725 3699 831 3746 recem
854 3683 1009 3762 pabulum,
1038 3703 1077 3746 ne
1101 3684 1256 3750 temutes
1277 3683 1459 3757 medens
1484 3700 1540 3744 neu
1564 3680 1653 3761 qule-

294 3777 408 3844 sceret,
436 3769 493 3832 sed
514 3769 641 3833 hausei
663 3770 697 3832 in
716 3770 773 3832 hoc
795 3771 908 3834 mundo
928 3780 1107 3851 perpetuum
1129 3772 1288 3838 eawoendi
1313 3773 1358 3836 sui
1373 3769 1542 3836 ‚officiua'ou
1557 3766 1585 3842 ⁶)

306 3942 313 3957 ι
381 3857 487 3954 Neque
510 3875 580 3922 vtro
604 3857 710 3922 hurum
733 3859 897 3940 epularum,
922 3879 997 3939 ques
1019 3881 1058 3923 ex
1077 3859 1229 3926 ditissime
1243 3857 1417 3928 Conditoris
1440 3877 1519 3938 penu
1541 3858 1573 3920 in
1597 3856 1654 3919 bno

202 4021 207 4032 Ἴ
294 3943 395 4046 libello
418 3944 547 4008 velutin
566 3965 677 4012 mensa
688 3947 840 4027 <ispum
864 3956 1028 4028 propterea
1044 3950 1140 4016 minor
1157 3948 1376 4024 essentitas,
1392 3948 1471 4028 quod
1489 3946 1655 4012 anulus

294 4032 375 4111 uulgi
398 4039 491 4132 parte,
509 4034 559 4098 vel
588 4053 647 4098 nou
673 4035 889 4115 gustabmtur,
921 4036 970 4104 vel
997 4046 1185 4117 respuente.
1231 4036 1381 4106 Auum
1403 4035 1532 4102 laedant
1551 4036 1655 4116 pheres

293 4138 389 4222 qnam·
404 4120 600 4200 plausuum,
628 4123 699 4202 qaia
721 4124 780 4210 ille
795 4124 959 4190 mmmuuis
983 4133 1045 4198 est,
1076 4127 1133 4188 iste
1157 4124 1265 4190 rarior.
1310 4127 1416 4207 Neque
1439 4134 1539 4192 ιιιιιιιι
1563 4124 1654 4190 ullius

292 4207 391 4309 Apetn
412 4208 535 4287 palatus
557 4211 635 4274 tunc
658 4212 702 4276 illi
725 4221 899 4292 postponet.
938 4211 990 4278 Sic
1012 4212 1099 4293 hujus
1118 4215 1265 4280 mnteoiae
1288 4216 1423 4296 dignitas
1445 4221 1532 4280 unte
1555 4214 1654 4293 ιιιιιιοι

292 4303 368 4371 snt,
393 4315 452 4376 quo
474 4298 632 4377 pauciores
652 4300 837 4375 laudatores,
861 4300 1066 4380 intelligentes
1086 4303 1174 4366 modo
1193 4303 1265 4378 slot,
1290 4304 1429 4383 reperiet
1463 4302 1655 4366 Noneadent

288 4383 383 4484 uulgo
405 4385 586 4487 couvspiuut
613 4395 645 4449 et
671 4387 877 4468 principibus:
911 4408 1007 4469 neque
1035 4389 1111 4452 haec
1141 4392 1287 4456 coelestia
1314 4393 1484 4474 promiscue
1511 4392 1654 4463 omnium,

293 4472 347 4536 sed
370 4487 510 4553 generose
533 4476 643 4538 saltem
665 4476 757 4540 animi
778 4476 923 4555 pabulum
945 4487 1033 4542 suut:
1057 4498 1119 4544 nou
1137 4499 1204 4544 meu
1225 4490 1297 4544 voto
1321 4482 1367 4543 vel
1388 4499 1490 4562 opert,
1515 4500 1577 4544 ron
1595 4497 1654 4542 sus

292 4567 409 4636 utura,
434 4577 493 4626 uto
506 4561 565 4626 Dei
583 4564 704 4639 invidia,
730 4565 785 4626 sed
806 4565 1001 4645 plurimorum
1023 4567 1175 4632 hominum
1191 4569 1241 4634 vel
1255 4570 1436 4651 stupiditate
1453 4569 1501 4632 uel
1519 4567 1651 4650 ignavia

293 4644 401 4709 Solent
422 4649 575 4755 principes
601 4651 704 4733 aliqua
726 4654 828 4733 magri
850 4655 941 4734 pretii
963 4655 1043 4720 inter
1067 4658 1216 4724 secundas
1240 4658 1352 4724 hahere
1374 4660 1522 4734 mersas,
1545 4657 1653 4739 quibus

292 4741 499 4838 utanturnnos
520 4755 579 4804 mer
600 4742 704 4816 saturi,
730 4742 851 4806 letandi
865 4743 983 4808 fastidii
997 4761 1100 4810 cauus
1136 4744 1191 4812 Sic
1212 4746 1287 4811 lraso
1307 4756 1338 4812 st
1361 4747 1529 4828 hujusmosi
1551 4745 1654 4810 studia

291 4838 524 4904 generosummo
547 4836 579 4891 st
601 4829 826 4909 sapientissimo
850 4833 956 4915 cuique
979 4840 1043 4896 tum
1071 4834 1191 4899 demum
1213 4836 1352 4918 sapient,
1381 4837 1433 4900 ubi
1459 4856 1475 4899 e
1504 4853 1653 4920 caespes
