3609 5634
798 337 1134 409 mecm-ms

838 551 960 651 Caput
985 550 1093 627 XIII.

285 711 343 774 De
365 713 585 795 computandis
607 710 734 774 orbibus
755 709 812 791 qui
833 710 1020 793 corporibus
1045 710 1263 774 immitterem
1287 717 1318 772 et
1339 710 1656 776 commemor.

374 854 530 917 Hactenus
554 852 624 914 nihil
650 850 777 926 dictum,
809 850 866 914 nisi
894 860 1101 914 consentanea
1125 850 1271 932 quaedam
1296 849 1385 929 signa
1412 861 1445 913 et
1472 851 1573 915 εἰκοτα
1596 872 1656 914 sn-

287 942 384 1022 scepti
408 941 616 1006 theorematis.
653 940 858 1003 Transeamus
881 941 971 1003 modo
995 939 1034 1002 ad
1056 939 1233 1018 ἀποςηματα
1256 938 1371 1001 orbium
1390 941 1598 1003 astronomiae
1622 949 1659 1005 et
1791 1015 1792 1018 Ἴ

289 1032 563 1093 demonstrationes
590 1031 809 1111 geometricas:
845 1048 922 1110 qnae
951 1029 1009 1092 nisi
1038 1030 1248 1103 consentiant,
1281 1029 1385 1109 procui
1413 1030 1504 1093 dubio
1532 1048 1657 1094 omnem

284 1119 516 1200 praecedentem
540 1137 664 1199 operam
688 1119 857 1182 tmerImns.
894 1118 1028 1181 Primum
1047 1119 1176 1180 omnium
1196 1118 1361 1194 videamus,
1386 1118 1415 1180 in
1438 1127 1553 1199 quanta
1574 1137 1655 1200 pro-

284 1208 422 1290 portione
447 1209 510 1270 sInt
532 1209 621 1270 orbes
645 1208 773 1289 singulis
801 1206 849 1268 bis
879 1207 1008 1288 quinque
1037 1206 1211 1286 corporibus
1235 1206 1424 1288 regularibus
1448 1207 1587 1289 inscripti
1612 1208 1656 1270 ad
1791 1217 1792 1220 ’

284 1297 457 1360 circumseri
480 1304 539 1360 tos.

372 1385 416 1449 Et
438 1315 516 1448 rfdii
539 1385 658 1466 quidem
687 1383 753 1445 sive
781 1381 996 1446 semidiametri
1025 1382 1317 1462 circumscriptorum
1348 1393 1480 1464 aequant
1502 1383 1654 1445 semidia-

285 1474 391 1554 gonios
415 1492 583 1555 corporum.
630 1474 710 1536 Nam
734 1472 792 1535 nisi
816 1491 921 1534 omues
944 1472 1045 1552 anguli
1073 1472 1186 1552 figurae
1209 1472 1367 1553 tetigerint
1389 1473 1515 1534 eandem
1539 1491 1652 1553 super·

285 1564 392 1639 dciem,
417 1582 525 1643 corpus
549 1563 688 1644 regulare
713 1581 771 1624 non
794 1561 862 1623 erit
899 1559 968 1624 Biui
993 1568 1093 1623 autem
1117 1561 1219 1642 anguli
1237 1561 1369 1641 oppositi
1391 1569 1494 1623 mutuo
1518 1570 1550 1623 et
1572 1579 1651 1623 cen-

284 1662 364 1716 trum
387 1654 501 1733 figurae
525 1671 646 1733 semper
673 1659 745 1713 sunt
771 1651 801 1712 in
830 1649 937 1712 eadem
965 1650 1045 1712 Iinea
1072 1649 1136 1712 sive
1164 1650 1214 1713 axi
1238 1650 1328 1713 orbis.
1374 1648 1534 1731 Excipitur
1556 1668 1651 1713 unum

284 1741 473 1817 tetrabdron,
497 1741 578 1820 quod
600 1741 695 1803 habet
718 1739 853 1819 singulos
877 1740 1005 1818 angulos
1027 1738 1155 1819 singuiis
1178 1738 1322 1802 faciemm
1345 1737 1458 1801 centris
1476 1739 1646 1819 oppositos

372 1828 445 1892 Iam
469 1837 557 1892 recta
579 1838 762 1892 connectens
785 1837 892 1890 centra
914 1828 1027 1908 figurae
1049 1835 1083 1890 et
1109 1828 1193 1890 basis
1215 1836 1265 1889 est
1287 1829 1389 1890 radius
1413 1827 1477 1890 sive
1500 1827 1650 1890 semidia-

285 1927 383 1983 nster
414 1917 552 1998 inscripti
584 1937 640 2000 per
671 1918 808 1981 ultimam
840 1916 890 1979 lib.
918 1916 991 1980 XV.
1043 1914 1191 1997 Campani
1219 1917 1250 1979 in
1276 1916 1442 1981 Euclidem.
1463 1909 1508 1992 “)
1554 1916 1649 1980 Orbis

284 2007 364 2070 enim
386 2006 549 2088 inscriptus
573 2015 700 2089 tangere
730 2005 822 2068 debet
849 2005 950 2068 omnia
980 2015 1086 2067 centra
1117 2007 1243 2087 figurae,
1278 2015 1310 2068 et
1339 2007 1451 2088 figurae
1483 2005 1648 2087 inscriptae

287 2115 354 2160 curn
377 2095 614 2176 cIrcumscriptie
636 2115 740 2159 omnes
763 2094 922 2176 possident
944 2094 1023 2156 idem
1045 2104 1191 2157 centrum.

437 2217 485 2268 Ν,
500 2214 535 2260 ps„
762 2182 849 2256 Quod
865 2184 1056 2258 cumitau't,
1081 2183 1170 2246 IaciIe
1185 2182 1360 2258 estvidere,
1378 2181 1546 2263 potentiam
1560 2182 1647 2257 radii

670 2293 729 2356 qno
743 2272 871 2335 circutos
885 2272 954 2334 basi
967 2271 1228 2347 circumscribitur,
1244 2270 1438 2334 auferendam
1456 2272 1493 2333 de
1510 2273 1649 2353 potentia

671 2362 750 2426 radii
764 2361 846 2423 orbis
860 2360 1089 2441 circumscripti,
1104 2369 1138 2424 ut
1151 2360 1272 2423 residua
1286 2360 1329 2422 sit
1340 2358 1479 2440 potantia
1492 2360 1648 2441 quaesitae

673 2452 774 2514 lineae
797 2469 850 2511 sen
873 2449 951 2512 radii
975 2450 1057 2513 orbis
1079 2449 1226 2531 inseripti.
1267 2449 1302 2510 In
1326 2450 1469 2530 adjuncto
1493 2449 1647 2512 schemate

671 2537 765 2602 ΗΟΜ
781 2546 830 2600 est
843 2538 910 2599 axis
924 2538 1142 2619 circumscripti
1161 2539 1252 2613 orbis,
1268 2538 1363 2618 cnjus,
1379 2547 1414 2600 ut
1428 2545 1460 2600 et
1473 2538 1587 2619 figurae
1600 2538 1647 2601 in-

672 2629 806 2709 scriptae
820 2645 976 2689 commune
991 2635 1124 2690 centrum
1140 2628 1169 2689 In
1181 2626 1220 2700 0,
1232 2625 1324 2689 HGL
1337 2628 1458 2709 pianum
1468 2646 1558 2689 unum
1570 2628 1645 2707 tign-

672 2737 734 2794 rae,
758 2715 837 2797 qnod
861 2715 910 2777 bic
928 2716 1082 2798 sitlbasia
1105 2716 1126 2778 J
1140 2724 1275 2778 centmm
1289 2715 1382 2790 basis,
1406 2715 1457 2778 HJ
1471 2716 1574 2779 radius
1588 2716 1646 2778 cir·

672 2804 847 2885 cumscripti
869 2804 947 2867 basi.
983 2804 1027 2867 Et
1048 2813 1134 2867 recta
1153 2823 1191 2866 ex
1209 2812 1314 2868 centro
1334 2803 1460 2868 orbisO
1481 2806 1510 2867 tn
1532 2804 1554 2867 J
1574 2823 1644 2867 cen-

671 2905 750 2959 trum
766 2893 888 2956 miuoria
908 2892 1013 2956 circuli
1034 2894 1166 2956 demissa
1187 2893 1444 2973 perpendicularis
1462 2892 1522 2955 erit
1538 2894 1646 2956 circulo

674 2993 706 3047 et
728 2984 825 3045 lineae
840 2982 900 3045 HJ.
924 2983 959 3044 In
975 2982 1125 3064 triangulo
1139 2982 1230 3062 igitur
1243 2981 1323 3044 nto
1338 2983 1465 3064 angulus
1484 2982 1523 3044 ad
1540 2981 1562 3044 J
1579 3000 1644 3045 rec·

673 3082 734 3135 tue.
762 3070 845 3151 Ergo
863 3067 923 3132 110
946 3073 1084 3150 potentia
1107 3079 1220 3152 aequat
1241 3071 1395 3151 potentias
1419 3069 1478 3147 HJ,
1502 3069 1561 3134 JO.
1607 3070 1647 3134 Et

409 3149 431 3201 L
673 3158 874 3241 potentiaHJ
893 3159 998 3222 ablata
1013 3179 1050 3222 ex
1068 3158 1128 3224 ΗΟ
1147 3159 1293 3240 potentia,
1318 3160 1460 3242 relinquit
1472 3157 1523 3223 JO
1541 3168 1646 3242 poten-
1681 3160 1684 3166 '

293 3252 368 3315 tiam
393 3252 562 3331 quaesitam
585 3251 639 3325 (E.
663 3251 687 3322 1,
711 3242 781 3320 47).
801 3241 847 3322 “)

379 3340 458 3402 Hinc
486 3348 627 3419 apparet,
657 3343 691 3398 ut
718 3334 866 3398 habeatnr
887 3333 939 3397 JO
967 3335 998 3397 in
1026 3336 1163 3399 omnibus
1195 3336 1311 3417 figuris,
1351 3337 1555 3418 quaerendam
1581 3355 1644 3399 esse

289 3429 374 3510 prius
397 3428 448 3491 HJ
471 3428 586 3489 radium
605 3426 701 3487 basis.
746 3422 885 3485 Habetnr
908 3433 1010 3486 autem
1033 3433 1066 3486 et
1087 3426 1138 3488 HJ
1160 3425 1279 3501 radius,
1307 3425 1429 3507 cognito
1454 3428 1549 3489 Iatsre
1571 3425 1644 3506 iign-

290 3537 358 3591 rae‚
387 3518 434 3579 oni
462 3516 606 3578 circutum
634 3512 860 3576 circumscribit
911 3512 990 3575 Hinc
1019 3532 1151 3589 rursum,
1184 3524 1219 3577 nt
1246 3514 1350 3578 radius
1378 3516 1462 3578 basis
1490 3514 1642 3591 habeatur,

291 3605 493 3687 quaerendum
514 3604 597 3684 prius
621 3604 702 3664 latus
725 3601 887 3681 cujuslibet
914 3602 1036 3683 figurae.

641 2942 663 2998 n

379 3692 531 3754 Assumto
552 3691 646 3770 igitur
667 3690 752 3753 radio
773 3690 992 3770 circumscripti
1016 3691 1176 3771 cujuslibet
1199 3692 1229 3754 in
1253 3692 1425 3772 quantitate
1449 3692 1533 3755 siuns
1556 3690 1644 3754 totins
1755 3683 1759 3690 ’

297 3777 381 3844 1000
404 3780 534 3861 partium
559 3779 686 3852 (sufficit
709 3788 812 3841 nostro
836 3779 976 3841 instituto
1000 3781 1075 3842 haec
1098 3779 1174 3842 radii
1192 3782 1384 3861 magnitudo)
1407 3782 1546 3864 potentia
1569 3781 1643 3842 iate·

292 3868 334 3931 ris
358 3869 453 3931 cubici
477 3867 578 3941 (EucI.
603 3869 690 3943 XIII,
719 3866 773 3942 15)
797 3876 940 3947 estpars
965 3869 1057 3931 tertia
1078 3871 1234 3950 potentiae
1258 3872 1335 3946 axis,
1360 3881 1394 3932 nt
1416 3872 1442 3933 si
1466 3871 1533 3933 axis
1556 3870 1643 3932 habet

292 3954 394 4032 2000,
424 3958 505 4019 latus
528 3957 596 4019 cubi
619 3957 712 4019 habet
738 3954 832 4020 1155.
878 3958 1002 4019 Lateris
1029 3959 1165 4020 octaedri
1192 3960 1331 4039 potentia
1354 3957 1456 4041 (Encl.
1480 3959 1567 4034 XIII,
1594 3957 1643 4032 14)

292 4056 342 4108 est
365 4046 518 4108 dimidium
542 4047 696 4125 potentiae
720 4045 797 4108 axis.
843 4046 965 4109 Laterio
981 4047 1155 4109 tetraedrici
1169 4049 1308 4128 potentia
1322 4060 1371 4110 est
1387 4048 1442 4122 (Ib.
1462 4045 1516 4122 13)
1531 4049 1642 4128 sesqui·

292 4135 391 4197 altera
419 4153 491 4215 pars
519 4135 556 4195 de
583 4135 721 4214 potentia
752 4127 886 4208 axis.⁴')
933 4136 1034 4216 Atque
1067 4136 1212 4198 hacteuus
1243 4137 1309 4199 usni
1337 4138 1395 4200 fuit
1423 4155 1544 4200 aureum
1577 4136 1642 4198 illud

291 4224 448 4285 theorema
470 4223 663 4304 Pythagorae
690 4223 728 4285 de
750 4223 896 4303 potentiis
925 4223 1052 4286 latemm
1080 4225 1110 4287 in
1135 4226 1285 4306 triangulo
1309 4227 1493 4307 rectaognIo.
1540 4225 1575 4287 In
1596 4244 1642 4287 ce·

292 4312 366 4373 teris
394 4312 510 4373 duobus
534 4313 708 4391 corporibus
736 4314 832 4373 aItero
856 4312 908 4374 IIio
935 4314 1121 4391 geometriae
1148 4315 1291 4376 thesauro
1314 4333 1391 4395 opus
1413 4323 1477 4390 est,
1506 4315 1544 4376 de
1572 4316 1643 4376 Iiues

292 4401 457 4462 secundnm
480 4407 644 4463 extremam
674 4409 706 4461 et
727 4400 857 4462 mediam
882 4401 1030 4462 rationem
1058 4412 1145 4464 secta
1167 4402 1268 4475 (Euci.
1293 4404 1351 4480 vl,
1376 4400 1443 4478 30).
1491 4404 1572 4466 Nam
1593 4404 1641 4464 do·

292 4488 503 4550 decaedricnm
526 4490 608 4551 latus
631 4496 680 4550 est
702 4489 799 4568 major
821 4490 920 4568 portio
944 4490 1049 4551 lateris
1073 4491 1168 4554 cubici
1193 4491 1270 4554 secti
1300 4494 1462 4554 secundnm
1486 4499 1641 4554 extremam

293 4586 324 4636 et
346 4578 475 4638 mediam
498 4577 646 4641 rationem
670 4576 771 4650 (Euol.
795 4578 882 4653 XIII,
911 4577 960 4641 17.
977 4578 1076 4654 coa).
1121 4581 1173 4643 Sic
1196 4600 1251 4662 pro
1274 4581 1460 4644 Icoeaedrioo
1482 4582 1578 4644 latere
1600 4582 1641 4642 iu-

293 4665 439 4726 veniendo
462 4665 590 4745 primum
612 4667 766 4746 quaeritur
789 4666 891 4729 radius
914 4667 995 4729 illius
1018 4669 1130 4744 circuli,
1156 4671 1205 4751 qui
1228 4670 1357 4751 quinque
1380 4670 1530 4733 icosaedri
1553 4670 1642 4749 tangit

293 4753 429 4831 angulos,
445 4753 499 4834 qui
508 4752 623 4816 estAO
640 4755 668 4816 In
684 4755 936 4836 circnIoABffig.
952 4754 1016 4832 19).
1035 4757 1112 4837 Ejus
1126 4760 1264 4837 potentia
1278 4768 1328 4821 est
1337 4759 1442 4841 quinta
1454 4778 1527 4839 pars
1543 4761 1580 4822 de
1592 4777 1640 4839 po·

294 4840 391 4908 tentia
404 4842 472 4904 axis
487 4841 588 4914 (EncI.
603 4842 690 4920 XIII,
709 4839 760 4906 16.
777 4841 864 4917 Cor.)
896 4845 993 4928 Igitur
1006 4846 1062 4920 (ib.
1078 4846 1099 4911 5
1114 4855 1148 4910 et
1160 4843 1197 4922 9)
1220 4848 1297 4912 radii
1310 4849 1399 4912 istius
1413 4847 1471 4912 Ac
1489 4849 1639 4912 secundum
