3609 5634
787 348 869 415 ⁰⁸9¹ss
885 348 981 402 xvm.
1336 344 1340 355 ’
1502 349 1564 418 tot

173 505 234 569 sit
259 507 349 572 inter
366 527 470 573 verum
491 509 590 572 locum
613 518 646 573 et
667 509 747 573 inter
769 530 845 586 eum,
870 529 958 592 quem
981 508 1116 575 calculus
1137 510 1262 586 indicet,
1285 513 1464 593 differentia,
1489 535 1566 598 quas

173 594 390 661 interdum
380 617 411 660 ιι
436 598 611 702 quibusdem
636 599 674 661 ad
698 597 719 661 2
742 599 925 679 integrorum
948 601 1095 681 graduum
1122 601 1340 681 longitudinem
1363 606 1521 669 excrescit
1536 604 1566 680 ι’)

173 681 295 755 Quod
320 706 386 750 cum
410 687 455 749 ita
478 688 533 763 sit,
558 689 681 769 expedit
705 688 774 750 mihi
799 688 931 751 nonnihil
956 710 974 751 a
998 689 1157 769 (lopernici
1181 692 1312 754 numeris
1336 694 1509 757 discedere.
1533 702 1567 759 et

169 773 266 854 jam
291 795 381 857 porro
405 776 592 857 diligentium
616 778 842 840 observatorum
860 778 974 859 judicio
997 780 1184 860 relinquitur,
1208 781 1267 843 utri
1288 801 1375 845 arcos
1390 801 1457 845 cum
1480 785 1575 851 coelo,

130 865 329 947 propius
352 867 544 942 conveniant,
569 866 627 929 mei
650 887 687 928 an
712 864 923 947 Copernicani.

294 956 434 1018 Alterum
454 964 671 1035 argumentum,
697 974 755 1037 qno
774 956 961 1019 differentiae
980 956 1068 1036 hujus
1092 957 1241 1037 culpem
1233 977 1263 1019 ιι
1287 959 1371 1040 ιριιι
1385 922 1565 1025 Ριιιιιιιιι

180 1045 368 1121 transfero,
392 1045 539 1149 praebent
561 1044 633 1106 mibi
657 1054 814 1126 suspectae
838 1046 1027 1125 planetarum
1042 1046 1307 1110 ιιιιιιιιιιιιιιι·
1333 1049 1411 1129 qnod
1435 1068 1470 1110 eo
1494 1060 1564 1112 ten·

183 1133 271 1206 dit,
306 1143 339 1197 ιι
366 1133 501 1216 quamvis
529 1154 583 1195 nec
606 1135 664 1196 mei
688 1154 775 1197 arcus
803 1135 923 1197 omnino
955 1134 1084 1216 perfecti
1107 1143 1139 1196 et
1162 1137 1237 1198 certi
1261 1136 1322 1199 sint
1345 1135 1450 1210 (sicuti
1474 1138 1565 1202 fateri

185 1225 313 1304 cogor)
336 1232 438 1285 tamen
461 1223 566 1285 vitium
590 1244 628 1285 ex
651 1225 829 1303 contagione
853 1223 1111 1286 eccentricitatum
1130 1224 1346 1288 contraxerint.
1380 1224 1414 1288 Si
1438 1245 1565 1306 corpora

187 1331 297 1393 super
324 1312 447 1398 mediae
472 1313 661 1393 planetarum
690 1313 854 1375 distantiae
883 1313 1056 1393 superficies
1087 1313 1260 1392 sphaericae
1294 1322 1495 1390 struerentur,
1530 1322 1566 1379 ut

189 1401 313 1463 eadem
335 1400 509 1481 superficies
533 1401 749 1482 circumscripti
769 1402 903 1482 corporis
925 1411 1032 1463 centra
1055 1409 1086 1464 et
1103 1401 1240 1484 inscripti
1258 1404 1385 1484 angulos
1404 1406 1562 1484 tangeret:

190 1497 271 1552 tum
294 1489 367 1562 nibil
389 1490 461 1552 mihi
485 1489 526 1551 rei
551 1500 634 1552 esset
656 1511 722 1553 cnm
746 1490 861 1553 orbium
884 1490 1040 1565 crassitie,
1072 1510 1161 1572 quum
1188 1493 1342 1575 nequimut
1364 1493 1431 1555 viae
1455 1493 1562 1572 plone-

193 1587 305 1641 tarum
328 1579 520 1641 eccentricae.
568 1579 643 1641 Cum
668 1587 769 1641 autern
792 1580 865 1642 illud
888 1580 952 1641 fieri
976 1597 1034 1641 non
1057 1580 1190 1659 potuerit
1205 1584 1241 1657 ⁰),
1267 1589 1299 1643 et
1321 1582 1451 1643 noudum
1475 1583 1563 1644 simi-

194 1668 277 1730 liter
300 1686 393 1729 causa
416 1668 687 1743 eccentricitatum,
714 1677 746 1730 ut
769 1676 800 1730 et
824 1668 1073 1742 differentiarum,
1098 1671 1257 1749 explorate
1280 1670 1334 1745 sit,
1359 1670 1492 1751 oportuit
1514 1690 1563 1733 me

197 1756 323 1819 orbium
349 1755 560 1838 spissitudines
584 1779 603 1818 ι
626 1756 793 1837 Copemico
818 1766 963 1838 tanquam
986 1764 1088 1820 certas
1111 1760 1254 1821 mutuari:
1279 1778 1354 1839 quas
1378 1768 1481 1822 tamen
1504 1778 1564 1822 ιιι

199 1845 393 1908 certissimas
418 1846 537 1909 esseio
562 1847 700 1908 confesso
724 1855 781 1907 est.
828 1844 977 1917 Quamvis
1000 1846 1079 1908 enirn
1108 1849 1204 1911 omnis
1233 1848 1407 1910 coelestium
1430 1856 1564 1910 motuum

198 1934 334 1998 historia
356 1933 469 1998 lubrico
493 1941 542 1996 est
565 1936 657 2010 aditn,
682 1953 736 2014 per
758 1935 914 1998 diuturnas
934 1943 965 1998 et
984 1935 1121 1999 difficiles
1140 1937 1378 2011 observationes,
1401 1937 1563 2020 praecipue

204 2032 309 2087 tamen
332 2023 390 2086 hoc
412 2024 442 2085 iu
473 2024 692 2086 constituendis
720 2024 996 2087 eccentricitatibns
1024 2032 1055 2086 et
1082 2025 1156 2088 locis
1185 2045 1386 2107 apogaeorom
1414 2033 1561 2106 apparet:

205 2112 325 2177 Solaris
348 2113 413 2186 (vel
436 2112 618 2189 Terrestris)
642 2113 853 2176 eccentricites
873 2114 1003 2177 omnium
1020 2114 1187 2177 rectissime
1202 2116 1313 2177 habere
1328 2115 1468 2184 debebat,
1493 2133 1565 2179 nam

204 2210 239 2264 et
256 2201 439 2263 vicinissime
454 2202 611 2264 stellarum
626 2211 674 2264 est
688 2202 791 2264 Tellus
814 2203 901 2265 nobis
923 2203 1039 2272 incolis,
1064 2211 1096 2264 et
1117 2204 1307 2284 paucioribus
1331 2222 1420 2285 quam
1443 2210 1562 2265 ceterae

205 2290 338 2353 motibus
361 2290 489 2354 vehitur.
506 2290 533 2365 θ)
579 2292 613 2353 Ιι
638 2292 746 2353 mundo
770 2287 850 2353 vero
863 2311 917 2371 per
939 2292 1102 2372 interjecta
1129 2311 1256 2374 corpora
1284 2294 1441 2368 struendo,
1471 2311 1563 2372 supra

205 2399 273 2460 csp.
297 2376 347 2443 15.
371 2379 509 2455 vidimus,
533 2389 676 2461 quantum
701 2382 809 2443 afferat
831 2389 1016 2443 momentum
1038 2382 1077 2442 ad
1101 2400 1205 2444 omnes
1230 2382 1375 2462 sphaeras
1399 2381 1563 2445 arctandas
1606 2457 1611 2462 .

205 2478 259 2531 ιιι
281 2469 430 2531 laxandas
454 2471 546 2532 solius
570 2468 708 2549 ιραιισκι
723 2471 853 2532 Luneris
868 2470 1018 2550 appositio
1033 2471 1082 2532 vel
1100 2471 1240 2545 exemtio,
1266 2472 1315 2551 qui
1338 2472 1428 2533 valde
1453 2470 1562 2547 exigua

205 2557 394 2640 portiuncula
418 2557 584 2622 Terrestris
607 2558 688 2620 orbis
717 2559 887 2621 crassitiem
911 2559 1040 2621 excedit
1085 2558 1143 2621 Hic
1174 2559 1267 2638 igitur
1299 2560 1397 2634 orbis,
1413 2561 1441 2631 ⁰)
1474 2576 1562 2637 quem

205 2646 374 2710 certissime
393 2647 559 2710 dimensum
580 2648 690 2709 hebere
710 2648 871 2729 oportebat
894 2655 927 2710 et
949 2666 1038 2728 posse
1062 2647 1224 2710 verisimile
1248 2655 1324 2723 eret,
1348 2648 1406 2722 hic,
1431 2648 1564 2726 inquom,

206 2736 283 2807 vide,
306 2736 343 2803 in,
360 2744 474 2814 quauta
496 2745 634 2799 versetur
657 2736 835 2800 difficultate
859 2738 938 2818 apud
954 2736 1161 2816 Copemicum,
1187 2738 1235 2817 qui
1257 2737 1323 2815 ipse
1347 2737 1399 2799 lib.
1415 2737 1471 2800 ΠΙ.
1496 2735 1562 2797 Re·

204 2825 264 2888 vol.
285 2843 350 2903 cap.
366 2822 417 2887 20.
434 2825 574 2906 queritur,
593 2825 691 2906 „quod
708 2845 761 2904 per
778 2827 899 2889 minima
913 2827 1061 2908 quaedam
1075 2832 1106 2887 st
1120 2826 1171 2886 vix
1185 2825 1438 2907 apprehensibilis
1451 2842 1563 2904 magna

204 2913 379 2976 ratiocinari
409 2932 564 2994 cogamur,
598 2916 676 2994 qnod
705 2914 854 2976 interdum
881 2916 938 2976 sub
966 2934 1025 2977 uuo
1053 2913 1238 2976 diversitatis
1261 2914 1400 2995 scrupulo
1424 2910 1449 2975 5.
1467 2909 1562 2983 relb

204 3003 316 3085 gradus
335 3012 539 3083 praetereant,
563 3010 595 3065 et
608 3003 743 3065 modicus
757 3022 839 3064 error
859 3002 888 3065 in
908 3004 1084 3066 immensum
1099 3020 1166 3063 sese
1181 3003 1400 3084 propaget.“‘)
1437 3000 1561 3073 Quanto

204 3092 292 3174 pejus
316 3092 406 3172 igitur
429 3091 584 3155 habebunt
606 3092 818 3172 spissitudines
841 3092 958 3154 orbium
982 3101 1013 3154 et
1043 3091 1236 3155 remotiorum
1265 3114 1284 3153 ι
1309 3091 1415 3166 uobis,
1449 3098 1481 3153 et
1511 3088 1561 3170 qui

203 3180 338 3262 pluribus
361 3189 493 3242 motuum
517 3182 715 3244 varietatibus
738 3190 810 3243 sunt
834 3181 964 3253 obnoxii.
1011 3180 1100 3253 Quod
1129 3180 1156 3241 si
1185 3188 1238 3259 ιιι
1266 3182 1383 3244 ιιιίιιι
1410 3181 1464 3243 ills
1485 3182 1562 3259 ιη’χη

203 3269 372 3332 certissime
396 3271 571 3350 explorata,
605 3280 658 3333 ιιι
681 3290 790 3333 ιιιιιι
814 3272 924 3332 saltem
947 3270 1119 3352 probabiles
1147 3270 1320 3349 patefactae
1349 3269 1478 3342 fuerint,
1509 3286 1561 3329 ιιι

203 3366 292 3422 tante
315 3356 441 3437 singulis
464 3359 611 3422 attributa
634 3360 696 3421 sint
719 3358 928 3432 aConditore,
953 3369 1015 3422 tum
1039 3379 1095 3440 ego
1119 3360 1253 3439 spondeo
1277 3380 1325 3422 me
1348 3360 1561 3439 producturum

203 3469 241 3511 ex
263 3448 311 3510 his
336 3448 510 3528 corporibus
534 3468 622 3510 trous
645 3467 699 3528 per
722 3449 822 3511 omnia
845 3449 976 3511 motibus
992 3466 1150 3511 consonos.
1165 3451 1194 3523 ¹)
1231 3448 1283 3511 Sic
1306 3449 1385 3510 enim
1408 3445 1560 3519 existimo,

204 3535 344 3617 quicquid
368 3545 438 3616 post
460 3537 538 3599 hauc
560 3538 784 3617 proportionem
815 3538 967 3600 coelorum
995 3538 1148 3599 inventam
1176 3538 1273 3617 adhuc
1304 3537 1468 3616 impediat,
1501 3552 1560 3615 quc

203 3626 300 3689 miuns
324 3628 362 3689 ad
381 3634 522 3689 exactam
541 3636 674 3689 motuum
689 3626 889 3706 coguitionem
903 3627 1041 3689 veniatur
1048 3646 1057 3701 ;
1081 3627 1117 3688 in
1135 3645 1223 3690 omne
1247 3627 1277 3688 in
1301 3624 1560 3688 eccentricitatum

203 3716 279 3776 vitis
307 3714 579 3790 conferendum:¹²)
594 3716 719 3796 -quibus
752 3715 890 3789 sublatis,
925 3733 1033 3796 magno
1064 3716 1237 3794 adjumento
1267 3715 1430 3778 artificibus
1460 3714 1561 3776 futura

203 3811 276 3883 puto
300 3803 398 3865 solide
420 3805 494 3867 haec
518 3803 646 3886 quinque
670 3804 709 3865 ad
730 3805 947 3866 correctionem
965 3810 1106 3877 motuum,
1131 3823 1219 3883 quam
1241 3804 1356 3884 passim
1376 3802 1561 3864 meditantur

193 3910 261 3953 *nou
305 3892 371 3954 auci
407 3890 442 3966 ¹).

284 3910 335 4044 itt
357 3983 414 4044 hoc
436 3981 496 4044 illis
515 3981 680 4062 spondeam
699 3981 736 4043 de
757 3980 1034 4044 eccentricitetibus
1057 3981 1152 4044 movit
1173 4000 1221 4044 me
1244 3990 1276 4043 et
1298 3981 1363 4054 hoc,
1388 3977 1469 4058 quod
1490 3976 1560 4038 ubi·
1594 4028 1597 4031 .

203 4089 260 4150 que
283 4071 321 4132 de
349 4070 455 4134 minori
482 4071 649 4150 particula,
683 4090 773 4150 quam
803 4080 852 4132 est
877 4090 969 4152 ιιηχις
999 4069 1080 4132 orbis
1103 4070 1253 4150 integrum
1275 4066 1517 4133 controvertitur.
1528 4063 1559 4137 ¹¹)

92 4150 96 4161 '
202 4159 293 4239 Eripe
317 4179 444 4239 namque
467 4160 604 4222 omnibus
628 4179 683 4221 sex
706 4158 829 4221 orbibus
852 4180 907 4221 sue
929 4179 1003 4241 ιηχη
1025 4167 1107 4235 ιοιι,
1133 4169 1185 4222 ιιι
1208 4159 1299 4239 dupla
1320 4155 1446 4235 singulis
1469 4152 1561 4215 attri-

202 4248 279 4311 bue:
304 4248 420 4310 videbis
434 4249 574 4311 muudum
590 4256 621 4310 et
639 4253 919 4329 πρισθαφιιρισιις
941 4267 1044 4310 omnes
1066 4250 1096 4310 in
1120 4246 1296 4309 immensum
1319 4246 1381 4309 illic
1404 4242 1559 4305 considere

204 4346 235 4399 et
268 4338 388 4418 augeri,
422 4338 470 4400 bic
502 4337 630 4400 distrahi
663 4347 696 4399 et
723 4338 864 4400 deminui.
912 4338 956 4401 Ut
978 4337 1022 4398 its
1044 4336 1158 4399 veritas
1180 4336 1260 4397 inter
1288 4333 1359 4397 nihil
1383 4341 1415 4394 et
1438 4331 1560 4412 duplum

204 4426 361 4501 consistat,
386 4438 480 4506 nequ’e
505 4429 697 4489 metuendum
720 4426 774 4499 sit,
799 4446 836 4488 ne
860 4426 980 4488 nimiam
1003 4426 1117 4488 habeat
1139 4423 1251 4486 artilex
1274 4422 1425 4486 licentiam
1449 4439 1558 4482 eccen-

204 4514 354 4577 tricitates
378 4516 527 4592 mutendi,
551 4517 577 4578 si
601 4515 667 4595 quis
691 4513 760 4576 illas
784 4514 830 4575 his
854 4514 957 4594 figuris
980 4523 1087 4595 sptare
1112 4520 1244 4575 conetur.
1293 4512 1394 4591 Atque
1417 4509 1461 4571 sic
1484 4509 1559 4570 baec

203 4605 302 4666 altera
332 4602 411 4666 ratio
443 4613 509 4680 est,
544 4624 620 4686 qnae
652 4623 699 4665 me
729 4604 765 4664 de
794 4603 946 4665 discordie
975 4603 1053 4665 inter
1075 4621 1159 4665 meos
1182 4609 1215 4664 et
1237 4598 1395 4682 Gopernici
1418 4616 1560 4661 uumerus

202 4711 346 4755 excusare
368 4702 481 4773 potest.

291 4780 427 4844 Tertiam
450 4781 520 4846 mihi
543 4781 691 4863 praebent
713 4779 771 4860 ipsi
794 4781 908 4842 numeri
931 4779 1159 4842 Pmtenicamm
1182 4778 1344 4841 etiamnum
1367 4774 1478 4849 crossi,
1503 4794 1558 4837 nec

204 4869 247 4931 ita
275 4871 428 4952 expressi,
463 4880 497 4933 ιι
522 4890 581 4933 ιιι
609 4869 707 4951 possit
735 4870 895 4950 aliquando
923 4869 1002 4932 buna
1026 4888 1093 4931 curu
1116 4868 1204 4931 venia
1226 4868 1274 4930 vel
1297 4865 1424 4930 semisse
1447 4863 1559 4946 gradem
