3609 5634
294 343 360 411 436
750 402 757 414 ,
848 345 889 397 na
914 284 1092 397 amoma

295 511 322 575 si
345 513 489 591 aspectus
512 505 628 568 ratione
651 521 798 583 geneseus
823 504 982 568 familiaris
1006 505 1047 567 sit
1069 504 1222 569 individuo
1244 505 1302 582 illi,
1332 508 1411 589 quod
1433 503 1662 568 musideratur.
1716 534 1719 539 ⁴

294 602 364 666 Nou
388 605 436 660 est
458 596 520 658 ista
537 592 709 676 sympathia
731 600 855 672 propter
877 601 1148 673 temperamentum
1161 596 1305 676 corporis,
1330 604 1365 659 11
1377 596 1494 660 coelum
1508 594 1539 656 in
1552 599 1664 654 aerem

295 696 378 770 agat,
402 686 452 748 hic
474 684 504 746 in
527 689 798 761 temperamentum
821 682 969 761 corporis,
1003 691 1035 744 11
1057 683 1114 745 hoc
1136 683 1167 744 in
1190 685 1336 759 animum;
1360 685 1415 747 sed
1438 690 1545 746 101111
1566 698 1662 745 com·

293 778 410 858 patitur
431 774 547 845 animus
571 772 655 833 coelo
679 789 732 850 per
756 789 798 858 se,
824 771 894 851 quia
917 772 1128 852 cognationem
1152 772 1245 834 habet
1266 792 1334 836 11111
1356 774 1423 837 1111
1441 780 1474 835 11
1487 769 1660 841 harmonia,

294 874 364 947 post
388 863 480 927 etiarn
503 879 612 940 corpus
636 878 722 922 suum
745 860 953 923 transformat.
999 860 1047 923 Ac
1077 880 1143 923 cum
1172 862 1260 924 homo
1288 862 1330 924 sit
1360 861 1474 925 animal
1497 858 1661 931 sociabile,

295 955 423 1018 maxime
447 950 538 1031 igitur
561 950 716 1012 1011111111
739 948 830 1009 animi
853 950 892 1010 ad
916 948 1066 1030 publicum
1091 968 1184 1030 opus,
1212 951 1339 1015 sociatis
1368 952 1398 1013 in
1421 949 1505 1013 coelo
1527 965 1661 1030 geome-

294 1044 370 1106 trice
393 1041 584 1121 planetarum
607 1037 712 1100 radiis.
754 1037 820 1099 Hoc
843 1049 944 1100 autem
968 1039 1122 1119 negotium
1143 1047 1232 1109 tanto
1254 1041 1366 1103 rectius
1388 1038 1516 1105 tractari
1537 1042 1660 1118 potest,

197 1169 200 1179 ·
294 1133 446 1195 sincrum
471 1146 598 1208 geneses
623 1126 652 1188 in
676 1133 795 1206 promtu
818 1129 894 1202 siut,
924 1126 974 1207 qui
1002 1128 1052 1200 (ut
1074 1128 1246 1209 Tychunico
1276 1129 1369 1192 verbo
1400 1130 1483 1203 utar)
1507 1127 1661 1206 111101-

270 1266 273 1271 s
294 1221 375 1285 blica
396 1219 573 1299 gubernant.

835 1303 970 1365 Thonis
993 1300 1107 1366 LXIX.

382 1399 428 1459 At
450 1395 586 1474 profecto
609 1390 820 1454 stultissimum
843 1399 910 1465 est,
943 1392 1013 1454 hinc
1041 1393 1186 1473 specialia
1208 1401 1332 1472 petere,
1362 1400 1395 1454 et
1423 1392 1518 1465 talia,
1552 1389 1661 1470 qualia

294 1486 403 1549 curiosi
426 1485 457 1545 in
481 1481 662 1555 calendariis
685 1488 842 1561 quaerunt.
873 1478 963 1550 Quod
986 1481 1066 1543 enim
1088 1481 1119 1543 in
1142 1481 1359 1561 meteorologia
1382 1481 1454 1556 dixi,
1473 1480 1523 1542 bio
1538 1497 1659 1560 quoque

295 1574 475 1646 tenendum
488 1571 574 1633 nith
596 1571 635 1632 ab
659 1570 826 1650 astrologia
849 1570 913 1648 peti
932 1588 1042 1649 posse,
1074 1588 1163 1650 quarn
1192 1588 1348 1641 excessum
1372 1570 1501 1649 aliquem
1523 1569 1659 1647 impetus

293 1664 474 1727 animorum:
499 1660 549 1741 qui
573 1658 685 1739 quain
708 1679 740 1722 re
764 1660 881 1722 futurus
904 1658 959 1734 eit,
988 1677 1082 1739 penes
1101 1658 1285 1722 liberrimum
1313 1659 1343 1721 in
1370 1658 1503 1739 politicis
1526 1655 1660 1719 hominis
1749 1675 1755 1684 ·

294 1751 466 1823 arbitrium,
491 1748 549 1810 Dei
572 1747 746 1827 imaginem,
780 1768 837 1809 nou
861 1755 988 1810 naturae
1011 1749 1158 1823 sobolem,
1182 1767 1335 1829 penesque
1358 1767 1468 1809 causas
1491 1746 1572 1809 alias
1596 1753 1690 1807 est.-
1802 1810 1803 1825 ,

294 1842 360 1902 Pax
382 1840 474 1919 igitur
497 1858 536 1899 au
559 1837 671 1898 bellum
694 1836 722 1897 iu
748 1836 883 1918 qualibet
906 1835 1028 1916 regione
1052 1837 1183 1899 loturum
1207 1837 1262 1912 sit,
1287 1830 1427 1917 judicent
1448 1854 1549 1900 rerum
1572 1835 1658 1915 poli-

295 1931 422 1991 ticarum
454 1926 562 2005 periti,
596 1924 702 2006 quibus
733 1945 793 1987 uon
825 1925 924 1987 minus
957 1925 1059 2005 aliqua
1089 1922 1281 2006 praedicendi
1307 1926 1437 1988 facultas
1467 1931 1530 1999 est,
1565 1942 1657 2007 quam

295 2016 461 2094 astrologo.
508 2015 589 2078 Nam
612 2021 645 2075 et
666 2013 776 2093 politia
798 2032 884 2077 suum
908 2015 1000 2076 habet
1023 2033 1154 2084 morem,
1187 2023 1222 2076 ut
1249 2013 1293 2076 ita
1316 2014 1433 2090 dicam,
1464 2032 1525 2075 101
1557 2013 1657 2074 miuus

295 2125 386 2185 quam
409 2104 486 2166 coeli
509 2103 647 2165 influxus.
693 2102 740 2165 At
763 2103 789 2164 si
813 2120 873 2184 qua
895 2102 924 2165 iu
948 2103 1072 2183 regione
1094 2103 1207 2165 bellum
1231 2103 1302 2176 erit,
1331 2102 1527 2183 sequentibus
1553 2101 1657 2182 putis-

293 2195 400 2259 simum
415 2192 521 2254 diebus
535 2191 626 2253 animi
640 2189 768 2253 militum
784 2192 951 2272 ducumque
975 2193 1014 2253 ad
1029 2200 1261 2272 strategemata,
1275 2210 1404 2272 pugnus,
1420 2191 1503 2253 rixas
1518 2191 1657 2271 aliosque

293 2290 394 2347 motos
417 2280 528 2361 promti
551 2285 638 2343 eruut
666 2277 808 2347 12111.
842 2278 873 2343 5.
902 2277 952 2343 14.
978 2275 1029 2344 24.
1050 2281 1138 2343 Febr.
1171 2279 1202 2343 5.
1231 2275 1279 2342 14.
1301 2281 1394 2344 Μ111.
1429 2278 1460 2343 5.
1475 2277 1530 2342 25.
1554 2278 1656 2359 April.

293 2367 324 2433 4.
357 2367 406 2433 12.
437 2366 490 2433 31.
513 2369 607 2449 Maji,
639 2364 670 2432 9.
695 2365 862 2443 2111111,
903 2365 1199 2444 8.13.19..11111,
1240 2366 1395 2433 1.9.15.
1421 2365 1656 2448 25311118.

292 2457 346 2525 20.
363 2458 414 2521 21.
431 2457 518 2539 Sept.
545 2454 573 2521 3.
590 2457 698 2521 Octob.
722 2456 753 2520 5.
772 2455 821 2521 18.
837 2456 891 2523 30.
907 2459 1034 2521 Novem
1062 2457 1114 2522 25.
1133 2459 1277 2520 Decemb.
1322 2458 1404 2521 Nam
1427 2458 1458 2521 id
1476 2457 1657 2540 expetentia

293 2550 460 2611 1011111111.

441 2646 453 2667 ·
847 2634 977 2696 Thesis
1001 2634 1099 2696 LXX.

380 2724 484 2785 Motus
508 2729 607 2784 autem
631 2722 818 2785 universales
843 2742 896 2784 seu
920 2724 1079 2785 admodum
1107 2723 1271 2798 notabiles,
1305 2731 1359 2785 aut
1388 2725 1477 2804 plane
1501 2721 1591 2797 novi,
1616 2741 1655 2782 ex

291 2814 377 2876 coelo
405 2811 525 2893 quidem
552 2830 612 2872 nou
640 2811 781 2874 videntur
808 2811 986 2891 siguificari3
1003 2831 1084 2873 cum
1108 2811 1257 2874 Saturnus
1290 2819 1322 2873 et
1344 2812 1465 2892 Jupiter
1492 2811 1550 2872 hoc
1574 2829 1654 2872 anno

183 2960 188 2969 .
291 2922 350 2965 uon
373 2901 606 2980 configurantur,
631 2900 767 2980 quamvis
790 2901 907 2963 coelum
930 2921 990 2963 una
1012 2908 1130 2964 tentum
1159 2909 1191 2963 et
1212 2900 1444 2980 generalissima
1469 2900 1654 2979 11111113-

292 3010 420 3071 numque
443 2989 486 3051 sit
508 3002 684 3068 magnorum
707 2998 850 3052 mutuam.

378 3070 456 3141 Nam
481 3078 510 3140 in
535 3078 623 3138 rebus
647 3077 858 3141 sublunaribus
881 3078 1031 3140 accedunt
1054 3077 1116 3139 alia
1130 3078 1228 3158 magis
1246 3077 1443 3157 particularia
1458 3085 1491 3140 ct
1504 3077 1650 3157 genuina,

290 3187 367 3249 quae
397 3166 574 3248 praevidere
601 3185 660 3228 non
689 3176 737 3229 est
765 3164 921 3247 astrologi.
960 3165 1176 3229 Consideretur
1207 3166 1299 3246 igitur
1326 3167 1377 3229 ille
1401 3167 1513 3230 Terrae
1541 3172 1651 3237 motus,

290 3258 339 3336 qui
362 3255 507 3334 superiori
523 3253 695 3333 Septembri
718 3255 788 3317 anui
815 3251 909 3318 1601.
935 3262 1032 3317 totum
1055 3254 1155 3316 Rheni
1180 3264 1309 3318 tractum
1333 3264 1365 3318 et
1382 3256 1498 3320 vicinas
1512 3255 1651 3336 regiones

289 3345 411 3407 insolite
444 3343 610 3424 quassavit.
657 3344 736 3405 Nam
767 3351 799 3405 et
828 3344 997 3406 Insubrium
1029 3363 1096 3407 eum
1124 3343 1208 3405 aiunt
1239 3345 1382 3408 sensisse.
1429 3345 1516 3407 Haec
1543 3362 1651 3407 moneo

288 3452 348 3496 nou
371 3452 410 3494 ex
433 3431 608 3512 astrologia,
633 3451 699 3494 0011
723 3433 834 3496 Terrae
858 3441 957 3495 motus
980 3442 1095 3495 astrum
1114 3452 1173 3495 101
1193 3432 1242 3508 sit,
1263 3435 1317 3496 sed
1342 3454 1380 3495 er
1394 3433 1651 3513 contemplatione

289 3523 406 3593 mundi,
435 3532 468 3584 et
487 3510 626 3584 omnium
654 3530 835 3602 temporum,
861 3540 898 3583 ex
922 3540 981 3602 qua
1003 3522 1106 3584 videre
1135 3530 1200 3598 eat,
1234 3530 1335 3587 motus
1356 3541 1510 3595 armorum
1531 3523 1651 3587 auimo·

288 3631 411 3692 rumque
436 3611 533 3673 solere
557 3611 652 3692 sequi.
1014 3654 1019 3665 .

826 3698 960 3760 Thesis
984 3698 1101 3762 LXXI.

377 3788 513 3867 Adjungi
545 3806 583 3848 ex
613 3787 781 3867 astrologia
812 3795 941 3867 quatuor
962 3787 1152 3866 potissimum
1175 3797 1312 3868 possunt,
1349 3805 1426 3868 quae
1455 3787 1651 3868 praecipuam

208 3902 211 3907 >
287 3875 401 3937 habeut
424 3875 590 3954 emphasin,
615 3875 737 3956 eclipsis
760 3875 842 3937 Solis
866 3876 896 3938 11
920 3870 959 3937 3⁰
981 3880 1015 3951 ,ὅ
1025 3923 1033 3951 ,
1058 3875 1176 3938 sextilis
1201 3875 1325 3941 Saturni
1348 3885 1381 3938 et
1401 3876 1513 3938 Martis
1536 3877 1650 3939 statio-

287 3964 378 4038 narii,
403 3965 453 4044 qui
475 3983 529 4043 per
552 3972 646 4025 totum
671 3964 733 4026 fere
756 3964 933 4028 Januarium
958 3973 990 4025 et
1011 3964 1206 4028 Februarium
1229 3966 1339 4040 durat,
1372 3974 1403 4027 et
1425 3965 1516 4027 Junio
1544 3984 1649 4028 mensa

285 4052 466 4116 revertitur:
492 4053 661 4132 conjunctio
684 4054 771 4117 Jovis
796 4061 828 4115 11
850 4053 961 4116 Μ11111
984 4054 1041 4115 1111
1055 4051 1138 4131 Julii,
1162 4054 1333 4133 conjunctio
1347 4051 1472 4117 Saturni
1491 4061 1524 4115 et
1537 4054 1649 4117 Martis

284 4161 386 4205 meuse
411 4140 595 4222 Septembri.
640 4142 783 4217 Primum,
807 4143 995 4223 experientia
1017 4150 1149 4204 testatur
1173 4144 1201 4206 iu
1225 4161 1335 4223 genere
1360 4143 1456 4205 solere
1478 4150 1648 4206 11111110-

285 4232 385 4307 nitos,
420 4231 554 4327 pavidoq
582 4238 635 4293 aut
666 4239 784 4294 erectos
815 4231 846 4293 in
875 4232 1117 4311 expectationem
1149 4251 1250 4294 rerum
1273 4251 1417 4294 novarum
1441 4231 1557 4293 animos
1589 4231 1647 4294 sub

284 4319 349 4382 hae
363 4321 451 4383 binas
475 4320 710 4401 conjunctiones.
758 4318 844 4390 Quae
868 4340 920 4389 ros
941 4320 971 4381 iu
993 4320 1146 4383 homiuum
1164 4340 1277 4400 magna
1294 4320 1485 4383 multitudine
1506 4321 1648 4383 1101010

284 4416 480 4489 congregata,
505 4408 555 4471 vel
578 4409 616 4471 ad
638 4409 820 4488 patrandum
843 4408 969 4490 aliquid,
994 4410 1043 4472 vel
1067 4410 1105 4471 ad
1128 4410 1245 4486 clades,
1271 4417 1305 4472 ut
1327 4408 1516 4491 experientia
1537 4408 1650 4472 bellica

283 4504 424 4572 testatur,
451 4517 591 4578 maguum
614 4499 707 4561 habet
730 4508 924 4573 momentum.
970 4498 1081 4561 Incidit
1113 4499 1215 4561 clades
1244 4498 1405 4577 Agriensis
1429 4517 1507 4561 anno
1536 4493 1590 4562 96.
1615 4498 1646 4560 11

285 4587 454 4666 oppositum
477 4585 563 4649 Jovis
588 4595 619 4649 et
641 4587 768 4649 Martis:
797 4587 921 4668 nuptiae
945 4587 1128 4649 Lutatianae
1152 4585 1591 4667 11101111111111118111111
1615 4596 1649 4649 11

283 4675 393 4737 Martis
425 4675 530 4738 itidem
561 4676 592 4738 11
619 4675 784 4756 Scorpione
808 4696 885 4739 auno
914 4672 1007 4739 1572.
1023 4672 1064 4751 ¹⁶)
1111 4674 1181 4746 Qua
1212 4677 1242 4739 in
1272 4677 1513 4739 consideratione
1541 4676 1647 4757 populi

278 4764 446 4843 magistros
469 4779 501 4827 11
523 4773 656 4828 rectores
679 4766 813 4829 exerceri
835 4765 973 4849 equidem
996 4784 1055 4829 uon
1078 4765 1184 4829 inutile
1208 4765 1387 4828 existimem.
1433 4767 1514 4830 Nam
1537 4765 1577 4829 ad
1591 4785 1644 4828 re-
