<?xml version="1.0" encoding="UTF-8"?>
<!DOCTYPE html PUBLIC "-//W3C//DTD XHTML 1.0 Transitional//EN"
    "http://www.w3.org/TR/xhtml1/DTD/xhtml1-transitional.dtd">
<html xmlns="http://www.w3.org/1999/xhtml" xml:lang="en" lang="en">
 <head>
  <title>
</title>
<meta http-equiv="Content-Type" content="text/html;charset=utf-8" />
  <meta name='ocr-system' content='tesseract 3.04.00' />
  <meta name='ocr-capabilities' content='ocr_page ocr_carea ocr_par ocr_line ocrx_word'/>
</head>
<body>
  <div class='ocr_page' id='page_1' title='image "./joanniskepleria01unkngoog_0278.png"; bbox 0 0 3609 5634; ppageno 0'>
   <div class='ocr_carea' id='block_1_1' title="bbox 300 321 1243 444">
    <p class='ocr_par' dir='ltr' id='par_1_1' title="bbox 300 321 1243 444">
     <span class='ocr_line' id='line_1_1' title="bbox 300 321 1243 444; baseline -0.007 -1"><span class='ocrx_word' id='word_1_1' title='bbox 300 375 366 444; x_wconf 81' lang='lat' dir='ltr'><strong>ero</strong></span> <span class='ocrx_word' id='word_1_2' title='bbox 855 359 1118 440; x_wconf 61' lang='lat' dir='ltr'><strong>sueones·</strong></span> <span class='ocrx_word' id='word_1_3' title='bbox 1239 321 1243 334; x_wconf 71' lang='grc'><strong>’</strong></span> 
     </span>
    </p>
   </div>
   <div class='ocr_carea' id='block_1_2' title="bbox 300 527 1672 796">
    <p class='ocr_par' dir='ltr' id='par_1_2' title="bbox 300 527 1672 796">
     <span class='ocr_line' id='line_1_2' title="bbox 302 527 1672 612; baseline -0.008 -12"><span class='ocrx_word' id='word_1_4' title='bbox 302 557 353 600; x_wconf 86' lang='lat' dir='ltr'><strong>ses</strong></span> <span class='ocrx_word' id='word_1_5' title='bbox 376 536 610 612; x_wconf 76' lang='lat' dir='ltr'><strong>astronomicas,</strong></span> <span class='ocrx_word' id='word_1_6' title='bbox 642 535 699 609; x_wconf 86' lang='lat' dir='ltr'><strong>ait,</strong></span> <span class='ocrx_word' id='word_1_7' title='bbox 737 552 807 596; x_wconf 81' lang='lat' dir='ltr'><strong>esse</strong></span> <span class='ocrx_word' id='word_1_8' title='bbox 836 532 968 596; x_wconf 74' lang='lat' dir='ltr'><strong>eiiotsm</strong></span> <span class='ocrx_word' id='word_1_9' title='bbox 992 530 1225 594; x_wconf 68' lang='lat' dir='ltr'><strong>delineationem</strong></span> <span class='ocrx_word' id='word_1_10' title='bbox 1258 527 1454 608; x_wconf 74' lang='lat' dir='ltr'><strong>imaginariae</strong></span> <span class='ocrx_word' id='word_1_11' title='bbox 1482 545 1541 589; x_wconf 83' lang='lat' dir='ltr'><strong>uon</strong></span> <span class='ocrx_word' id='word_1_12' title='bbox 1570 542 1672 589; x_wconf 80' lang='lat' dir='ltr'><strong>verae</strong></span> 
     </span>
     <span class='ocr_line' id='line_1_3' title="bbox 302 615 1671 706; baseline -0.009 -18"><span class='ocrx_word' id='word_1_13' title='bbox 302 634 335 688; x_wconf 91' lang='lat' dir='ltr'><strong>et</strong></span> <span class='ocrx_word' id='word_1_14' title='bbox 356 626 503 706; x_wconf 81' lang='lat' dir='ltr'><strong>genuinae</strong></span> <span class='ocrx_word' id='word_1_15' title='bbox 531 627 644 688; x_wconf 73' lang='lat' dir='ltr'><strong>immae</strong></span> <span class='ocrx_word' id='word_1_16' title='bbox 666 622 844 705; x_wconf 84' lang='lat' dir='ltr'><strong>systematis</strong></span> <span class='ocrx_word' id='word_1_17' title='bbox 866 621 1020 683; x_wconf 83' lang='lat' dir='ltr'><strong>mundani.</strong></span> <span class='ocrx_word' id='word_1_18' title='bbox 1068 617 1185 690; x_wconf 80' lang='lat' dir='ltr'><strong>Quibus</strong></span> <span class='ocrx_word' id='word_1_19' title='bbox 1219 618 1319 680; x_wconf 73' lang='lat' dir='ltr'><strong>verbis</strong></span> <span class='ocrx_word' id='word_1_20' title='bbox 1350 625 1455 697; x_wconf 80' lang='lat' dir='ltr'><strong>aperte</strong></span> <span class='ocrx_word' id='word_1_21' title='bbox 1482 623 1576 694; x_wconf 74' lang='lat' dir='ltr'><strong>negat</strong></span> <span class='ocrx_word' id='word_1_22' title='bbox 1605 615 1671 695; x_wconf 79' lang='lat' dir='ltr'><strong>hy-</strong></span> 
     </span>
     <span class='ocr_line' id='line_1_4' title="bbox 300 703 1671 796; baseline -0.01 -19"><span class='ocrx_word' id='word_1_23' title='bbox 300 714 440 796; x_wconf 81' lang='lat' dir='ltr'><strong>pothesin</strong></span> <span class='ocrx_word' id='word_1_24' title='bbox 465 732 550 782; x_wconf 87' lang='lat' dir='ltr'><strong>esse,</strong></span> <span class='ocrx_word' id='word_1_25' title='bbox 582 732 662 794; x_wconf 90' lang='lat' dir='ltr'><strong>quae</strong></span> <span class='ocrx_word' id='word_1_26' title='bbox 683 730 741 774; x_wconf 89' lang='lat' dir='ltr'><strong>non</strong></span> <span class='ocrx_word' id='word_1_27' title='bbox 766 712 809 774; x_wconf 86' lang='lat' dir='ltr'><strong>sit</strong></span> <span class='ocrx_word' id='word_1_28' title='bbox 830 711 920 773; x_wconf 81' lang='lat' dir='ltr'><strong>falsa.</strong></span> <span class='ocrx_word' id='word_1_29' title='bbox 966 708 1133 772; x_wconf 75' lang='lat' dir='ltr'><strong>Confirmat</strong></span> <span class='ocrx_word' id='word_1_30' title='bbox 1155 709 1233 770; x_wconf 89' lang='lat' dir='ltr'><strong>beuc</strong></span> <span class='ocrx_word' id='word_1_31' title='bbox 1256 726 1343 769; x_wconf 85' lang='lat' dir='ltr'><strong>suem</strong></span> <span class='ocrx_word' id='word_1_32' title='bbox 1364 704 1548 768; x_wconf 77' lang='lat' dir='ltr'><strong>seutentiam</strong></span> <span class='ocrx_word' id='word_1_33' title='bbox 1569 703 1671 785; x_wconf 70' lang='lat' dir='ltr'><strong>putu</strong></span> 
     </span>
    </p>
   </div>
   <div class='ocr_carea' id='block_1_3' title="bbox 302 788 1792 1050">
    <p class='ocr_par' dir='ltr' id='par_1_3' title="bbox 302 779 1792 1060">
     <span class='ocr_line' id='line_1_5' title="bbox 302 788 1672 890; baseline -0.009 -25"><span class='ocrx_word' id='word_1_34' title='bbox 302 811 386 885; x_wconf 88' lang='lat' dir='ltr'><strong>post,</strong></span> <span class='ocrx_word' id='word_1_35' title='bbox 409 802 465 864; x_wconf 85' lang='lat' dir='ltr'><strong>obi</strong></span> <span class='ocrx_word' id='word_1_36' title='bbox 490 803 546 877; x_wconf 86' lang='lat' dir='ltr'><strong>ait,</strong></span> <span class='ocrx_word' id='word_1_37' title='bbox 577 801 649 863; x_wconf 92' lang='lat' dir='ltr'><strong>nihil</strong></span> <span class='ocrx_word' id='word_1_38' title='bbox 674 801 848 862; x_wconf 85' lang='lat' dir='ltr'><strong>aliudesse</strong></span> <span class='ocrx_word' id='word_1_39' title='bbox 874 799 1074 890; x_wconf 69' lang='lat' dir='ltr'><strong>hypotheses,</strong></span> <span class='ocrx_word' id='word_1_40' title='bbox 1108 816 1199 878; x_wconf 91' lang='lat' dir='ltr'><strong>qoam</strong></span> <span class='ocrx_word' id='word_1_41' title='bbox 1221 805 1392 860; x_wconf 68' lang='lat' dir='ltr'><strong>commenta</strong></span> <span class='ocrx_word' id='word_1_42' title='bbox 1415 795 1572 875; x_wconf 80' lang='lat' dir='ltr'><strong>quaedem.</strong></span> <span class='ocrx_word' id='word_1_43' title='bbox 1624 788 1672 852; x_wconf 78' lang='lat' dir='ltr'><strong>Et</strong></span> 
     </span>
     <span class='ocr_line' id='line_1_6' title="bbox 302 883 1792 970; baseline -0.007 -15"><span class='ocrx_word' id='word_1_44' title='bbox 302 892 425 956; x_wconf 84' lang='lat' dir='ltr'><strong>iuferius</strong></span> <span class='ocrx_word' id='word_1_45' title='bbox 449 892 501 966; x_wconf 87' lang='lat' dir='ltr'><strong>ait,</strong></span> <span class='ocrx_word' id='word_1_46' title='bbox 526 909 586 956; x_wconf 91' lang='lat' dir='ltr'><strong>non</strong></span> <span class='ocrx_word' id='word_1_47' title='bbox 609 891 673 952; x_wconf 84' lang='lat' dir='ltr'><strong>fore</strong></span> <span class='ocrx_word' id='word_1_48' title='bbox 697 890 880 970; x_wconf 84' lang='lat' dir='ltr'><strong>hypotheses</strong></span> <span class='ocrx_word' id='word_1_49' title='bbox 904 889 930 949; x_wconf 89' lang='lat' dir='ltr'><strong>si</strong></span> <span class='ocrx_word' id='word_1_50' title='bbox 955 906 1044 949; x_wconf 81' lang='lat' dir='ltr'><strong>verae</strong></span> <span class='ocrx_word' id='word_1_51' title='bbox 1070 887 1142 947; x_wconf 89' lang='lat' dir='ltr'><strong>sint.</strong></span> <span class='ocrx_word' id='word_1_52' title='bbox 1195 886 1286 947; x_wconf 87' lang='lat' dir='ltr'><strong>item:</strong></span> <span class='ocrx_word' id='word_1_53' title='bbox 1310 884 1463 965; x_wconf 82' lang='lat' dir='ltr'><strong>proprium</strong></span> <span class='ocrx_word' id='word_1_54' title='bbox 1480 902 1549 944; x_wconf 84' lang='lat' dir='ltr'><strong>esse</strong></span> <span class='ocrx_word' id='word_1_55' title='bbox 1563 883 1672 964; x_wconf 84' lang='lat' dir='ltr'><strong>hypo-</strong></span> <span class='ocrx_word' id='word_1_56' title='bbox 1791 929 1792 966; x_wconf 68' lang='lat'><strong>,</strong></span> 
     </span>
     <span class='ocr_line' id='line_1_7' title="bbox 302 967 1672 1050; baseline -0.009 -6"><span class='ocrx_word' id='word_1_57' title='bbox 302 981 450 1050; x_wconf 81' lang='lat' dir='ltr'><strong>thesium,</strong></span> <span class='ocrx_word' id='word_1_58' title='bbox 480 998 518 1042; x_wconf 79' lang='lat' dir='ltr'><strong>ex</strong></span> <span class='ocrx_word' id='word_1_59' title='bbox 542 980 621 1042; x_wconf 84' lang='lat' dir='ltr'><strong>falso</strong></span> <span class='ocrx_word' id='word_1_60' title='bbox 645 997 749 1040; x_wconf 81' lang='lat' dir='ltr'><strong>rerum</strong></span> <span class='ocrx_word' id='word_1_61' title='bbox 773 967 933 1040; x_wconf 70' lang='lat' dir='ltr'><strong>s&#39;oisoitmi.</strong></span> <span class='ocrx_word' id='word_1_62' title='bbox 981 974 1083 1047; x_wconf 79' lang='lat' dir='ltr'><strong>Quare</strong></span> <span class='ocrx_word' id='word_1_63' title='bbox 1113 974 1276 1037; x_wconf 88' lang='lat' dir='ltr'><strong>seeundum</strong></span> <span class='ocrx_word' id='word_1_64' title='bbox 1300 974 1378 1035; x_wconf 79' lang='lat' dir='ltr'><strong>hauc</strong></span> <span class='ocrx_word' id='word_1_65' title='bbox 1401 973 1584 1034; x_wconf 76' lang='lat' dir='ltr'><strong>sententiam</strong></span> <span class='ocrx_word' id='word_1_66' title='bbox 1608 986 1672 1031; x_wconf 89' lang='lat' dir='ltr'><strong>nec</strong></span> 
     </span>
    </p>
   </div>
   <div class='ocr_carea' id='block_1_4' title="bbox 302 1060 1673 1232">
    <p class='ocr_par' dir='ltr' id='par_1_4' title="bbox 302 1060 1673 1232">
     <span class='ocr_line' id='line_1_8' title="bbox 303 1060 1671 1154; baseline -0.011 -22"><span class='ocrx_word' id='word_1_67' title='bbox 303 1070 470 1133; x_wconf 71' lang='lat' dir='ltr'><strong>movebitur</strong></span> <span class='ocrx_word' id='word_1_68' title='bbox 493 1069 590 1134; x_wconf 81' lang='lat' dir='ltr'><strong>Terra</strong></span> <span class='ocrx_word' id='word_1_69' title='bbox 621 1087 676 1129; x_wconf 92' lang='lat' dir='ltr'><strong>uec</strong></span> <span class='ocrx_word' id='word_1_70' title='bbox 700 1068 844 1146; x_wconf 83' lang='lat' dir='ltr'><strong>quiescet</strong></span> <span class='ocrx_word' id='word_1_71' title='bbox 890 1065 1059 1144; x_wconf 78' lang='lat' dir='ltr'><strong>Utramque</strong></span> <span class='ocrx_word' id='word_1_72' title='bbox 1083 1064 1173 1127; x_wconf 85' lang='lat' dir='ltr'><strong>enim·</strong></span> <span class='ocrx_word' id='word_1_73' title='bbox 1186 1062 1368 1144; x_wconf 75' lang='lat' dir='ltr'><strong>hypothesin</strong></span> <span class='ocrx_word' id='word_1_74' title='bbox 1388 1062 1485 1125; x_wconf 85' lang='lat' dir='ltr'><strong>Ursus</strong></span> <span class='ocrx_word' id='word_1_75' title='bbox 1508 1060 1671 1154; x_wconf 72' lang='lat' dir='ltr'><strong>latebiwr.</strong></span> 
     </span>
     <span class='ocr_line' id='line_1_9' title="bbox 302 1149 1673 1232; baseline -0.01 -10"><span class='ocrx_word' id='word_1_76' title='bbox 302 1159 345 1222; x_wconf 84' lang='lat' dir='ltr'><strong>Et</strong></span> <span class='ocrx_word' id='word_1_77' title='bbox 366 1159 448 1222; x_wconf 87' lang='lat' dir='ltr'><strong>mille</strong></span> <span class='ocrx_word' id='word_1_78' title='bbox 472 1158 557 1221; x_wconf 87' lang='lat' dir='ltr'><strong>talis.</strong></span> <span class='ocrx_word' id='word_1_79' title='bbox 605 1155 667 1219; x_wconf 83' lang='lat' dir='ltr'><strong>Sed</strong></span> <span class='ocrx_word' id='word_1_80' title='bbox 692 1156 748 1218; x_wconf 90' lang='lat' dir='ltr'><strong>boo</strong></span> <span class='ocrx_word' id='word_1_81' title='bbox 772 1162 939 1217; x_wconf 88' lang='lat' dir='ltr'><strong>monstrum</strong></span> <span class='ocrx_word' id='word_1_82' title='bbox 963 1153 1144 1216; x_wconf 81' lang='lat' dir='ltr'><strong>delinitionis</strong></span> <span class='ocrx_word' id='word_1_83' title='bbox 1169 1153 1235 1232; x_wconf 87' lang='lat' dir='ltr'><strong>jam</strong></span> <span class='ocrx_word' id='word_1_84' title='bbox 1258 1149 1450 1214; x_wconf 75' lang='lat' dir='ltr'><strong>auteasatis</strong></span> <span class='ocrx_word' id='word_1_85' title='bbox 1473 1157 1521 1210; x_wconf 85' lang='lat' dir='ltr'><strong>est</strong></span> <span class='ocrx_word' id='word_1_86' title='bbox 1544 1149 1673 1210; x_wconf 76' lang='lat' dir='ltr'><strong>reluta-</strong></span> 
     </span>
    </p>
   </div>
   <div class='ocr_carea' id='block_1_5' title="bbox 302 1237 1792 1325">
    <p class='ocr_par' dir='ltr' id='par_1_5' title="bbox 302 1237 1792 1325">
     <span class='ocr_line' id='line_1_10' title="bbox 302 1237 1792 1325; baseline -0.009 -15"><span class='ocrx_word' id='word_1_87' title='bbox 302 1253 366 1310; x_wconf 89' lang='lat' dir='ltr'><strong>tum</strong></span> <span class='ocrx_word' id='word_1_88' title='bbox 398 1266 453 1310; x_wconf 92' lang='lat' dir='ltr'><strong>neo</strong></span> <span class='ocrx_word' id='word_1_89' title='bbox 475 1246 579 1308; x_wconf 84' lang='lat' dir='ltr'><strong>verbis</strong></span> <span class='ocrx_word' id='word_1_90' title='bbox 603 1247 725 1325; x_wconf 82' lang='lat' dir='ltr'><strong>dignum</strong></span> <span class='ocrx_word' id='word_1_91' title='bbox 749 1253 806 1306; x_wconf 87' lang='lat' dir='ltr'><strong>est.</strong></span> <span class='ocrx_word' id='word_1_92' title='bbox 854 1244 934 1305; x_wconf 84' lang='lat' dir='ltr'><strong>Tota</strong></span> <span class='ocrx_word' id='word_1_93' title='bbox 956 1243 1051 1304; x_wconf 85' lang='lat' dir='ltr'><strong>series</strong></span> <span class='ocrx_word' id='word_1_94' title='bbox 1071 1260 1205 1304; x_wconf 86' lang='lat' dir='ltr'><strong>errorum</strong></span> <span class='ocrx_word' id='word_1_95' title='bbox 1228 1251 1277 1304; x_wconf 87' lang='lat' dir='ltr'><strong>ost</strong></span> <span class='ocrx_word' id='word_1_96' title='bbox 1298 1260 1338 1302; x_wconf 81' lang='lat' dir='ltr'><strong>ex</strong></span> <span class='ocrx_word' id='word_1_97' title='bbox 1361 1239 1485 1301; x_wconf 87' lang='lat' dir='ltr'><strong>sinistro</strong></span> <span class='ocrx_word' id='word_1_98' title='bbox 1508 1237 1673 1299; x_wconf 87' lang='lat' dir='ltr'><strong>intellectu</strong></span> <span class='ocrx_word' id='word_1_99' title='bbox 1791 1279 1792 1282; x_wconf 63' lang='lat'><strong>,</strong></span> 
     </span>
    </p>
   </div>
   <div class='ocr_carea' id='block_1_6' title="bbox 304 1328 1674 1505">
    <p class='ocr_par' dir='ltr' id='par_1_6' title="bbox 304 1328 1674 1505">
     <span class='ocr_line' id='line_1_11' title="bbox 305 1328 1674 1421; baseline -0.009 -21"><span class='ocrx_word' id='word_1_100' title='bbox 305 1337 414 1421; x_wconf 84' lang='lat' dir='ltr'><strong>etymi:</strong></span> <span class='ocrx_word' id='word_1_101' title='bbox 440 1331 658 1407; x_wconf 64' lang='lat' dir='ltr'><strong>trecenos,</strong></span> <span class='ocrx_word' id='word_1_102' title='bbox 691 1334 771 1413; x_wconf 80' lang='lat' dir='ltr'><strong>quud</strong></span> <span class='ocrx_word' id='word_1_103' title='bbox 794 1333 873 1396; x_wconf 85' lang='lat' dir='ltr'><strong>Urso</strong></span> <span class='ocrx_word' id='word_1_104' title='bbox 892 1332 1011 1394; x_wconf 86' lang='lat' dir='ltr'><strong>videtur</strong></span> <span class='ocrx_word' id='word_1_105' title='bbox 1040 1332 1120 1394; x_wconf 89' lang='lat' dir='ltr'><strong>idem</strong></span> <span class='ocrx_word' id='word_1_106' title='bbox 1142 1330 1313 1410; x_wconf 87' lang='lat' dir='ltr'><strong>essequod</strong></span> <span class='ocrx_word' id='word_1_107' title='bbox 1337 1330 1458 1408; x_wconf 80' lang='lat' dir='ltr'><strong>lingere.</strong></span> <span class='ocrx_word' id='word_1_108' title='bbox 1505 1328 1552 1389; x_wconf 79' lang='lat' dir='ltr'><strong>At</strong></span> <span class='ocrx_word' id='word_1_109' title='bbox 1573 1343 1674 1406; x_wconf 81' lang='lat' dir='ltr'><strong>supra</strong></span> 
     </span>
     <span class='ocr_line' id='line_1_12' title="bbox 304 1420 1207 1505; baseline -0.01 -15"><span class='ocrx_word' id='word_1_110' title='bbox 304 1427 443 1501; x_wconf 81' lang='lat' dir='ltr'><strong>diximus,</strong></span> <span class='ocrx_word' id='word_1_111' title='bbox 468 1425 535 1505; x_wconf 77' lang='lat' dir='ltr'><strong>quis</strong></span> <span class='ocrx_word' id='word_1_112' title='bbox 559 1426 626 1504; x_wconf 86' lang='lat' dir='ltr'><strong>ejus</strong></span> <span class='ocrx_word' id='word_1_113' title='bbox 647 1423 688 1486; x_wconf 88' lang='lat' dir='ltr'><strong>sit</strong></span> <span class='ocrx_word' id='word_1_114' title='bbox 711 1422 899 1502; x_wconf 72' lang='lat' dir='ltr'><strong>significatus</strong></span> <span class='ocrx_word' id='word_1_115' title='bbox 924 1420 1003 1501; x_wconf 85' lang='lat' dir='ltr'><strong>apud</strong></span> <span class='ocrx_word' id='word_1_116' title='bbox 1026 1428 1207 1500; x_wconf 80' lang='lat' dir='ltr'><strong>geometras.</strong></span> 
     </span>
    </p>
   </div>
   <div class='ocr_carea' id='block_1_7' title="bbox 303 1503 1792 1681">
    <p class='ocr_par' dir='ltr' id='par_1_7' title="bbox 303 1503 1792 1681">
     <span class='ocr_line' id='line_1_13' title="bbox 392 1503 1792 1594; baseline -0.006 -19"><span class='ocrx_word' id='word_1_117' title='bbox 392 1513 510 1576; x_wconf 87' lang='lat' dir='ltr'><strong>Deinde</strong></span> <span class='ocrx_word' id='word_1_118' title='bbox 534 1513 727 1594; x_wconf 84' lang='lat' dir='ltr'><strong>hypotheses,</strong></span> <span class='ocrx_word' id='word_1_119' title='bbox 748 1512 801 1584; x_wconf 83' lang='lat' dir='ltr'><strong>ait,</strong></span> <span class='ocrx_word' id='word_1_120' title='bbox 824 1510 953 1590; x_wconf 77' lang='lat' dir='ltr'><strong>confingi</strong></span> <span class='ocrx_word' id='word_1_121' title='bbox 977 1510 1015 1571; x_wconf 86' lang='lat' dir='ltr'><strong>ad</strong></span> <span class='ocrx_word' id='word_1_122' title='bbox 1036 1509 1242 1571; x_wconf 80' lang='lat' dir='ltr'><strong>observandos</strong></span> <span class='ocrx_word' id='word_1_123' title='bbox 1261 1515 1358 1568; x_wconf 88' lang='lat' dir='ltr'><strong>motus</strong></span> <span class='ocrx_word' id='word_1_124' title='bbox 1373 1506 1532 1570; x_wconf 83' lang='lat' dir='ltr'><strong>coelestes.</strong></span> <span class='ocrx_word' id='word_1_125' title='bbox 1578 1503 1671 1564; x_wconf 82' lang='lat' dir='ltr'><strong>Haec</strong></span> <span class='ocrx_word' id='word_1_126' title='bbox 1791 1559 1792 1566; x_wconf 71' lang='grc'>,</span> 
     </span>
     <span class='ocr_line' id='line_1_14' title="bbox 303 1593 1792 1681; baseline -0.009 -15"><span class='ocrx_word' id='word_1_127' title='bbox 303 1603 457 1666; x_wconf 74' lang='lat' dir='ltr'><strong>sententie</strong></span> <span class='ocrx_word' id='word_1_128' title='bbox 480 1602 662 1663; x_wconf 85' lang='lat' dir='ltr'><strong>ediametro</strong></span> <span class='ocrx_word' id='word_1_129' title='bbox 675 1608 790 1681; x_wconf 84' lang='lat' dir='ltr'><strong>pugnat</strong></span> <span class='ocrx_word' id='word_1_130' title='bbox 812 1618 879 1662; x_wconf 89' lang='lat' dir='ltr'><strong>cnm</strong></span> <span class='ocrx_word' id='word_1_131' title='bbox 911 1598 1051 1660; x_wconf 70' lang='lat' dir='ltr'><strong>veritam.</strong></span> <span class='ocrx_word' id='word_1_132' title='bbox 1098 1598 1201 1659; x_wconf 85' lang='lat' dir='ltr'><strong>hictus</strong></span> <span class='ocrx_word' id='word_1_133' title='bbox 1233 1595 1382 1658; x_wconf 73' lang='lat' dir='ltr'><strong>coutentes</strong></span> <span class='ocrx_word' id='word_1_134' title='bbox 1407 1593 1570 1656; x_wconf 74' lang='lat' dir='ltr'><strong>obseruare</strong></span> <span class='ocrx_word' id='word_1_135' title='bbox 1589 1611 1671 1672; x_wconf 82' lang='lat' dir='ltr'><strong>pos-</strong></span> <span class='ocrx_word' id='word_1_136' title='bbox 1791 1635 1792 1638; x_wconf 63' lang='lat'><strong>,</strong></span> 
     </span>
    </p>
   </div>
   <div class='ocr_carea' id='block_1_8' title="bbox 304 1677 1671 1769">
    <p class='ocr_par' dir='ltr' id='par_1_8' title="bbox 304 1677 1671 1769">
     <span class='ocr_line' id='line_1_15' title="bbox 304 1677 1671 1769; baseline -0.01 -13"><span class='ocrx_word' id='word_1_137' title='bbox 304 1711 425 1765; x_wconf 86' lang='lat' dir='ltr'><strong>sumus,</strong></span> <span class='ocrx_word' id='word_1_138' title='bbox 458 1690 543 1752; x_wconf 87' lang='lat' dir='ltr'><strong>nulla</strong></span> <span class='ocrx_word' id='word_1_139' title='bbox 573 1691 663 1769; x_wconf 87' lang='lat' dir='ltr'><strong>plane</strong></span> <span class='ocrx_word' id='word_1_140' title='bbox 695 1689 802 1752; x_wconf 81' lang='lat' dir='ltr'><strong>imbuti</strong></span> <span class='ocrx_word' id='word_1_141' title='bbox 825 1688 963 1768; x_wconf 89' lang='lat' dir='ltr'><strong>opinione</strong></span> <span class='ocrx_word' id='word_1_142' title='bbox 993 1688 1083 1748; x_wconf 86' lang='lat' dir='ltr'><strong>ullius</strong></span> <span class='ocrx_word' id='word_1_143' title='bbox 1107 1677 1315 1765; x_wconf 81' lang='lat' dir='ltr'><strong>dispositionis</strong></span> <span class='ocrx_word' id='word_1_144' title='bbox 1338 1683 1498 1745; x_wconf 86' lang='lat' dir='ltr'><strong>coelorum.</strong></span> <span class='ocrx_word' id='word_1_145' title='bbox 1543 1679 1671 1743; x_wconf 63' lang='lat' dir='ltr'><strong>Eteufn</strong></span> 
     </span>
    </p>
   </div>
   <div class='ocr_carea' id='block_1_9' title="bbox 305 1769 1792 1854">
    <p class='ocr_par' dir='ltr' id='par_1_9' title="bbox 305 1769 1792 1854">
     <span class='ocr_line' id='line_1_16' title="bbox 305 1769 1792 1854; baseline -0.014 -11"><span class='ocrx_word' id='word_1_146' title='bbox 305 1779 479 1843; x_wconf 82' lang='lat' dir='ltr'><strong>observatio</strong></span> <span class='ocrx_word' id='word_1_147' title='bbox 504 1787 636 1840; x_wconf 86' lang='lat' dir='ltr'><strong>motuum</strong></span> <span class='ocrx_word' id='word_1_148' title='bbox 659 1776 836 1839; x_wconf 88' lang='lat' dir='ltr'><strong>coelestium</strong></span> <span class='ocrx_word' id='word_1_149' title='bbox 864 1785 1054 1838; x_wconf 83' lang='lat' dir='ltr'><strong>astronomos</strong></span> <span class='ocrx_word' id='word_1_150' title='bbox 1077 1776 1242 1837; x_wconf 83' lang='lat' dir='ltr'><strong>manducat</strong></span> <span class='ocrx_word' id='word_1_151' title='bbox 1264 1774 1302 1834; x_wconf 80' lang='lat' dir='ltr'><strong>ad</strong></span> <span class='ocrx_word' id='word_1_152' title='bbox 1326 1772 1510 1854; x_wconf 74' lang='lat' dir='ltr'><strong>hypotheses</strong></span> <span class='ocrx_word' id='word_1_153' title='bbox 1533 1769 1671 1850; x_wconf 67' lang='lat' dir='ltr'><strong>legis-e</strong></span> <span class='ocrx_word' id='word_1_154' title='bbox 1791 1791 1792 1822; x_wconf 75' lang='lat' dir='ltr'><strong>i</strong></span> 
     </span>
    </p>
   </div>
   <div class='ocr_carea' id='block_1_10' title="bbox 231 1858 1671 2213">
    <p class='ocr_par' dir='ltr' id='par_1_10' title="bbox 231 1858 1671 2213">
     <span class='ocr_line' id='line_1_17' title="bbox 305 1858 1671 1941; baseline -0.01 -9"><span class='ocrx_word' id='word_1_155' title='bbox 305 1866 545 1941; x_wconf 82' lang='lat' dir='ltr'><strong>constituendus,</strong></span> <span class='ocrx_word' id='word_1_156' title='bbox 570 1885 628 1927; x_wconf 88' lang='lat' dir='ltr'><strong>oon</strong></span> <span class='ocrx_word' id='word_1_157' title='bbox 644 1886 659 1928; x_wconf 90' lang='lat' dir='ltr'><strong>e</strong></span> <span class='ocrx_word' id='word_1_158' title='bbox 675 1866 837 1928; x_wconf 87' lang='lat' dir='ltr'><strong>contrario.</strong></span> <span class='ocrx_word' id='word_1_159' title='bbox 884 1862 973 1935; x_wconf 84' lang='lat' dir='ltr'><strong>Quod</strong></span> <span class='ocrx_word' id='word_1_160' title='bbox 997 1864 1075 1926; x_wconf 91' lang='lat' dir='ltr'><strong>euim</strong></span> <span class='ocrx_word' id='word_1_161' title='bbox 1099 1863 1233 1925; x_wconf 87' lang='lat' dir='ltr'><strong>inomni</strong></span> <span class='ocrx_word' id='word_1_162' title='bbox 1247 1861 1418 1941; x_wconf 77' lang='lat' dir='ltr'><strong>cognitione</strong></span> <span class='ocrx_word' id='word_1_163' title='bbox 1442 1861 1484 1935; x_wconf 73' lang='lat' dir='ltr'><strong>tt,</strong></span> <span class='ocrx_word' id='word_1_164' title='bbox 1509 1869 1545 1923; x_wconf 87' lang='lat' dir='ltr'><strong>nt</strong></span> <span class='ocrx_word' id='word_1_165' title='bbox 1567 1859 1607 1920; x_wconf 88' lang='lat' dir='ltr'><strong>ab</strong></span> <span class='ocrx_word' id='word_1_166' title='bbox 1631 1858 1671 1919; x_wconf 82' lang='lat' dir='ltr'><strong>iis</strong></span> 
     </span>
     <span class='ocr_line' id='line_1_18' title="bbox 298 1948 1669 2039; baseline -0.008 -19"><span class='ocrx_word' id='word_1_167' title='bbox 298 1975 385 2039; x_wconf 71' lang='lat' dir='ltr'><strong>onae</strong></span> <span class='ocrx_word' id='word_1_168' title='bbox 406 1957 438 2019; x_wconf 91' lang='lat' dir='ltr'><strong>iu</strong></span> <span class='ocrx_word' id='word_1_169' title='bbox 461 1973 568 2018; x_wconf 75' lang='lat' dir='ltr'><strong>sensim</strong></span> <span class='ocrx_word' id='word_1_170' title='bbox 598 1955 752 2017; x_wconf 86' lang='lat' dir='ltr'><strong>incurrunt</strong></span> <span class='ocrx_word' id='word_1_171' title='bbox 782 1953 896 2028; x_wconf 79' lang='lat' dir='ltr'><strong>exorsi,</strong></span> <span class='ocrx_word' id='word_1_172' title='bbox 931 1954 1041 2015; x_wconf 88' lang='lat' dir='ltr'><strong>ruentis</strong></span> <span class='ocrx_word' id='word_1_173' title='bbox 1065 1953 1232 2033; x_wconf 74' lang='lat' dir='ltr'><strong>agitatione</strong></span> <span class='ocrx_word' id='word_1_174' title='bbox 1259 1950 1460 2032; x_wconf 76' lang='lat' dir='ltr'><strong>proodssmur</strong></span> <span class='ocrx_word' id='word_1_175' title='bbox 1483 1949 1522 2011; x_wconf 86' lang='lat' dir='ltr'><strong>ad</strong></span> <span class='ocrx_word' id='word_1_176' title='bbox 1545 1948 1669 2020; x_wconf 65' lang='lat' dir='ltr'><strong>altiora</strong></span> 
     </span>
     <span class='ocr_line' id='line_1_19' title="bbox 307 2036 1671 2127; baseline -0.007 -20"><span class='ocrx_word' id='word_1_177' title='bbox 307 2065 384 2127; x_wconf 78' lang='lat' dir='ltr'><strong>quae</strong></span> <span class='ocrx_word' id='word_1_178' title='bbox 412 2046 494 2108; x_wconf 88' lang='lat' dir='ltr'><strong>nullo</strong></span> <span class='ocrx_word' id='word_1_179' title='bbox 522 2063 629 2106; x_wconf 89' lang='lat' dir='ltr'><strong>sensus</strong></span> <span class='ocrx_word' id='word_1_180' title='bbox 662 2043 798 2106; x_wconf 87' lang='lat' dir='ltr'><strong>acumine</strong></span> <span class='ocrx_word' id='word_1_181' title='bbox 830 2042 1044 2122; x_wconf 63' lang='lat' dir='ltr'><strong>comprehensi</strong></span> <span class='ocrx_word' id='word_1_182' title='bbox 1075 2050 1200 2121; x_wconf 86' lang='lat' dir='ltr'><strong>queunt,</strong></span> <span class='ocrx_word' id='word_1_183' title='bbox 1233 2041 1313 2102; x_wconf 84' lang='lat' dir='ltr'><strong>idem</strong></span> <span class='ocrx_word' id='word_1_184' title='bbox 1345 2047 1377 2100; x_wconf 88' lang='lat' dir='ltr'><strong>et</strong></span> <span class='ocrx_word' id='word_1_185' title='bbox 1407 2038 1438 2100; x_wconf 91' lang='lat' dir='ltr'><strong>in</strong></span> <span class='ocrx_word' id='word_1_186' title='bbox 1465 2036 1671 2116; x_wconf 68' lang='lat' dir='ltr'><strong>ammomum</strong></span> 
     </span>
     <span class='ocr_line' id='line_1_20' title="bbox 231 2128 1670 2213; baseline -0.007 -17"><span class='ocrx_word' id='word_1_187' title='bbox 231 2158 240 2178; x_wconf 72' lang='lat'><strong>,</strong></span> <span class='ocrx_word' id='word_1_188' title='bbox 307 2135 428 2213; x_wconf 79' lang='lat' dir='ltr'><strong>negotio</strong></span> <span class='ocrx_word' id='word_1_189' title='bbox 451 2134 548 2195; x_wconf 90' lang='lat' dir='ltr'><strong>locum</strong></span> <span class='ocrx_word' id='word_1_190' title='bbox 572 2132 677 2206; x_wconf 86' lang='lat' dir='ltr'><strong>hebet,</strong></span> <span class='ocrx_word' id='word_1_191' title='bbox 712 2132 761 2194; x_wconf 88' lang='lat' dir='ltr'><strong>ubi</strong></span> <span class='ocrx_word' id='word_1_192' title='bbox 783 2132 911 2211; x_wconf 82' lang='lat' dir='ltr'><strong>primum</strong></span> <span class='ocrx_word' id='word_1_193' title='bbox 938 2131 1040 2193; x_wconf 84' lang='lat' dir='ltr'><strong>varios</strong></span> <span class='ocrx_word' id='word_1_194' title='bbox 1070 2128 1263 2210; x_wconf 79' lang='lat' dir='ltr'><strong>planetarum</strong></span> <span class='ocrx_word' id='word_1_195' title='bbox 1291 2129 1368 2191; x_wconf 85' lang='lat' dir='ltr'><strong>situs</strong></span> <span class='ocrx_word' id='word_1_196' title='bbox 1396 2128 1524 2189; x_wconf 60' lang='lat' dir='ltr'><strong>&amp;versis</strong></span> <span class='ocrx_word' id='word_1_197' title='bbox 1546 2134 1670 2206; x_wconf 80' lang='lat' dir='ltr'><strong>tenpo-</strong></span> 
     </span>
    </p>
   </div>
   <div class='ocr_carea' id='block_1_11' title="bbox 176 2216 1671 2300">
    <p class='ocr_par' dir='ltr' id='par_1_11' title="bbox 176 2216 1671 2300">
     <span class='ocr_line' id='line_1_21' title="bbox 176 2216 1671 2300; baseline -0.005 -15"><span class='ocrx_word' id='word_1_198' title='bbox 176 2239 180 2254; x_wconf 59' lang='lat'>‘</span> <span class='ocrx_word' id='word_1_199' title='bbox 307 2222 388 2286; x_wconf 85' lang='lat' dir='ltr'><strong>ribus</strong></span> <span class='ocrx_word' id='word_1_200' title='bbox 413 2223 506 2284; x_wconf 90' lang='lat' dir='ltr'><strong>oculis</strong></span> <span class='ocrx_word' id='word_1_201' title='bbox 530 2229 683 2296; x_wconf 85' lang='lat' dir='ltr'><strong>notamus,</strong></span> <span class='ocrx_word' id='word_1_202' title='bbox 714 2220 820 2300; x_wconf 87' lang='lat' dir='ltr'><strong>quibus</strong></span> <span class='ocrx_word' id='word_1_203' title='bbox 844 2219 1105 2281; x_wconf 84' lang='lat' dir='ltr'><strong>observationibus</strong></span> <span class='ocrx_word' id='word_1_204' title='bbox 1129 2219 1323 2280; x_wconf 69' lang='lat' dir='ltr'><strong>rathciuatis</strong></span> <span class='ocrx_word' id='word_1_205' title='bbox 1344 2216 1557 2296; x_wconf 77' lang='lat' dir='ltr'><strong>superveniens</strong></span> <span class='ocrx_word' id='word_1_206' title='bbox 1581 2232 1671 2277; x_wconf 75' lang='lat' dir='ltr'><strong>meu—</strong></span> 
     </span>
    </p>
   </div>
   <div class='ocr_carea' id='block_1_12' title="bbox 306 2303 1671 2570">
    <p class='ocr_par' dir='ltr' id='par_1_12' title="bbox 306 2303 1671 2570">
     <span class='ocr_line' id='line_1_22' title="bbox 306 2303 1670 2390; baseline -0.005 -16"><span class='ocrx_word' id='word_1_207' title='bbox 306 2319 368 2374; x_wconf 86' lang='lat' dir='ltr'><strong>tem</strong></span> <span class='ocrx_word' id='word_1_208' title='bbox 391 2311 420 2374; x_wconf 89' lang='lat' dir='ltr'><strong>io</strong></span> <span class='ocrx_word' id='word_1_209' title='bbox 444 2310 645 2390; x_wconf 73' lang='lat' dir='ltr'><strong>cognitionem</strong></span> <span class='ocrx_word' id='word_1_210' title='bbox 670 2311 784 2372; x_wconf 78' lang='lat' dir='ltr'><strong>formae</strong></span> <span class='ocrx_word' id='word_1_211' title='bbox 807 2308 976 2372; x_wconf 80' lang='lat' dir='ltr'><strong>mundanae</strong></span> <span class='ocrx_word' id='word_1_212' title='bbox 1001 2308 1138 2382; x_wconf 84' lang='lat' dir='ltr'><strong>deduoit,</strong></span> <span class='ocrx_word' id='word_1_213' title='bbox 1166 2308 1251 2387; x_wconf 79' lang='lat' dir='ltr'><strong>eujus</strong></span> <span class='ocrx_word' id='word_1_214' title='bbox 1267 2305 1386 2388; x_wconf 76' lang='lat' dir='ltr'><strong>quiden</strong></span> <span class='ocrx_word' id='word_1_215' title='bbox 1410 2307 1523 2368; x_wconf 80' lang='lat' dir='ltr'><strong>formae</strong></span> <span class='ocrx_word' id='word_1_216' title='bbox 1537 2303 1670 2367; x_wconf 50' lang='lat' dir='ltr'><strong>mue*</strong></span> 
     </span>
     <span class='ocr_line' id='line_1_23' title="bbox 307 2393 1671 2478; baseline -0.006 -14"><span class='ocrx_word' id='word_1_217' title='bbox 307 2420 365 2465; x_wconf 84' lang='lat' dir='ltr'><strong>nae</strong></span> <span class='ocrx_word' id='word_1_218' title='bbox 388 2400 431 2462; x_wconf 90' lang='lat' dir='ltr'><strong>sic</strong></span> <span class='ocrx_word' id='word_1_219' title='bbox 453 2418 493 2460; x_wconf 77' lang='lat' dir='ltr'><strong>ex</strong></span> <span class='ocrx_word' id='word_1_220' title='bbox 516 2398 777 2461; x_wconf 76' lang='lat' dir='ltr'><strong>observationibus</strong></span> <span class='ocrx_word' id='word_1_221' title='bbox 800 2398 960 2459; x_wconf 85' lang='lat' dir='ltr'><strong>conclusae</strong></span> <span class='ocrx_word' id='word_1_222' title='bbox 985 2396 1153 2459; x_wconf 77' lang='lat' dir='ltr'><strong>delineatio</strong></span> <span class='ocrx_word' id='word_1_223' title='bbox 1166 2395 1377 2478; x_wconf 80' lang='lat' dir='ltr'><strong>hypothesium</strong></span> <span class='ocrx_word' id='word_1_224' title='bbox 1401 2393 1671 2457; x_wconf 64' lang='lat' dir='ltr'><strong>astronomicarum</strong></span> 
     </span>
     <span class='ocr_line' id='line_1_24' title="bbox 307 2486 1624 2570; baseline -0.006 -19"><span class='ocrx_word' id='word_1_225' title='bbox 307 2489 501 2570; x_wconf 84' lang='lat' dir='ltr'><strong>postmodum</strong></span> <span class='ocrx_word' id='word_1_226' title='bbox 521 2506 627 2550; x_wconf 86' lang='lat' dir='ltr'><strong>nomen</strong></span> <span class='ocrx_word' id='word_1_227' title='bbox 652 2486 840 2567; x_wconf 87' lang='lat' dir='ltr'><strong>adipiscitur.</strong></span> <span class='ocrx_word' id='word_1_228' title='bbox 1618 2493 1624 2512; x_wconf 74' lang='lat'><strong><em>⁹</em></strong></span> 
     </span>
    </p>
   </div>
   <div class='ocr_carea' id='block_1_13' title="bbox 308 2572 1792 3012">
    <p class='ocr_par' dir='ltr' id='par_1_13' title="bbox 308 2572 1792 3012">
     <span class='ocr_line' id='line_1_25' title="bbox 393 2572 1792 2648; baseline -0.004 -9"><span class='ocrx_word' id='word_1_229' title='bbox 393 2577 496 2639; x_wconf 82' lang='lat' dir='ltr'><strong>Tertio</strong></span> <span class='ocrx_word' id='word_1_230' title='bbox 529 2585 717 2640; x_wconf 87' lang='lat' dir='ltr'><strong>astronomos</strong></span> <span class='ocrx_word' id='word_1_231' title='bbox 750 2576 779 2637; x_wconf 94' lang='lat' dir='ltr'><strong>iu</strong></span> <span class='ocrx_word' id='word_1_232' title='bbox 808 2574 841 2636; x_wconf 91' lang='lat' dir='ltr'><strong>id</strong></span> <span class='ocrx_word' id='word_1_233' title='bbox 868 2576 979 2636; x_wconf 90' lang='lat' dir='ltr'><strong>saltem</strong></span> <span class='ocrx_word' id='word_1_234' title='bbox 1010 2574 1167 2636; x_wconf 79' lang='lat' dir='ltr'><strong>elaborare</strong></span> <span class='ocrx_word' id='word_1_235' title='bbox 1198 2572 1278 2646; x_wconf 79' lang='lat' dir='ltr'><strong>velt,</strong></span> <span class='ocrx_word' id='word_1_236' title='bbox 1310 2580 1344 2633; x_wconf 77' lang='lat' dir='ltr'><strong>uo</strong></span> <span class='ocrx_word' id='word_1_237' title='bbox 1373 2590 1411 2633; x_wconf 81' lang='lat' dir='ltr'><strong>ex</strong></span> <span class='ocrx_word' id='word_1_238' title='bbox 1435 2574 1583 2634; x_wconf 66' lang='lat' dir='ltr'><strong>mumt‘n</strong></span> <span class='ocrx_word' id='word_1_239' title='bbox 1604 2572 1670 2635; x_wconf 76' lang='lat' dir='ltr'><strong>sais</strong></span> <span class='ocrx_word' id='word_1_240' title='bbox 1791 2595 1792 2648; x_wconf 61' lang='lat' dir='ltr'><strong>l</strong></span> 
     </span>
     <span class='ocr_line' id='line_1_26' title="bbox 308 2655 1792 2749; baseline -0.003 -19"><span class='ocrx_word' id='word_1_241' title='bbox 308 2666 526 2749; x_wconf 74' lang='lat' dir='ltr'><strong>hypothesibus</strong></span> <span class='ocrx_word' id='word_1_242' title='bbox 550 2666 698 2728; x_wconf 85' lang='lat' dir='ltr'><strong>rationem</strong></span> <span class='ocrx_word' id='word_1_243' title='bbox 720 2664 850 2727; x_wconf 84' lang='lat' dir='ltr'><strong>reddent</strong></span> <span class='ocrx_word' id='word_1_244' title='bbox 872 2672 1006 2726; x_wconf 86' lang='lat' dir='ltr'><strong>motuum</strong></span> <span class='ocrx_word' id='word_1_245' title='bbox 1025 2663 1201 2724; x_wconf 79' lang='lat' dir='ltr'><strong>coelestium</strong></span> <span class='ocrx_word' id='word_1_246' title='bbox 1224 2662 1427 2740; x_wconf 72' lang='lat' dir='ltr'><strong>docsmtque,</strong></span> <span class='ocrx_word' id='word_1_247' title='bbox 1458 2662 1563 2742; x_wconf 71' lang='lat' dir='ltr'><strong>proles</strong></span> <span class='ocrx_word' id='word_1_248' title='bbox 1584 2661 1669 2724; x_wconf 82' lang='lat' dir='ltr'><strong>intu—</strong></span> <span class='ocrx_word' id='word_1_249' title='bbox 1791 2655 1792 2726; x_wconf 64' lang='lat' dir='ltr'>J</span> 
     </span>
     <span class='ocr_line' id='line_1_27' title="bbox 308 2749 1792 2834; baseline -0.005 -16"><span class='ocrx_word' id='word_1_250' title='bbox 308 2756 352 2818; x_wconf 86' lang='lat' dir='ltr'><strong>ris</strong></span> <span class='ocrx_word' id='word_1_251' title='bbox 384 2754 569 2833; x_wconf 79' lang='lat' dir='ltr'><strong>temporibus</strong></span> <span class='ocrx_word' id='word_1_252' title='bbox 601 2754 768 2834; x_wconf 85' lang='lat' dir='ltr'><strong>apparituri</strong></span> <span class='ocrx_word' id='word_1_253' title='bbox 800 2754 872 2815; x_wconf 88' lang='lat' dir='ltr'><strong>sint.</strong></span> <span class='ocrx_word' id='word_1_254' title='bbox 928 2752 1034 2831; x_wconf 80' lang='lat' dir='ltr'><strong>Neque</strong></span> <span class='ocrx_word' id='word_1_255' title='bbox 1062 2750 1111 2813; x_wconf 88' lang='lat' dir='ltr'><strong>hie</strong></span> <span class='ocrx_word' id='word_1_256' title='bbox 1148 2750 1212 2812; x_wconf 85' lang='lat' dir='ltr'><strong>siue</strong></span> <span class='ocrx_word' id='word_1_257' title='bbox 1245 2749 1422 2831; x_wconf 71' lang='lat' dir='ltr'><strong>exceptione</strong></span> <span class='ocrx_word' id='word_1_258' title='bbox 1450 2767 1552 2811; x_wconf 84' lang='lat' dir='ltr'><strong>verum</strong></span> <span class='ocrx_word' id='word_1_259' title='bbox 1584 2751 1669 2812; x_wconf 82' lang='lat' dir='ltr'><strong>dicit.</strong></span> <span class='ocrx_word' id='word_1_260' title='bbox 1791 2807 1792 2818; x_wconf 71' lang='grc'>,</span> 
     </span>
     <span class='ocr_line' id='line_1_28' title="bbox 309 2831 1792 2922; baseline -0.008 -14"><span class='ocrx_word' id='word_1_261' title='bbox 309 2844 390 2908; x_wconf 82' lang='lat' dir='ltr'><strong>Nam</strong></span> <span class='ocrx_word' id='word_1_262' title='bbox 414 2844 473 2906; x_wconf 85' lang='lat' dir='ltr'><strong>etsi</strong></span> <span class='ocrx_word' id='word_1_263' title='bbox 496 2843 564 2916; x_wconf 88' lang='lat' dir='ltr'><strong>hoo,</strong></span> <span class='ocrx_word' id='word_1_264' title='bbox 588 2843 665 2922; x_wconf 89' lang='lat' dir='ltr'><strong>quod</strong></span> <span class='ocrx_word' id='word_1_265' title='bbox 690 2842 772 2916; x_wconf 87' lang='lat' dir='ltr'><strong>dicit,</strong></span> <span class='ocrx_word' id='word_1_266' title='bbox 798 2841 964 2904; x_wconf 72' lang='lat' dir='ltr'><strong>astronomi</strong></span> <span class='ocrx_word' id='word_1_267' title='bbox 987 2840 1160 2920; x_wconf 76' lang='lat' dir='ltr'><strong>primarium</strong></span> <span class='ocrx_word' id='word_1_268' title='bbox 1184 2847 1233 2901; x_wconf 80' lang='lat' dir='ltr'><strong>est</strong></span> <span class='ocrx_word' id='word_1_269' title='bbox 1251 2839 1390 2913; x_wconf 65' lang='lat' dir='ltr'><strong>officium,</strong></span> <span class='ocrx_word' id='word_1_270' title='bbox 1415 2858 1476 2900; x_wconf 90' lang='lat' dir='ltr'><strong>uon</strong></span> <span class='ocrx_word' id='word_1_271' title='bbox 1497 2848 1546 2900; x_wconf 84' lang='lat' dir='ltr'><strong>est</strong></span> <span class='ocrx_word' id='word_1_272' title='bbox 1567 2848 1671 2910; x_wconf 74' lang='lat' dir='ltr'><strong>tmen</strong></span> <span class='ocrx_word' id='word_1_273' title='bbox 1791 2831 1792 2896; x_wconf 78' lang='lat' dir='ltr'><strong>l</strong></span> 
     </span>
     <span class='ocr_line' id='line_1_29' title="bbox 311 2928 1792 3012; baseline -0.005 -18"><span class='ocrx_word' id='word_1_274' title='bbox 311 2941 504 2996; x_wconf 85' lang='lat' dir='ltr'><strong>astronomus</strong></span> <span class='ocrx_word' id='word_1_275' title='bbox 528 2950 546 2993; x_wconf 87' lang='lat' dir='ltr'><strong>u</strong></span> <span class='ocrx_word' id='word_1_276' title='bbox 570 2941 658 2994; x_wconf 83' lang='lat' dir='ltr'><strong>coetu</strong></span> <span class='ocrx_word' id='word_1_277' title='bbox 681 2931 943 3012; x_wconf 87' lang='lat' dir='ltr'><strong>pbilosophorum,</strong></span> <span class='ocrx_word' id='word_1_278' title='bbox 973 2930 1022 3009; x_wconf 88' lang='lat' dir='ltr'><strong>qui</strong></span> <span class='ocrx_word' id='word_1_279' title='bbox 1046 2928 1083 2990; x_wconf 90' lang='lat' dir='ltr'><strong>de</strong></span> <span class='ocrx_word' id='word_1_280' title='bbox 1107 2947 1205 2992; x_wconf 81' lang='lat' dir='ltr'><strong>rernm</strong></span> <span class='ocrx_word' id='word_1_281' title='bbox 1236 2936 1346 2990; x_wconf 61' lang='lat' dir='ltr'><strong>mura</strong></span> <span class='ocrx_word' id='word_1_282' title='bbox 1368 2935 1530 3008; x_wconf 69' lang='lat' dir='ltr'><strong>querno,</strong></span> <span class='ocrx_word' id='word_1_283' title='bbox 1564 2929 1667 2994; x_wconf 75' lang='lat' dir='ltr'><strong>encle-</strong></span> <span class='ocrx_word' id='word_1_284' title='bbox 1791 2941 1792 2986; x_wconf 78' lang='lat' dir='ltr'><strong>l</strong></span> 
     </span>
    </p>
   </div>
   <div class='ocr_carea' id='block_1_14' title="bbox 237 3016 1672 3722">
    <p class='ocr_par' dir='ltr' id='par_1_14' title="bbox 237 3016 1672 3722">
     <span class='ocr_line' id='line_1_30' title="bbox 311 3016 1671 3100; baseline -0.005 -16"><span class='ocrx_word' id='word_1_285' title='bbox 311 3021 437 3085; x_wconf 88' lang='lat' dir='ltr'><strong>dendus.</strong></span> <span class='ocrx_word' id='word_1_286' title='bbox 485 3021 568 3083; x_wconf 91' lang='lat' dir='ltr'><strong>Bene</strong></span> <span class='ocrx_word' id='word_1_287' title='bbox 594 3020 726 3100; x_wconf 71' lang='lat' dir='ltr'><strong>integitur</strong></span> <span class='ocrx_word' id='word_1_288' title='bbox 749 3019 847 3081; x_wconf 82' lang='lat' dir='ltr'><strong>officio</strong></span> <span class='ocrx_word' id='word_1_289' title='bbox 873 3017 1046 3092; x_wconf 86' lang='lat' dir='ltr'><strong>astronomi,</strong></span> <span class='ocrx_word' id='word_1_290' title='bbox 1072 3016 1122 3097; x_wconf 87' lang='lat' dir='ltr'><strong>qni</strong></span> <span class='ocrx_word' id='word_1_291' title='bbox 1147 3017 1390 3097; x_wconf 72' lang='lat' dir='ltr'><strong>quamproxime</strong></span> <span class='ocrx_word' id='word_1_292' title='bbox 1414 3018 1671 3080; x_wconf 80' lang='lat' dir='ltr'><strong>motusetsitue</strong></span> 
     </span>
     <span class='ocr_line' id='line_1_31' title="bbox 311 3105 1672 3189; baseline -0.002 -17"><span class='ocrx_word' id='word_1_293' title='bbox 311 3110 467 3176; x_wconf 79' lang='lat' dir='ltr'><strong>stellarum</strong></span> <span class='ocrx_word' id='word_1_294' title='bbox 491 3109 657 3189; x_wconf 70' lang='lat' dir='ltr'><strong>praedicit:</strong></span> <span class='ocrx_word' id='word_1_295' title='bbox 682 3108 791 3171; x_wconf 90' lang='lat' dir='ltr'><strong>melius</strong></span> <span class='ocrx_word' id='word_1_296' title='bbox 814 3117 916 3170; x_wconf 84' lang='lat' dir='ltr'><strong>tamen</strong></span> <span class='ocrx_word' id='word_1_297' title='bbox 939 3106 1014 3169; x_wconf 80' lang='lat' dir='ltr'><strong>lucit</strong></span> <span class='ocrx_word' id='word_1_298' title='bbox 1039 3115 1072 3168; x_wconf 88' lang='lat' dir='ltr'><strong>et</strong></span> <span class='ocrx_word' id='word_1_299' title='bbox 1092 3107 1201 3186; x_wconf 77' lang='lat' dir='ltr'><strong>umjori</strong></span> <span class='ocrx_word' id='word_1_300' title='bbox 1225 3106 1315 3168; x_wconf 82' lang='lat' dir='ltr'><strong>lande</strong></span> <span class='ocrx_word' id='word_1_301' title='bbox 1331 3106 1443 3186; x_wconf 74' lang='lat' dir='ltr'><strong>diguus</strong></span> <span class='ocrx_word' id='word_1_302' title='bbox 1460 3106 1596 3180; x_wconf 75' lang='lat' dir='ltr'><strong>habetur,</strong></span> <span class='ocrx_word' id='word_1_303' title='bbox 1621 3105 1672 3188; x_wconf 73' lang='lat' dir='ltr'><strong>uui</strong></span> 
     </span>
     <span class='ocr_line' id='line_1_32' title="bbox 310 3195 1671 3281; baseline -0.003 -21"><span class='ocrx_word' id='word_1_304' title='bbox 310 3207 434 3281; x_wconf 89' lang='lat' dir='ltr'><strong>praeter</strong></span> <span class='ocrx_word' id='word_1_305' title='bbox 463 3198 520 3259; x_wconf 91' lang='lat' dir='ltr'><strong>hoc</strong></span> <span class='ocrx_word' id='word_1_306' title='bbox 551 3197 644 3260; x_wconf 85' lang='lat' dir='ltr'><strong>etiam</strong></span> <span class='ocrx_word' id='word_1_307' title='bbox 668 3217 756 3259; x_wconf 90' lang='lat' dir='ltr'><strong>veras</strong></span> <span class='ocrx_word' id='word_1_308' title='bbox 787 3198 825 3258; x_wconf 91' lang='lat' dir='ltr'><strong>de</strong></span> <span class='ocrx_word' id='word_1_309' title='bbox 853 3196 956 3259; x_wconf 87' lang='lat' dir='ltr'><strong>mundi</strong></span> <span class='ocrx_word' id='word_1_310' title='bbox 984 3197 1080 3258; x_wconf 79' lang='lat' dir='ltr'><strong>forma</strong></span> <span class='ocrx_word' id='word_1_311' title='bbox 1109 3195 1279 3257; x_wconf 70' lang='lat' dir='ltr'><strong>mnaseas</strong></span> <span class='ocrx_word' id='word_1_312' title='bbox 1307 3195 1439 3257; x_wconf 77' lang='lat' dir='ltr'><strong>adhibet.</strong></span> <span class='ocrx_word' id='word_1_313' title='bbox 1486 3195 1543 3257; x_wconf 89' lang='lat' dir='ltr'><strong>Ille</strong></span> <span class='ocrx_word' id='word_1_314' title='bbox 1564 3213 1671 3276; x_wconf 79' lang='lat' dir='ltr'><strong>nempe</strong></span> 
     </span>
     <span class='ocr_line' id='line_1_33' title="bbox 313 3277 1671 3366; baseline 0.001 -20"><span class='ocrx_word' id='word_1_315' title='bbox 313 3306 416 3348; x_wconf 87' lang='lat' dir='ltr'><strong>verum</strong></span> <span class='ocrx_word' id='word_1_316' title='bbox 445 3287 544 3366; x_wconf 85' lang='lat' dir='ltr'><strong>quoad</strong></span> <span class='ocrx_word' id='word_1_317' title='bbox 571 3286 666 3347; x_wconf 82' lang='lat' dir='ltr'><strong>visum</strong></span> <span class='ocrx_word' id='word_1_318' title='bbox 701 3285 868 3348; x_wconf 88' lang='lat' dir='ltr'><strong>concludit:</strong></span> <span class='ocrx_word' id='word_1_319' title='bbox 900 3285 948 3348; x_wconf 90' lang='lat' dir='ltr'><strong>hic</strong></span> <span class='ocrx_word' id='word_1_320' title='bbox 971 3303 1029 3346; x_wconf 89' lang='lat' dir='ltr'><strong>non</strong></span> <span class='ocrx_word' id='word_1_321' title='bbox 1051 3277 1178 3348; x_wconf 85' lang='lat' dir='ltr'><strong>&#39;tautum</strong></span> <span class='ocrx_word' id='word_1_322' title='bbox 1201 3284 1278 3345; x_wconf 75' lang='lat' dir='ltr'><strong>vium</strong></span> <span class='ocrx_word' id='word_1_323' title='bbox 1301 3284 1486 3350; x_wconf 81' lang='lat' dir='ltr'><strong>concludens</strong></span> <span class='ocrx_word' id='word_1_324' title='bbox 1506 3285 1671 3358; x_wconf 57' lang='lat' dir='ltr'><strong>sualua</strong></span> 
     </span>
     <span class='ocr_line' id='line_1_34' title="bbox 237 3372 1672 3453; baseline -0.003 -14"><span class='ocrx_word' id='word_1_325' title='bbox 237 3410 239 3416; x_wconf 83' lang='lat'><em>.</em></span> <span class='ocrx_word' id='word_1_326' title='bbox 313 3375 368 3439; x_wconf 90' lang='lat' dir='ltr'><strong>sed</strong></span> <span class='ocrx_word' id='word_1_327' title='bbox 392 3375 486 3440; x_wconf 89' lang='lat' dir='ltr'><strong>etiam</strong></span> <span class='ocrx_word' id='word_1_328' title='bbox 510 3381 637 3438; x_wconf 75' lang='lat' dir='ltr'><strong>naturae</strong></span> <span class='ocrx_word' id='word_1_329' title='bbox 660 3374 881 3453; x_wconf 82' lang='lat' dir='ltr'><strong>penitissimam</strong></span> <span class='ocrx_word' id='word_1_330' title='bbox 906 3374 1030 3436; x_wconf 84' lang='lat' dir='ltr'><strong>formam</strong></span> <span class='ocrx_word' id='word_1_331' title='bbox 1053 3372 1256 3436; x_wconf 84' lang='lat' dir='ltr'><strong>concludendo</strong></span> <span class='ocrx_word' id='word_1_332' title='bbox 1283 3373 1494 3452; x_wconf 72' lang='lat' dir='ltr'><strong>ampiectitur,</strong></span> <span class='ocrx_word' id='word_1_333' title='bbox 1523 3383 1672 3453; x_wconf 79' lang='lat' dir='ltr'><strong>utsupra</strong></span> 
     </span>
     <span class='ocr_line' id='line_1_35' title="bbox 314 3461 1672 3543; baseline -0.001 -17"><span class='ocrx_word' id='word_1_334' title='bbox 314 3465 371 3527; x_wconf 86' lang='lat' dir='ltr'><strong>fuit</strong></span> <span class='ocrx_word' id='word_1_335' title='bbox 403 3464 596 3543; x_wconf 81' lang='lat' dir='ltr'><strong>explicatum.</strong></span> <span class='ocrx_word' id='word_1_336' title='bbox 649 3464 753 3543; x_wconf 77' lang='lat' dir='ltr'><strong>Neque</strong></span> <span class='ocrx_word' id='word_1_337' title='bbox 783 3464 833 3525; x_wconf 93' lang='lat' dir='ltr'><strong>hic</strong></span> <span class='ocrx_word' id='word_1_338' title='bbox 865 3463 1052 3524; x_wconf 91' lang='lat' dir='ltr'><strong>solummodo</strong></span> <span class='ocrx_word' id='word_1_339' title='bbox 1083 3463 1208 3525; x_wconf 86' lang='lat' dir='ltr'><strong>ideam</strong></span> <span class='ocrx_word' id='word_1_340' title='bbox 1239 3462 1372 3542; x_wconf 76' lang='lat' dir='ltr'><strong>aliquam</strong></span> <span class='ocrx_word' id='word_1_341' title='bbox 1403 3462 1474 3524; x_wconf 94' lang='lat' dir='ltr'><strong>boni</strong></span> <span class='ocrx_word' id='word_1_342' title='bbox 1506 3461 1672 3524; x_wconf 73' lang='lat' dir='ltr'><strong>astronomi</strong></span> 
     </span>
     <span class='ocr_line' id='line_1_36' title="bbox 314 3545 1672 3636; baseline -0.001 -22"><span class='ocrx_word' id='word_1_343' title='bbox 314 3553 468 3628; x_wconf 89' lang='lat' dir='ltr'><strong>describo:</strong></span> <span class='ocrx_word' id='word_1_344' title='bbox 503 3551 642 3636; x_wconf 78' lang='lat' dir='ltr'><strong>exempla</strong></span> <span class='ocrx_word' id='word_1_345' title='bbox 667 3545 840 3633; x_wconf 82' lang='lat' dir='ltr'><strong>suppetunt</strong></span> <span class='ocrx_word' id='word_1_346' title='bbox 886 3553 956 3615; x_wconf 89' lang='lat' dir='ltr'><strong>Nou</strong></span> <span class='ocrx_word' id='word_1_347' title='bbox 989 3553 1047 3614; x_wconf 84' lang='lat' dir='ltr'><strong>luit</strong></span> <span class='ocrx_word' id='word_1_348' title='bbox 1069 3551 1271 3613; x_wconf 87' lang='lat' dir='ltr'><strong>necessarium</strong></span> <span class='ocrx_word' id='word_1_349' title='bbox 1295 3552 1334 3613; x_wconf 85' lang='lat' dir='ltr'><strong>ad</strong></span> <span class='ocrx_word' id='word_1_350' title='bbox 1357 3559 1457 3613; x_wconf 75' lang='lat' dir='ltr'><strong>motus</strong></span> <span class='ocrx_word' id='word_1_351' title='bbox 1483 3552 1672 3631; x_wconf 72' lang='lat' dir='ltr'><strong>placeam</strong></span> 
     </span>
     <span class='ocr_line' id='line_1_37' title="bbox 315 3640 1670 3722; baseline -0.001 -19"><span class='ocrx_word' id='word_1_352' title='bbox 315 3642 543 3722; x_wconf 86' lang='lat' dir='ltr'><strong>praedicendos,</strong></span> <span class='ocrx_word' id='word_1_353' title='bbox 567 3649 601 3703; x_wconf 86' lang='lat' dir='ltr'><strong>ut</strong></span> <span class='ocrx_word' id='word_1_354' title='bbox 624 3641 819 3704; x_wconf 80' lang='lat' dir='ltr'><strong>Ptolemaeus</strong></span> <span class='ocrx_word' id='word_1_355' title='bbox 844 3641 881 3702; x_wconf 89' lang='lat' dir='ltr'><strong>de</strong></span> <span class='ocrx_word' id='word_1_356' title='bbox 905 3641 1012 3702; x_wconf 89' lang='lat' dir='ltr'><strong>ordine</strong></span> <span class='ocrx_word' id='word_1_357' title='bbox 1036 3640 1232 3722; x_wconf 68' lang='lat' dir='ltr'><strong>sphaerarum</strong></span> <span class='ocrx_word' id='word_1_358' title='bbox 1258 3641 1438 3720; x_wconf 81' lang='lat' dir='ltr'><strong>disputaret,</strong></span> <span class='ocrx_word' id='word_1_359' title='bbox 1465 3649 1499 3703; x_wconf 83' lang='lat' dir='ltr'><strong>et</strong></span> <span class='ocrx_word' id='word_1_360' title='bbox 1517 3640 1548 3702; x_wconf 89' lang='lat' dir='ltr'><strong>id</strong></span> <span class='ocrx_word' id='word_1_361' title='bbox 1570 3648 1670 3702; x_wconf 76' lang='lat' dir='ltr'><strong>tenes</strong></span> 
     </span>
    </p>
   </div>
   <div class='ocr_carea' id='block_1_15' title="bbox 202 3730 1671 3809">
    <p class='ocr_par' dir='ltr' id='par_1_15' title="bbox 202 3730 1671 3809">
     <span class='ocr_line' id='line_1_38' title="bbox 202 3730 1671 3809; baseline -0.001 -17"><span class='ocrx_word' id='word_1_362' title='bbox 202 3757 210 3776; x_wconf 53' lang='grc' dir='ltr'><em>κ</em></span> <span class='ocrx_word' id='word_1_363' title='bbox 315 3732 340 3792; x_wconf 88' lang='lat' dir='ltr'><strong>is</strong></span> <span class='ocrx_word' id='word_1_364' title='bbox 365 3731 525 3809; x_wconf 82' lang='lat' dir='ltr'><strong>diligeriter</strong></span> <span class='ocrx_word' id='word_1_365' title='bbox 549 3730 632 3792; x_wconf 86' lang='lat' dir='ltr'><strong>fecit.</strong></span> <span class='ocrx_word' id='word_1_366' title='bbox 678 3731 746 3793; x_wconf 79' lang='lat' dir='ltr'><strong>Non</strong></span> <span class='ocrx_word' id='word_1_367' title='bbox 772 3732 828 3794; x_wconf 83' lang='lat' dir='ltr'><strong>ruit</strong></span> <span class='ocrx_word' id='word_1_368' title='bbox 851 3731 1054 3792; x_wconf 86' lang='lat' dir='ltr'><strong>necessarium</strong></span> <span class='ocrx_word' id='word_1_369' title='bbox 1077 3730 1116 3791; x_wconf 89' lang='lat' dir='ltr'><strong>ad</strong></span> <span class='ocrx_word' id='word_1_370' title='bbox 1142 3736 1242 3791; x_wconf 81' lang='lat' dir='ltr'><strong>metus</strong></span> <span class='ocrx_word' id='word_1_371' title='bbox 1264 3730 1454 3809; x_wconf 70' lang='lat' dir='ltr'><strong>plumentum</strong></span> <span class='ocrx_word' id='word_1_372' title='bbox 1478 3731 1592 3792; x_wconf 76' lang='lat' dir='ltr'><strong>calculo</strong></span> <span class='ocrx_word' id='word_1_373' title='bbox 1615 3748 1671 3791; x_wconf 80' lang='lat' dir='ltr'><strong>ex-</strong></span> 
     </span>
    </p>
   </div>
   <div class='ocr_carea' id='block_1_16' title="bbox 307 3816 1675 4971">
    <p class='ocr_par' dir='ltr' id='par_1_16' title="bbox 307 3816 1675 4971">
     <span class='ocr_line' id='line_1_39' title="bbox 314 3816 1672 3901; baseline 0.001 -22"><span class='ocrx_word' id='word_1_374' title='bbox 314 3820 493 3898; x_wconf 87' lang='lat' dir='ltr'><strong>promeudos</strong></span> <span class='ocrx_word' id='word_1_375' title='bbox 517 3828 549 3879; x_wconf 92' lang='lat' dir='ltr'><strong>et</strong></span> <span class='ocrx_word' id='word_1_376' title='bbox 571 3819 806 3898; x_wconf 77' lang='lat' dir='ltr'><strong>praedicendus,</strong></span> <span class='ocrx_word' id='word_1_377' title='bbox 837 3829 872 3882; x_wconf 91' lang='lat' dir='ltr'><strong>ut</strong></span> <span class='ocrx_word' id='word_1_378' title='bbox 894 3816 1079 3899; x_wconf 85' lang='lat' dir='ltr'><strong>Copernious</strong></span> <span class='ocrx_word' id='word_1_379' title='bbox 1108 3828 1140 3879; x_wconf 86' lang='lat' dir='ltr'><strong>et</strong></span> <span class='ocrx_word' id='word_1_380' title='bbox 1173 3819 1351 3898; x_wconf 81' lang='lat' dir='ltr'><strong>postillam</strong></span> <span class='ocrx_word' id='word_1_381' title='bbox 1374 3818 1412 3880; x_wconf 87' lang='lat' dir='ltr'><strong>D.</strong></span> <span class='ocrx_word' id='word_1_382' title='bbox 1437 3819 1539 3901; x_wconf 81' lang='lat' dir='ltr'><strong>Tyoho</strong></span> <span class='ocrx_word' id='word_1_383' title='bbox 1563 3837 1672 3881; x_wconf 82' lang='lat' dir='ltr'><strong>causas</strong></span> 
     </span>
     <span class='ocr_line' id='line_1_40' title="bbox 315 3907 1673 3989; baseline 0 -20"><span class='ocrx_word' id='word_1_384' title='bbox 315 3908 507 3986; x_wconf 86' lang='lat' dir='ltr'><strong>inquirerent,</strong></span> <span class='ocrx_word' id='word_1_385' title='bbox 532 3925 584 3969; x_wconf 86' lang='lat' dir='ltr'><strong>cur</strong></span> <span class='ocrx_word' id='word_1_386' title='bbox 607 3909 749 3987; x_wconf 79' lang='lat' dir='ltr'><strong>planetus</strong></span> <span class='ocrx_word' id='word_1_387' title='bbox 774 3907 942 3989; x_wconf 74' lang='grc' dir='ltr'><strong><em>ἀκροηχιοι</em></strong></span> <span class='ocrx_word' id='word_1_388' title='bbox 964 3908 1039 3968; x_wconf 88' lang='lat' dir='ltr'><strong>fiant</strong></span> <span class='ocrx_word' id='word_1_389' title='bbox 1054 3908 1154 3969; x_wconf 87' lang='lat' dir='ltr'><strong>Terris</strong></span> <span class='ocrx_word' id='word_1_390' title='bbox 1177 3907 1314 3987; x_wconf 75' lang='lat' dir='ltr'><strong>proximi.</strong></span> <span class='ocrx_word' id='word_1_391' title='bbox 1361 3908 1509 3971; x_wconf 78' lang='lat' dir='ltr'><strong>Poterant</strong></span> <span class='ocrx_word' id='word_1_392' title='bbox 1523 3908 1604 3970; x_wconf 72' lang='lat' dir='ltr'><strong>enin</strong></span> <span class='ocrx_word' id='word_1_393' title='bbox 1623 3908 1673 3969; x_wconf 83' lang='lat' dir='ltr'><strong>vel</strong></span> 
     </span>
     <span class='ocr_line' id='line_1_41' title="bbox 314 3995 1670 4077; baseline 0 -20"><span class='ocrx_word' id='word_1_394' title='bbox 314 3995 503 4057; x_wconf 79' lang='lat' dir='ltr'><strong>Ptolemaios</strong></span> <span class='ocrx_word' id='word_1_395' title='bbox 537 3997 634 4058; x_wconf 83' lang='lat' dir='ltr'><strong>forme</strong></span> <span class='ocrx_word' id='word_1_396' title='bbox 674 3998 826 4060; x_wconf 85' lang='lat' dir='ltr'><strong>coelorum</strong></span> <span class='ocrx_word' id='word_1_397' title='bbox 851 3998 898 4058; x_wconf 91' lang='lat' dir='ltr'><strong>nsi</strong></span> <span class='ocrx_word' id='word_1_398' title='bbox 936 3996 1079 4058; x_wconf 86' lang='lat' dir='ltr'><strong>correctis</strong></span> <span class='ocrx_word' id='word_1_399' title='bbox 1116 3995 1351 4059; x_wconf 72' lang='lat' dir='ltr'><strong>dimensionibus</strong></span> <span class='ocrx_word' id='word_1_400' title='bbox 1390 3997 1470 4059; x_wconf 91' lang='lat' dir='ltr'><strong>idem</strong></span> <span class='ocrx_word' id='word_1_401' title='bbox 1502 4006 1670 4077; x_wconf 78' lang='lat' dir='ltr'><strong>praestare.</strong></span> 
     </span>
     <span class='ocr_line' id='line_1_42' title="bbox 313 4083 1672 4165; baseline 0 -19"><span class='ocrx_word' id='word_1_402' title='bbox 313 4083 377 4146; x_wconf 88' lang='lat' dir='ltr'><strong>Sed</strong></span> <span class='ocrx_word' id='word_1_403' title='bbox 396 4085 469 4146; x_wconf 87' lang='lat' dir='ltr'><strong>feeit</strong></span> <span class='ocrx_word' id='word_1_404' title='bbox 492 4103 580 4148; x_wconf 64' lang='lat' dir='ltr'><strong>anne·</strong></span> <span class='ocrx_word' id='word_1_405' title='bbox 598 4086 828 4164; x_wconf 79' lang='lat' dir='ltr'><strong>cognoscendae</strong></span> <span class='ocrx_word' id='word_1_406' title='bbox 851 4092 987 4159; x_wconf 83' lang='lat' dir='ltr'><strong>naturae,</strong></span> <span class='ocrx_word' id='word_1_407' title='bbox 1013 4092 1047 4146; x_wconf 90' lang='lat' dir='ltr'><strong>nt</strong></span> <span class='ocrx_word' id='word_1_408' title='bbox 1070 4084 1235 4147; x_wconf 65' lang='lat' dir='ltr'><strong>munuum</strong></span> <span class='ocrx_word' id='word_1_409' title='bbox 1258 4085 1468 4148; x_wconf 67' lang='lat' dir='ltr'><strong>miranomieis</strong></span> <span class='ocrx_word' id='word_1_410' title='bbox 1487 4085 1672 4165; x_wconf 70' lang='lat' dir='ltr'><strong>argumentis</strong></span> 
     </span>
     <span class='ocr_line' id='line_1_43' title="bbox 313 4173 1672 4255; baseline -0.001 -19"><span class='ocrx_word' id='word_1_411' title='bbox 313 4174 390 4236; x_wconf 85' lang='lat' dir='ltr'><strong>hanc</strong></span> <span class='ocrx_word' id='word_1_412' title='bbox 413 4173 554 4255; x_wconf 85' lang='lat' dir='ltr'><strong>physices</strong></span> <span class='ocrx_word' id='word_1_413' title='bbox 578 4182 695 4252; x_wconf 79' lang='lat' dir='ltr'><strong>partem</strong></span> <span class='ocrx_word' id='word_1_414' title='bbox 713 4174 935 4254; x_wconf 82' lang='lat' dir='ltr'><strong>explorandam</strong></span> <span class='ocrx_word' id='word_1_415' title='bbox 958 4184 1119 4247; x_wconf 86' lang='lat' dir='ltr'><strong>sumerent,</strong></span> <span class='ocrx_word' id='word_1_416' title='bbox 1145 4193 1199 4236; x_wconf 84' lang='lat' dir='ltr'><strong>nec</strong></span> <span class='ocrx_word' id='word_1_417' title='bbox 1215 4173 1334 4254; x_wconf 79' lang='lat' dir='ltr'><strong>injurie</strong></span> <span class='ocrx_word' id='word_1_418' title='bbox 1347 4175 1514 4254; x_wconf 77' lang='lat' dir='ltr'><strong>glorientur</strong></span> <span class='ocrx_word' id='word_1_419' title='bbox 1536 4177 1574 4237; x_wconf 78' lang='lat' dir='ltr'><strong>de</strong></span> <span class='ocrx_word' id='word_1_420' title='bbox 1598 4195 1672 4237; x_wconf 59' lang='lat' dir='ltr'><strong>sua</strong></span> 
     </span>
     <span class='ocr_line' id='line_1_44' title="bbox 311 4261 1674 4344; baseline 0 -19"><span class='ocrx_word' id='word_1_421' title='bbox 311 4282 377 4325; x_wconf 84' lang='lat' dir='ltr'><strong>rum</strong></span> <span class='ocrx_word' id='word_1_422' title='bbox 399 4262 609 4343; x_wconf 86' lang='lat' dir='ltr'><strong>hypothesium</strong></span> <span class='ocrx_word' id='word_1_423' title='bbox 641 4282 831 4326; x_wconf 82' lang='lat' dir='ltr'><strong>cumrerum</strong></span> <span class='ocrx_word' id='word_1_424' title='bbox 855 4270 967 4323; x_wconf 89' lang='lat' dir='ltr'><strong>natura</strong></span> <span class='ocrx_word' id='word_1_425' title='bbox 993 4264 1216 4324; x_wconf 66' lang='lat' dir='ltr'><strong>conformitate,</strong></span> <span class='ocrx_word' id='word_1_426' title='bbox 1262 4261 1343 4332; x_wconf 80' lang='lat' dir='ltr'><strong>Quid</strong></span> <span class='ocrx_word' id='word_1_427' title='bbox 1368 4262 1575 4344; x_wconf 81' lang='lat' dir='ltr'><strong>Copernious?</strong></span> <span class='ocrx_word' id='word_1_428' title='bbox 1606 4282 1674 4326; x_wconf 91' lang='lat' dir='ltr'><strong>oum</strong></span> 
     </span>
     <span class='ocr_line' id='line_1_45' title="bbox 313 4352 1674 4435; baseline 0.001 -22"><span class='ocrx_word' id='word_1_429' title='bbox 313 4352 567 4414; x_wconf 82' lang='lat' dir='ltr'><strong>animadverteret</strong></span> <span class='ocrx_word' id='word_1_430' title='bbox 599 4352 628 4412; x_wconf 90' lang='lat' dir='ltr'><strong>in</strong></span> <span class='ocrx_word' id='word_1_431' title='bbox 651 4352 828 4413; x_wconf 76' lang='lat' dir='ltr'><strong>Ptolemaeo</strong></span> <span class='ocrx_word' id='word_1_432' title='bbox 859 4352 1010 4431; x_wconf 87' lang='lat' dir='ltr'><strong>quandam</strong></span> <span class='ocrx_word' id='word_1_433' title='bbox 1038 4352 1287 4432; x_wconf 82' lang='lat' dir='ltr'><strong>inaequalitatem</strong></span> <span class='ocrx_word' id='word_1_434' title='bbox 1310 4362 1409 4415; x_wconf 84' lang='lat' dir='ltr'><strong>motos</strong></span> <span class='ocrx_word' id='word_1_435' title='bbox 1443 4353 1581 4435; x_wconf 87' lang='lat' dir='ltr'><strong>epicyoli,</strong></span> <span class='ocrx_word' id='word_1_436' title='bbox 1616 4371 1674 4415; x_wconf 90' lang='lat' dir='ltr'><strong>nou</strong></span> 
     </span>
     <span class='ocr_line' id='line_1_46' title="bbox 313 4440 1675 4523; baseline 0.001 -23"><span class='ocrx_word' id='word_1_437' title='bbox 313 4440 383 4521; x_wconf 87' lang='lat' dir='ltr'><strong>quie</strong></span> <span class='ocrx_word' id='word_1_438' title='bbox 410 4440 438 4502; x_wconf 87' lang='lat' dir='ltr'><strong>is</strong></span> <span class='ocrx_word' id='word_1_439' title='bbox 464 4447 564 4501; x_wconf 88' lang='lat' dir='ltr'><strong>motus</strong></span> <span class='ocrx_word' id='word_1_440' title='bbox 588 4440 665 4501; x_wconf 82' lang='lat' dir='ltr'><strong>visui</strong></span> <span class='ocrx_word' id='word_1_441' title='bbox 697 4449 730 4502; x_wconf 92' lang='lat' dir='ltr'><strong>et</strong></span> <span class='ocrx_word' id='word_1_442' title='bbox 757 4440 963 4517; x_wconf 77' lang='lat' dir='ltr'><strong>experientiae</strong></span> <span class='ocrx_word' id='word_1_443' title='bbox 995 4459 1049 4502; x_wconf 88' lang='lat' dir='ltr'><strong>seu</strong></span> <span class='ocrx_word' id='word_1_444' title='bbox 1076 4441 1281 4503; x_wconf 81' lang='lat' dir='ltr'><strong>observationi</strong></span> <span class='ocrx_word' id='word_1_445' title='bbox 1313 4443 1485 4518; x_wconf 82' lang='lat' dir='ltr'><strong>stellarum,</strong></span> <span class='ocrx_word' id='word_1_446' title='bbox 1518 4443 1576 4505; x_wconf 84' lang='lat' dir='ltr'><strong>sed</strong></span> <span class='ocrx_word' id='word_1_447' title='bbox 1605 4441 1675 4523; x_wconf 89' lang='lat' dir='ltr'><strong>qnia</strong></span> 
     </span>
     <span class='ocr_line' id='line_1_47' title="bbox 307 4529 1675 4612; baseline 0.001 -23"><span class='ocrx_word' id='word_1_448' title='bbox 307 4548 409 4602; x_wconf 75' lang='lat' dir='ltr'><strong>serum</strong></span> <span class='ocrx_word' id='word_1_449' title='bbox 438 4539 565 4591; x_wconf 87' lang='lat' dir='ltr'><strong>naturae</strong></span> <span class='ocrx_word' id='word_1_450' title='bbox 598 4536 796 4608; x_wconf 80' lang='lat' dir='ltr'><strong>repugnaret,</strong></span> <span class='ocrx_word' id='word_1_451' title='bbox 830 4530 897 4591; x_wconf 89' lang='lat' dir='ltr'><strong>ideo</strong></span> <span class='ocrx_word' id='word_1_452' title='bbox 921 4529 989 4591; x_wconf 92' lang='lat' dir='ltr'><strong>hinc</strong></span> <span class='ocrx_word' id='word_1_453' title='bbox 1013 4530 1203 4592; x_wconf 85' lang='lat' dir='ltr'><strong>occasionem</strong></span> <span class='ocrx_word' id='word_1_454' title='bbox 1226 4551 1260 4593; x_wconf 88' lang='lat' dir='ltr'><strong>se</strong></span> <span class='ocrx_word' id='word_1_455' title='bbox 1284 4530 1424 4610; x_wconf 87' lang='lat' dir='ltr'><strong>adeptum</strong></span> <span class='ocrx_word' id='word_1_456' title='bbox 1454 4533 1623 4612; x_wconf 79' lang='lat' dir='ltr'><strong>profitetur,</strong></span> <span class='ocrx_word' id='word_1_457' title='bbox 1655 4550 1675 4591; x_wconf 81' lang='lat' dir='ltr'><strong>a</strong></span> 
     </span>
     <span class='ocr_line' id='line_1_48' title="bbox 313 4617 1673 4701; baseline 0.004 -23"><span class='ocrx_word' id='word_1_458' title='bbox 313 4617 488 4681; x_wconf 89' lang='lat' dir='ltr'><strong>Ptolemaeo</strong></span> <span class='ocrx_word' id='word_1_459' title='bbox 518 4617 703 4680; x_wconf 85' lang='lat' dir='ltr'><strong>discedendi.</strong></span> <span class='ocrx_word' id='word_1_460' title='bbox 750 4618 792 4680; x_wconf 89' lang='lat' dir='ltr'><strong>Et</strong></span> <span class='ocrx_word' id='word_1_461' title='bbox 819 4637 837 4680; x_wconf 94' lang='lat' dir='ltr'><strong>o</strong></span> <span class='ocrx_word' id='word_1_462' title='bbox 861 4620 1003 4681; x_wconf 85' lang='lat' dir='ltr'><strong>misemm</strong></span> <span class='ocrx_word' id='word_1_463' title='bbox 1026 4619 1238 4694; x_wconf 75' lang='lat' dir='ltr'><strong>Aristotelem,</strong></span> <span class='ocrx_word' id='word_1_464' title='bbox 1274 4621 1415 4684; x_wconf 80' lang='lat' dir='ltr'><strong>miseram</strong></span> <span class='ocrx_word' id='word_1_465' title='bbox 1445 4620 1511 4700; x_wconf 89' lang='lat' dir='ltr'><strong>ejus</strong></span> <span class='ocrx_word' id='word_1_466' title='bbox 1537 4622 1673 4701; x_wconf 87' lang='lat' dir='ltr'><strong>philoso-</strong></span> 
     </span>
     <span class='ocr_line' id='line_1_49' title="bbox 312 4705 1674 4785; baseline 0.006 -20"><span class='ocrx_word' id='word_1_467' title='bbox 312 4706 426 4785; x_wconf 84' lang='lat' dir='ltr'><strong>phiam,</strong></span> <span class='ocrx_word' id='word_1_468' title='bbox 452 4725 511 4785; x_wconf 86' lang='lat' dir='ltr'><strong>qua</strong></span> <span class='ocrx_word' id='word_1_469' title='bbox 532 4715 622 4785; x_wconf 83' lang='lat' dir='ltr'><strong>perte</strong></span> <span class='ocrx_word' id='word_1_470' title='bbox 645 4705 836 4774; x_wconf 82' lang='lat' dir='ltr'><strong>divinissima</strong></span> <span class='ocrx_word' id='word_1_471' title='bbox 858 4716 1017 4782; x_wconf 84' lang='lat' dir='ltr'><strong>censetor,</strong></span> <span class='ocrx_word' id='word_1_472' title='bbox 1040 4709 1066 4768; x_wconf 86' lang='lat' dir='ltr'><strong>si</strong></span> <span class='ocrx_word' id='word_1_473' title='bbox 1089 4708 1254 4771; x_wconf 86' lang='lat' dir='ltr'><strong>astronomi</strong></span> <span class='ocrx_word' id='word_1_474' title='bbox 1276 4710 1463 4772; x_wconf 81' lang='lat' dir='ltr'><strong>tammulae</strong></span> <span class='ocrx_word' id='word_1_475' title='bbox 1485 4710 1554 4772; x_wconf 82' lang='lat' dir='ltr'><strong>fidei</strong></span> <span class='ocrx_word' id='word_1_476' title='bbox 1576 4719 1674 4773; x_wconf 82' lang='lat' dir='ltr'><strong>testes</strong></span> 
     </span>
     <span class='ocr_line' id='line_1_50' title="bbox 311 4793 1674 4874; baseline 0.004 -20"><span class='ocrx_word' id='word_1_477' title='bbox 311 4793 342 4854; x_wconf 93' lang='lat' dir='ltr'><strong>in</strong></span> <span class='ocrx_word' id='word_1_478' title='bbox 366 4793 580 4874; x_wconf 88' lang='lat' dir='ltr'><strong>philosophicis</strong></span> <span class='ocrx_word' id='word_1_479' title='bbox 610 4797 824 4858; x_wconf 85' lang='lat' dir='ltr'><strong>controversiis</strong></span> <span class='ocrx_word' id='word_1_480' title='bbox 847 4798 932 4858; x_wconf 89' lang='lat' dir='ltr'><strong>fiunt.</strong></span> <span class='ocrx_word' id='word_1_481' title='bbox 981 4798 1009 4857; x_wconf 87' lang='lat' dir='ltr'><strong>ls</strong></span> <span class='ocrx_word' id='word_1_482' title='bbox 1033 4798 1121 4871; x_wconf 87' lang='lat' dir='ltr'><strong>euim,</strong></span> <span class='ocrx_word' id='word_1_483' title='bbox 1146 4815 1213 4858; x_wconf 85' lang='lat' dir='ltr'><strong>oum</strong></span> <span class='ocrx_word' id='word_1_484' title='bbox 1237 4816 1272 4859; x_wconf 93' lang='lat' dir='ltr'><strong>eo</strong></span> <span class='ocrx_word' id='word_1_485' title='bbox 1296 4797 1480 4874; x_wconf 87' lang='lat' dir='ltr'><strong>devenisset,</strong></span> <span class='ocrx_word' id='word_1_486' title='bbox 1504 4807 1538 4861; x_wconf 86' lang='lat' dir='ltr'><strong>ot</strong></span> <span class='ocrx_word' id='word_1_487' title='bbox 1560 4808 1674 4862; x_wconf 83' lang='lat' dir='ltr'><strong>certum</strong></span> 
     </span>
     <span class='ocr_line' id='line_1_51' title="bbox 311 4881 1674 4971; baseline 0.004 -22"><span class='ocrx_word' id='word_1_488' title='bbox 311 4881 580 4968; x_wconf 78' lang='lat' dir='ltr'><strong>intelligentiarum</strong></span> <span class='ocrx_word' id='word_1_489' title='bbox 617 4884 794 4948; x_wconf 86' lang='lat' dir='ltr'><strong>coelestium</strong></span> <span class='ocrx_word' id='word_1_490' title='bbox 822 4904 975 4948; x_wconf 86' lang='lat' dir='ltr'><strong>numerum</strong></span> <span class='ocrx_word' id='word_1_491' title='bbox 1007 4895 1040 4948; x_wconf 88' lang='lat' dir='ltr'><strong>et</strong></span> <span class='ocrx_word' id='word_1_492' title='bbox 1068 4886 1202 4949; x_wconf 89' lang='lat' dir='ltr'><strong>ordinem</strong></span> <span class='ocrx_word' id='word_1_493' title='bbox 1231 4888 1398 4971; x_wconf 74' lang='lat' dir='ltr'><strong>exprimere</strong></span> <span class='ocrx_word' id='word_1_494' title='bbox 1430 4908 1555 4953; x_wconf 84' lang='lat' dir='ltr'><strong>necesse</strong></span> <span class='ocrx_word' id='word_1_495' title='bbox 1582 4896 1674 4968; x_wconf 83' lang='lat' dir='ltr'><strong>esset,</strong></span> 
     </span>
    </p>
   </div>
   <div class='ocr_carea' id='block_1_17' title="bbox 0 0 1820 5634">
    <p class='ocr_par' dir='ltr' id='par_1_17' title="bbox 0 0 1820 5634">
     <span class='ocr_line' id='line_1_52' title="bbox 0 0 1820 5634; baseline 0 0"><span class='ocrx_word' id='word_1_496' title='bbox 0 0 1820 5634; x_wconf 95' lang='lat' dir='ltr'><strong> </strong></span> 
     </span>
    </p>
   </div>
  </div>
 </body>
</html>
