3609 5634
749 381 911 437 essemus.
1468 379 1512 450 39

130 543 273 665 ἔξω,
302 544 438 612 dequibus
457 551 542 597 tamen
559 544 595 596 illi
612 547 671 612 lpai,
690 546 737 597 alal
755 545 802 598 hoo
819 545 892 596 morlo
912 545 1031 596 admoniti
1052 544 1172 604 mutent,
1195 558 1321 613 nonquam
1340 547 1450 613 cogitare
1468 557 1511 611 po·

210 623 264 666 ena

221 725 366 790 Antequam
384 733 517 790 acceparat
535 726 659 791 Koplema
677 725 749 776 modo
766 725 1099 789 praemiasapruperioribns
1118 724 1250 776 suishanc
1269 724 1381 774 addiditz

240 811 418 876 Clarissima
441 816 480 877 D.
504 816 698 896 Praeceptor.
746 814 823 876 Dum
847 816 926 877 ultro
957 815 1090 897 citroque
1115 822 1262 876 commeat
1285 813 1427 889 nuncius,
1462 813 1511 876 in-

134 902 219 965 veni
236 903 332 965 locum
347 905 476 984 aliquem
491 905 521 966 in
538 903 695 976 cardamo,
720 905 769 986 qni
792 923 855 966 rem
877 912 1014 968 nostram
1039 903 1270 966 automatariam
1293 902 1416 964 mirifica
1439 902 1511 965 illu-

137 1001 242 1054 strat.
290 991 342 1055 Sic
367 992 459 1074 igitur
491 994 543 1056 ille
577 994 630 1057 lib.
658 992 697 1056 17
722 994 759 1054 de
780 992 968 1056 Subtilitate.
1017 993 1140 1073 „Nuper
1163 992 1254 1055 etiam
1278 992 1399 1073 quidam
1431 992 1514 1054 illam

138 1082 344 1157 „machinam
367 1083 466 1144 mnndi
489 1084 706 1157 universalem,
732 1083 802 1145 olim
828 1081 1025 1145 aGuilielmo
1040 1082 1206 1144 Zelandino
1226 1081 1406 1144 fabricatam
1422 1088 1513 1162 atque

140 1171 370 1248 „dissolutam
393 1172 422 1234 in
435 1173 626 1254 tenebrisque
637 1192 691 1254 per
702 1172 848 1235 incuriam
864 1181 1112 1246 marcescentem,
1138 1190 1203 1234 curn
1219 1190 1275 1251 ego
1292 1171 1420 1252 quodam
1435 1170 1512 1232 bono

141 1263 239 1336 „sato
267 1262 305 1323 ad
330 1261 558 1325 instaurandum
585 1262 680 1325 bonas
711 1269 794 1323 artes
833 1261 926 1324 etiam
958 1262 1056 1324 obiter
1085 1280 1143 1324 nou
1166 1260 1263 1338 minus
1287 1279 1376 1341 quam
1402 1278 1439 1321 ex
1461 1255 1527 1320 in-x

143 1351 291 1425 „dustria
321 1360 411 1414 natus
444 1350 472 1412 in
507 1351 601 1413 lucem
630 1370 839 1426 revocassem,
872 1350 901 1412 in
925 1351 1076 1431 integrum
1100 1349 1244 1412 restitnit.
1292 1347 1387 1429 Cujus
1407 1367 1511 1410 exem-

144 1440 224 1520 „plo
249 1441 339 1502 aliam
370 1439 480 1502 Carolo
504 1437 617 1510 Quinto
642 1439 768 1503 Caesari
797 1440 841 1503 ita
869 1441 1054 1515 construxit,
1088 1447 1122 1501 ut
1153 1439 1183 1501 in
1214 1458 1251 1500 ea
1283 1446 1315 1500 et
1346 1445 1513 1519 tempomm

147 1537 327 1605 „momenta
359 1538 390 1591 et
417 1536 522 1609 partes
551 1530 703 1609 signomm
727 1529 861 1608 singulas
886 1529 991 1591 videas
1023 1537 1055 1591 et
1083 1527 1183 1590 octavi
1206 1527 1287 1589 orbis
1310 1534 1423 1589 motum
1447 1535 1512 1588 tar-

149 1619 331 1693 „dissimnm
355 1616 510 1680 intuearis.
559 1618 732 1679 Divisiones
757 1636 871 1698 quoque
896 1618 977 1681 orbis
1002 1617 1152 1698 signorum
1167 1616 1288 1690 varias,
1314 1634 1388 1696 quas
1408 1616 1513 1677 domos

148 1716 305 1783 ,‚vocaut,
330 1707 477 1788 horasque
501 1708 642 1788 aequales
667 1715 698 1768 et
721 1707 910 1787 inaequales,
936 1715 967 1769 et
990 1707 1067 1788 quod
1086 1708 1183 1788 majm
1199 1712 1261 1776 est,
1285 1704 1415 1767 universi
1430 1704 1512 1766 orbis

149 1799 312 1877 „partibus
340 1796 556 1873 inservientes,
582 1808 615 1858 ut
638 1797 713 1858 haec
737 1815 807 1857 vere
831 1795 971 1858 machina
995 1797 1097 1859 orbem
1122 1796 1291 1859 universnm
1318 1793 1450 1868 referat,
1482 1794 1514 1856 iu

151 1907 213 1964 „ea
238 1886 383 1967 inspicere
408 1886 489 1948 licet.
538 1884 652 1949 Omitto
682 1904 860 1966 progressus
894 1904 1108 1966 regressusque
1137 1885 1321 1966 singulorum
1351 1882 1513 1945 errantium

150 1976 321 2052 ‚,siderum,
352 1975 528 2037 latitudines
553 1975 805 2055 altitudinesque,
837 1975 956 2054 aliaque
979 1974 1150 2050 innumera,
1180 1981 1214 2035 ut
1235 1992 1358 2053 prorsus
1382 1992 1430 2034 res
1454 1991 1513 2035 non

149 2065 272 2140 „minus
303 2066 385 2126 lama
417 2082 505 2144 qnam
538 2065 595 2126 lide
623 2065 720 2144 major
743 2063 805 2140 sia,
839 2063 988 2126 Refemnt
1011 2062 1110 2127 Sabor
1142 2082 1242 2143 regem
1267 2063 1426 2124 Persarum
1455 2061 1512 2123 hn-

150 2155 340 2234 „juscemodi
373 2154 539 2216 machinam
574 2162 637 2215 tarn
669 2153 813 2234 grandem
846 2153 965 2216 evitro
997 2152 1131 2215 construi
1163 2152 1285 2225 fecisse,
1319 2160 1352 2212 nt
1385 2149 1413 2211 in
1447 2152 1514 2230 ejus

149 2250 279 2318 ,‚centro
294 2244 427 2318 sederet,
452 2250 595 2325 tanquam
614 2242 644 2303 in
660 2242 771 2304 Terrae
792 2241 967 2322 sphaerula,
991 2250 1180 2322 spectantem
1200 2241 1256 2304 sub
1274 2239 1400 2320 pedibus
1422 2240 1514 2302 etiam

151 2341 278 2409 ‚,astra,
304 2333 527 2415 exorientiaque
552 2351 588 2393 ac
603 2331 775 2394 occidentia
789 2332 905 2407 sidera,
931 2339 965 2393 ut
979 2331 1199 2407 sic,·mortalis
1214 2348 1280 2391 oum
1300 2336 1398 2399 esset,
1423 2347 1515 2407 supra

152 2430 279 2497 „tamen
303 2440 418 2483 omnem
441 2422 636 2485 mortalitatis
661 2422 774 2483 fastum
797 2428 828 2482 et
851 2421 1091 2502 expectationem
1111 2439 1178 2482 esse
1198 2417 1384 2481 videretur.“
1428 2417 1514 2479 Haec

153 2511 349 2591 transscripsi
379 2519 501 2590 propter
530 2512 587 2572 dno
616 2509 747 2572 illustria
770 2511 909 2590 exempla
932 2509 1127 2588 sphaerarum
1155 2515 1187 2569 et
1215 2508 1338 2570 alterius
1367 2513 1513 2568 autorem.
1559 2542 1565 2555 ·

153 2598 300 2671 Quamvis
333 2599 506 2661 incredibile
537 2601 573 2660 de
598 2597 724 2679 Sapore.
773 2597 864 2661 Certe
897 2597 1077 2660 universalis
1106 2596 1235 2678 sphaera
1268 2615 1325 2657 non
1356 2594 1427 2674 fuit,
1462 2603 1515 2656 ant

152 2697 238 2751 mota
261 2708 318 2751 nou
343 2689 412 2762 luit,
436 2689 615 2768 praesertim
639 2688 746 2749 vitrea.
794 2688 898 2769 Neque
914 2687 985 2748 mihi
1010 2686 1113 2748 divina
1126 2687 1189 2748 ista
1212 2687 1249 2746 de
1273 2682 1403 2747 barbara
1423 2691 1513 2764 geute

153 2779 332 2861 persuadeo.
380 2778 480 2858 Atque
505 2797 542 2839 en
565 2775 619 2838 tibi
644 2776 809 2838 sessionem
834 2776 967 2856 regiain
992 2776 1138 2856 sphaera,
1169 2794 1245 2856 quae
1268 2772 1389 2835 barbari
1414 2767 1513 2834 fastus

153 2888 192 2930 an
216 2867 314 2930 civilis
338 2867 549 2928 delectationis
578 2875 785 2945 argumentum
815 2865 872 2939 sit,
905 2865 934 2926 in
958 2874 1076 2945 promtu
1100 2863 1322 2944 estjndicare.
1370 2861 1432 2923 Sed
1457 2881 1512 2922 nec

154 2965 288 3018 monstro
312 2963 396 3017 caret
419 2956 514 3017 moles
537 2955 590 3017 illa
615 2955 730 3034 ingens.
777 2954 924 3034 Equidem
939 2953 1094 3030 existimo,
1118 2962 1241 3033 praeter
1254 2970 1365 3012 vanam
1391 2957 1421 3011 et
1439 2949 1513 3010 bar-

152 3048 258 3107 baram
281 3044 515 3106 ostentationem
539 3052 572 3106 et
595 3042 831 3123 magnitudinem
855 3043 938 3123 globi
957 3042 1047 3105 vitrei
1071 3042 1251 3105 insolentem
1276 3039 1348 3102 nihil
1373 3045 1514 3119 spectato

153 3135 335 3198 continuisse
369 3134 500 3212 dignum.
550 3134 582 3193 ln
612 3132 709 3193 altera
732 3131 801 3194 vide
831 3131 902 3194 mihi
931 3131 1069 3194 inutilem
1099 3131 1233 3194 laborem
1266 3130 1295 3192 in
1321 3126 1514 3209 exprimendo

154 3232 236 3288 motu
259 3223 359 3285 octavi
384 3223 479 3297 orbis,
517 3222 565 3302 qui
594 3231 656 3283 tum
686 3221 814 3282 nondum
838 3230 906 3283 erat
933 3220 991 3282 rite
1020 3220 1169 3301 cognitus.
1215 3221 1250 3282 Iu
1279 3219 1367 3280 laude
1400 3225 1515 3297 ponunt

154 3312 324 3394 hujusmodi
339 3313 485 3386 artifices,
511 3311 621 3373 imitari
637 3310 781 3372 calculum
802 3309 993 3390 multitudine
1009 3319 1157 3385 motuum,
1182 3327 1238 3389 ego
1256 3314 1415 3387 praestare
1429 3313 1512 3385 pnto,

153 3415 187 3464 nt
210 3412 347 3464 naturam
372 3401 472 3463 imiter
495 3401 523 3462 in
548 3400 621 3474 situ,
648 3400 706 3461 etsi
732 3399 922 3462 tardissimos
945 3399 1014 3461 illos
1029 3408 1128 3461 motus
1147 3405 1285 3478 exparte
1301 3395 1367 3477 quis
1382 3394 1512 3456 omittat.

93 3555 98 3562 ,
242 3491 348 3570 Pergit
376 3489 550 3556 Cardenus,
591 3497 623 3550 et
658 3489 795 3551 recitatis
827 3487 989 3551 Claudiani
1022 3488 1172 3561 versibus,
1214 3487 1319 3568 quibus
1350 3483 1514 3563 descriptio

155 3580 371 3642 Archimedeae
397 3579 543 3657 sphaerae
567 3578 752 3650 continetur,
776 3578 851 3638 haec
876 3577 1014 3656 subjicit:
1044 3575 1179 3651 ,‚Cansn,
1204 3595 1256 3638 cur
1279 3595 1316 3637 ex
1340 3574 1418 3635 vitro
1443 3573 1514 3634 olim

155 3670 261 3742 ,‚fieret
284 3667 424 3729 machina
447 3668 587 3730 coelestis
612 3666 710 3741 orbis,
736 3674 821 3742 erat,
847 3666 987 3748 quoniam
1011 3685 1077 3727 curn
1094 3672 1176 3727 esset
1200 3665 1319 3726 aemula
1343 3681 1411 3724 vere
1427 3661 1513 3736 coeli,

155 3757 406 3829 „includebantur
430 3756 557 3817 minores
582 3754 760 3834 majoribus:
787 3775 874 3836 quam
900 3755 1023 3816 obrem
1052 3756 1101 3835 qui
1129 3755 1210 3816 intus
1239 3760 1326 3815 erant
1360 3759 1392 3812 et
1415 3751 1516 3814 sidera
1589 3799 1592 3806 r

154 3845 307 3926 „spectari
332 3864 391 3907 non
414 3846 598 3925 potuissent,
620 3844 676 3905 nisi
701 3863 803 3905 omnes
828 3863 865 3905 ex
888 3843 1017 3906 materia
1044 3843 1204 3924 perspicua
1228 3841 1348 3904 conflati
1375 3840 1514 3902 fuissent.

154 3935 282 4016 „ltaque
306 3934 355 4014 qui
387 3953 463 3996 nnnc
487 3934 542 3995 has
570 3932 665 3994 moles
696 3933 823 4008 faciunt,
856 3933 927 3996 vitri
958 3932 1156 4012 fragilitatem
1178 3940 1335 4005 verentes,
1370 3937 1517 4009 coguntur

153 4043 233 4097 „non
258 4023 426 4085 naturalem
449 4023 550 4084 rnundi
573 4022 742 4084 machinam
762 4021 920 4099 aemulari,
945 4023 1047 4083 orbem
1066 4021 1130 4082 orbi
1150 4019 1414 4099 circumponendo,
1439 4035 1515 4098 quo-

154 4115 258 4190 „niam
290 4132 356 4175 cum
380 4131 417 4173 en
436 4113 559 4174 metallo
584 4111 645 4173 sint
672 4111 766 4172 videri
790 4131 848 4173 non
876 4118 1017 4191 possent:
1052 4110 1105 4172 sed
1130 4117 1203 4190 quot
1231 4115 1302 4170 sunt
1330 4106 1434 4180 orbes,
1468 4112 1515 4167 tot

154 4202 310 4277 ‚,efficiunt
334 4201 469 4274 tabulas,
494 4208 546 4262 aut
570 4201 679 4263 saltem
703 4220 805 4277 senas,
831 4200 913 4262 Solis
937 4200 1039 4261 orbem
1059 4197 1189 4261 Veneris
1213 4197 1276 4259 orbi
1300 4194 1515 4267 immiscentes,

155 4291 205 4366 ,‚in
230 4290 444 4371 circuitumque
468 4291 695 4370 compaginant,
730 4296 764 4350 ut
787 4289 864 4370 quod
889 4295 937 4350 est
965 4294 1112 4364 rotarum,
1144 4286 1324 4367 ponderum,
1358 4284 1514 4355 molarum,

98 4399 103 4408 ·
155 4397 330 4455 ‚,ourrnnm,
366 4379 595 4454 denticulomm,
626 4379 775 4452 nolarum,
805 4379 971 4458 virgarum,
1001 4377 1114 4439 lunium
1139 4383 1230 4456 atque
1254 4373 1378 4435 aliorum
1401 4372 1515 4433 instm-

155 4477 359 4544 ‚,mentorum,
385 4469 482 4530 lateat
506 4467 619 4530 intus.“
664 4465 762 4529 Audis
778 4465 967 4540 Cardannm,
992 4474 1112 4528 veteres
1137 4461 1280 4525 aemulari
1299 4469 1438 4522 naturam
1463 4478 1515 4522 so·
1570 4482 1573 4486 ·

156 4556 241 4632 litos,
266 4557 450 4620 recentiores
474 4564 648 4619 construere
664 4554 885 4629 domunculam,
912 4554 988 4617 forte
1005 4554 1201 4632 sexangulam
1222 4559 1275 4613 ant
1289 4559 1357 4612 octo
1377 4550 1515 4621 laterum,

157 4655 189 4708 et
208 4646 293 4708 *foris
326 4645 355 4707 in
389 4645 534 4708 lateribus
562 4644 784 4722 circumponere
817 4644 865 4706 hic
895 4644 1056 4722 sphaeram
1086 4641 1228 4709 Saturni,
1258 4638 1321 4701 illic
1344 4638 1431 4700 Jovis
1456 4646 1515 4700 etc.

157 4735 200 4797 Et
227 4736 282 4796 hoc
312 4734 387 4797 dicit
415 4732 573 4797 Cardenus
611 4732 758 4812 sphaerae
787 4730 1023 4793 Zelandiniauae
1057 4730 1282 4790 commendator
1314 4735 1348 4790 nt
1387 4727 1516 4789 omnium

157 4822 457 4904 praestantissimae,
482 4830 597 4884 utnon
620 4820 770 4901 possimus
794 4819 949 4893 dubitare,
984 4818 1054 4899 quin
1077 4818 1131 4879 illa
1155 4837 1271 4900 quoqne
1294 4816 1325 4878 in
1348 4816 1426 4879 hunc
1448 4825 1521 4878 mo-‘

158 4912 242 4989 dum,
275 4930 334 4974 non
362 4911 402 4973 ad
426 4910 659 4982 aemulationem
687 4917 813 4976 naturae
842 4909 883 4971 sit
906 4915 1061 4990 coaptata.
1108 4903 1267 4989 Quomodo
1300 4906 1369 4992 quid
1403 4922 1516 4994 quaeso
