3609 5634
761 366 921 427 Prooemium.

163 531 200 591 de
225 531 325 592 mundi
350 531 576 614 hypothesibus,
601 552 678 614 quae
702 553 756 595 nos
780 554 872 615 supra
896 538 941 616 (p.
966 533 1267 611 assentiremus,
1303 536 1368 597 adit
1391 546 1515 603 senten·

164 618 236 680 tianr
272 620 393 700 KepIeri
434 621 471 681 de
504 622 603 699 spatio
637 622 714 684 inter
737 621 900 685 Saturnum
939 636 970 687 et
1003 627 1078 686 tixns
1110 626 1256 686 inrmeuso
1290 623 1406 698 (Stella
1440 645 1518 688 noua

164 727 230 787 cap.
255 708 360 782 xvi.)
385 717 417 771 et
440 711 588 788 pennulis
611 711 685 784 ntia,
718 732 794 792 qnae
817 713 966 792 Kepiosrns
996 715 1025 775 in
1049 714 1202 776 librosuo
1227 721 1281 776 eut
1305 714 1394 775 uerbo
1419 716 1518 795 tangit

164 806 216 858 ant
239 797 373 875 pinribns
397 797 526 878 inquirit,
552 817 686 879 quaeque
709 801 738 861 in
765 801 1014 880 „Responsione“
1040 821 1095 864 sna
1114 802 1193 882 jocis
1216 802 1264 864 vei
1289 803 1367 863 serio
1392 804 1515 865 refutat.

163 885 241 945 Hinc
269 888 381 947 transit
403 886 565 947 Roesiinus
596 888 633 947 ad
662 889 846 969 astrologica
873 891 1114 971 sententiamque
1144 910 1228 952 suurn
1262 891 1298 952 de
1331 900 1516 955 cometarum

162 973 429 1053 significationibus
454 976 600 1056 errenrpiis
615 995 652 1037 ex
671 977 796 1039 historia
811 979 957 1041 desumtis
971 980 1132 1041 defendere
1147 992 1282 1052 conatur,
1307 997 1410 1059 eaque,
1436 999 1513 1061 quae

162 1063 312 1141 Kepierus
346 1064 411 1125 loco
440 1063 535 1124 citato
565 1067 646 1144 (cap.
672 1067 790 1141 XXX)
822 1077 929 1130 contra
956 1069 1032 1130 bane
1062 1068 1245 1131 sententiam
1283 1069 1386 1138 affert,
1425 1087 1515 1148 aegre

164 1153 263 1212 ferens
297 1152 376 1213 iilius
405 1152 493 1230 joca,
532 1154 691 1214 refutanda
724 1157 898 1235 aggreditur
935 1158 964 1218 in
998 1159 1098 1236 capite
1133 1158 1188 1230 V.,
1226 1157 1304 1238 quod
1337 1157 1513 1237 inscripsit:

163 1241 353 1322 Refstution
382 1240 444 1300 ond
474 1240 693 1325 ii'iderlepunp
721 1244 846 1318 deseca,
878 1266 913 1306 so
945 1245 1035 1307 Hert·
1057 1246 1187 1309 Johann
1204 1244 1388 1327 Kepplerus
1409 1244 1514 1329 Kays.

164 1329 290 1411 ltinjest.
310 1329 554 1392 Mathematicus
576 1332 677 1393 wider
693 1333 775 1393 mein
791 1332 960 1396 Schreiheu
982 1354 1041 1397 uon
1064 1334 1125 1396 den
1140 1333 1284 1398 Gomcten
1300 1354 1357 1396 vor
1370 1328 1417 1395 10
1431 1333 1515 1397 Jah-

160 1421 717 1588 iioihhiim'niiiiiff‘kiei
736 1422 1167 1573 nttttdthttth
1185 1443 1291 1572 tit
1319 1420 1418 1591 itt
1437 1423 1517 1573 tt

167 1591 267 1667 1599)
296 1596 406 1674 publici
431 1596 509 1675 juris
540 1600 664 1672 tinctum,
698 1599 809 1659 nuilunr
838 1598 1100 1677 deprehendimus,
1134 1618 1229 1680 eaque
1260 1618 1336 1678 quse
1367 1599 1515 1678 Kepierus

164 1682 379 1762 objurgaverat
406 1684 550 1747 Roesiiuo
584 1686 737 1766 pertinent
770 1688 808 1748 ad
840 1688 919 1749 iliius
952 1687 1059 1749 librum
1092 1707 1169 1748 anno
1205 1684 1287 1751 1597
1317 1688 1514 1767 (Argentor.)

161 1772 191 1834 in
224 1772 553 1850 prosternentem,
583 1794 674 1854 quern
703 1775 871 1854 inscripsit:
918 1775 1128 1839 Tractatus
1155 1774 1515 1859 Meteorastreiogi-

158 1862 358 1943 physicus,
391 1863 450 1924 dus
473 1864 532 1934 ist,
556 1884 633 1925 coss
654 1864 818 1946 rieidigem
841 1864 936 1943 leus
955 1865 1012 1926 der
1037 1864 1191 1937 Cometen,
1215 1862 1515 1927 Zusammenlerteh-

161 1958 237 2031 tunp
259 1949 318 2010 der
341 1948 506 2023 Pinneten,
529 1950 658 2014 etiicher
681 1952 808 2015 Herren
839 1953 1049 2027 Natisitc'itcn,
1082 1953 1260 2016 uetiti-licite
1288 1953 1517 2035 Vermornnpen

161 2038 225 2099 end
247 2039 297 2099 ein
324 2038 525 2121 Weissapung
552 2061 609 2103 uon
632 2041 896 2124 Veninderunpeu
919 2042 977 2105 oter
999 2042 1201 2124 Regimenten
1228 2043 1261 2104 in
1284 2042 1518 2125 Kduigreichen

163 2127 225 2189 ond
246 2127 530 2193 Fttrstenthumben
557 2130 615 2191 der
642 2128 717 2192 Welt
738 2131 801 2193 oud
821 2131 945 2193 andern
966 2132 1129 2214 wichtigen
1146 2133 1204 2208 dc.
1226 2129 1364 2205 Suelteri,
1396 2151 1431 2193 so
1448 2130 1517 2193 sich
1587 2128 1592 2139 ’
1642 2152 1668 2195 ·.

163 2261 220 2278 ...
242 2235 300 2277 oon
314 2215 392 2299 jetet
414 2237 457 2279 nn
479 2218 542 2279 biss
565 2213 659 2279 1601
681 2221 810 2299 beprbcn
831 2220 969 2292 werden,
995 2220 1066 2280 itern
1082 2220 1120 2280 ad
1136 2220 1209 2280 iilud
1232 2219 1311 2299 quod
1326 2237 1417 2298 supra
1432 2218 1512 2279 dixi-

164 2324 231 2365 nrns
254 2302 505 2384 „Iudicium“.
553 2307 618 2367 Hoc
644 2305 833 2381 „Judicium“
863 2307 999 2370 defendit
1025 2306 1187 2369 Roeslinns
1211 2326 1277 2387 cap.
1303 2307 1376 2368 VL:
1410 2306 1516 2388 Resu-

161 2396 242 2457 tatio
265 2393 327 2456 und
357 2392 577 2476 Widerlepunp
599 2395 723 2464 dessein,
753 2416 788 2456 so
812 2396 902 2458 Herr
918 2394 1099 2478 Kepplems
1121 2395 1221 2457 wider
1241 2395 1324 2456 miro
1347 2392 1518 2476 Schreibers

164 2502 232 2544 nom
267 2503 372 2544 nerum
409 2482 504 2546 Stern
543 2484 599 2546 des
636 2479 736 2545 1604.
771 2484 873 2546 Jahrs
909 2504 1119 2567 ausspcupeu,
1158 2483 1351 2565 cinpesithrt:
1400 2482 1515 2543 Deinde

166 2572 266 2649 capite
293 2571 378 2632 tlt:
404 2572 482 2634 Dus
505 2572 558 2634 die
580 2570 763 2654 Astroloyia
786 2573 838 2634 ein
860 2574 963 2635 rechte
984 2570 1162 2635 nutttrliche
1184 2571 1246 2633 und
1269 2571 1377 2634 Gottes
1406 2570 1517 2634 Werrie

160 2660 326 2742 praecide
348 2660 454 2724 Kunst
483 2681 551 2744 sey,
583 2661 683 2725 wider
710 2660 803 2723 Jono
829 2660 949 2724 Picum
970 2659 1251 2734 Mis-eredulitatem,
1284 2660 1347 2723 ond
1377 2660 1438 2722 dus
1464 2660 1517 2722 die

163 2747 388 2831 Aussther'lunp
422 2749 478 2811 des
509 2749 668 2812 Himmets
700 2751 734 2813 tn
764 2751 850 2811 seins
879 2751 1003 2831 prades
1032 2750 1095 2812 und
1122 2746 1166 2810 12
1188 2749 1326 2812 Zeichen
1357 2746 1518 2812 badelich

166 2838 230 2900 und
251 2859 311 2900 non
335 2837 412 2899 Gott
433 2837 502 2900 also
523 2839 673 2921 peordnet
694 2859 758 2921 sey,
780 2838 881 2901 under
903 2839 955 2901 Jo.
980 2836 1183 2921 Kepplemm.

254 2924 340 3001 Quae
364 2927 404 2987 ad
427 2927 503 2989 haec
526 2927 681 3007 respondit
695 2927 843 3006 Kepierus
867 2936 1029 3008 sequentes
1053 2926 1195 2988 exhibent
1217 2923 1361 3004 paginae3
1386 2922 1542 2987 onnes:

163 3015 216 3077 lini
239 3016 340 3078 iibeiio
364 3035 417 3077 nos
441 3035 479 3076 es
501 3024 617 3077 tanturn
640 3016 823 3088 addidimus,
856 3035 932 3096 quse
955 3016 1104 3095 Kepierus
1124 3015 1152 3076 in
1177 3013 1370 3093 responsione
1399 3033 1455 3075 sna
1479 3033 1518 3076 ex

165 3105 216 3166 iilo
250 3104 391 3165 addenda
422 3104 523 3166 omisit
551 3114 604 3167 aut
635 3105 725 3166 verbo
753 3112 869 3165 tantum
900 3104 1060 3184 significat.
1107 3102 1270 3165 Roestinus
1299 3102 1418 3182 quidem
1459 3102 1516 3164 ob-

165 3193 288 3263 mutuit,
320 3202 364 3267 et,
399 3193 505 3255 melius
534 3213 567 3255 se
596 3202 748 3255 versatum
777 3193 953 3255 existimans
981 3192 1009 3254 in
1032 3190 1272 3272 chronologicis.
1304 3190 1420 3253 hiennio
1446 3198 1517 3270 post

96 3363 98 3365 Ι
164 3282 369 3362 quaestionem
404 3290 521 3344 tautum
553 3301 675 3343 mouens
714 3284 751 3343 de
784 3282 996 3343 observatione
1030 3282 1215 3344 Batavorum
1251 3279 1281 3341 in
1311 3280 1516 3358 septentrione

165 3370 248 3445 (vide
281 3390 371 3453 supra
405 3378 436 3432 et
468 3369 607 3450 Opticam
636 3371 788 3451 Kepieri)‚
830 3370 950 3432 inalio
980 3371 1069 3444 libro,
1107 3389 1193 3449 quern
1228 3367 1400 3446 inscripsit:
1439 3368 1514 3429 Pro-

165 3460 285 3521 dromns
310 3460 557 3521 dissertationum
571 3459 884 3539 cosmographicsrnnr
908 3460 979 3531 bs,
1001 3458 1141 3520 Francos.
1167 3453 1259 3519 1612.
1304 3454 1516 3534 Kepierisen-

164 3548 290 3610 tentiarn
314 3548 351 3609 de
376 3567 453 3610 anno
474 3547 588 3611 Christi
613 3547 752 3610 rrataiitio
776 3566 939 3627 aggressus
963 3555 1020 3609 est.
1068 3545 1154 3616 Quae
1178 3545 1206 3606 in
1232 3545 1288 3605 hoe
1311 3544 1423 3622 scripto
1441 3561 1515 3623 pro·

168 3636 272 3699 tulerit
308 3636 484 3705 Roesiiuus,
527 3657 565 3698 ea
596 3637 734 3716 leguntur
767 3636 845 3697 inter
875 3635 993 3715 scripte
1024 3633 1147 3713 Kepieri
1180 3631 1406 3711 chronologiea;
1440 3633 1515 3693 haee

165 3734 285 3787 tanturn
308 3743 405 3804 panca
433 3744 471 3786 ex
494 3726 545 3787 iilo
570 3726 754 3787 desumenda
781 3724 965 3791 censuimus,
999 3720 1145 3802 e'qnibus
1170 3728 1310 3801 apparet,
1343 3738 1400 3781 non
1425 3738 1516 3799 aegre

164 3814 270 3877 tulisse
295 3813 470 3876 Roeslinum
498 3814 620 3894 Kepieri
655 3812 951 3892 „Responsionern“:
980 3811 1057 3872 Deru
1088 3810 1233 3889 Kepiero,
1268 3808 1393 3870 meinem
1425 3818 1515 3888 gnten

164 3904 299 3966 Frenndt
327 3903 386 3965 vnd
409 3903 603 3965 Landsrnann
633 3904 684 3983 gib
712 3902 760 3964 ich
792 3908 878 3963 sonst
906 3901 935 3962 in
964 3901 1042 3962 siien
1071 3898 1345 3961 Mathematischen
1375 3897 1516 3959 Khnsten

165 4011 218 4053 vor
240 3993 320 4054 alien
341 3990 506 4054 Gelehrten
540 3992 568 4054 in
592 3992 645 4053 der
669 3991 754 4052 Weit
775 3992 907 4069 patrnam
935 3990 995 4051 vnd
1019 3990 1075 4050 deu
1099 3988 1225 4069 Preyss,
1264 3986 1322 4048 vnd
1354 4004 1398 4047 wo
1422 4004 1455 4046 er
1486 3985 1515 4046 in

166 4079 302 4163 Physicis
329 4080 389 4141 vnd
418 4082 494 4143 auch
521 4081 550 4142 in
575 4078 804 4158 chronologicis
832 4078 1029 4157 zugetroffen,
1059 4077 1096 4154 ja
1122 4086 1219 4137 etwan
1247 4074 1515 4152 wahrgenornnren,

166 4169 237 4231 dass
275 4169 322 4231 ich
348 4169 515 4231 ubersehen
553 4170 606 4231 het
635 4170 703 4243 he,
738 4169 792 4229 dns
824 4167 931 4228 nimine
960 4166 1006 4227 ich
1038 4166 1114 4227 alles
1142 4164 1196 4225 mit
1224 4162 1380 4224 sunderenr
1408 4160 1515 4231 Dsnck

166 4276 223 4319 von
242 4256 307 4336 jhm
331 4277 380 4319 sn.
425 4258 551 4331 Deinde,
576 4277 722 4338 quaerens
746 4258 785 4317 de
806 4257 995 4334 planetarum
1019 4253 1150 4323 orbibus,
1174 4250 1276 4312 addit:
1302 4248 1371 4309 Kan
1395 4267 1428 4310 er
1450 4248 1515 4310 sol·

165 4347 237 4408 ebes
266 4346 323 4408 ohn
347 4346 505 4426 gelachter
528 4346 610 4407 nicht
634 4345 787 4408 herichten
813 4347 861 4416 (er
883 4362 967 4405 mnes
992 4341 1068 4403 doeh
1092 4341 1156 4401 sein
1172 4337 1274 4400 Weiss
1295 4338 1336 4398 im
1350 4335 1515 4423 Schreiben

121 4494 124 4500 .
165 4435 388 4498 vndVexieren
411 4437 516 4498 immor
539 4433 667 4509 haben),
692 4433 749 4514 iigt
771 4432 855 4495 nicht
874 4452 923 4505 arr,
946 4431 993 4493 ich
1008 4430 1067 4492 ken
1081 4428 1129 4490 ein
1143 4427 1222 4510 Spot
1235 4426 1291 4489 noi
1306 4432 1456 4506 ertragen.

874 4798 875 4801 ,
882 4798 888 4803 .
