3609 5634
251 345 318 411 240
803 346 927 412 ΑΜ
945 345 1069 408 Meti·

253 508 314 568 rint
336 504 598 580 accommodatae,
631 522 743 566 morem
770 504 848 566 hunc
871 522 974 566 rerum
1006 504 1202 566 concludendi
1231 524 1290 567 non
1318 505 1464 581 retinent,
1500 503 1556 566 sed
1579 522 1616 565 se

254 596 336 672 ipsas
359 593 497 672 produnt.
545 594 594 654 Ita
617 593 740 654 tandem
763 593 811 666 lit,
835 600 960 672 propter
983 593 1224 673 syllogismorum
1248 594 1277 655 in
1302 592 1615 656 demonstrationibus

254 683 430 763 implexum,
465 692 499 743 ut
520 699 579 741 uuo
602 681 822 741 inconvenienti
845 682 917 742 dato
941 689 1106 760 sequantur
1133 682 1251 745 infiniti.
1299 680 1375 744 Cum
1400 682 1504 762 itaque
1526 694 1614 742 nemo

253 790 365 844 eorum,
389 789 462 850 quos
477 769 689 851 hypothesium
702 778 840 834 auctores
865 770 1062 842 celebramus,
1091 770 1123 832 in
1146 770 1279 849 periculo
1295 771 1410 832 versari
1432 770 1508 832 velit
1529 788 1615 831 erro-

255 861 295 921 ris
325 859 405 921 circa
432 858 654 927 conclusiones,
688 866 723 918 ut
751 867 821 918 ante
850 858 913 919 dixi
953 859 1101 938 seqnitur,
1136 866 1170 919 ut
1198 874 1294 939 neque
1326 859 1485 939 qnisquam
1505 876 1616 921 ‚eornm

255 949 332 1009 inter
354 947 538 1028 hypotheses
562 966 633 1008 suas
660 945 775 1026 aliquid
801 946 876 1008 velit
903 946 1038 1025 recipere
1066 947 1181 1022 sciens,
1215 948 1295 1027 quod
1321 949 1415 1009 errori
1446 947 1489 1008 sit
1516 946 1614 1009 obno-

253 1037 344 1097 xium.
391 1035 537 1115 Adeoque
561 1054 621 1095 non
644 1041 762 1096 tantum
786 1035 823 1095 de
847 1034 1137 1097 demonstrationum
1160 1043 1271 1097 eventu
1301 1044 1333 1097 et
1362 1034 1615 1107 conclusionibus,

254 1125 308 1185 sed
331 1141 422 1202 saepe
445 1124 542 1202 magis
567 1124 604 1184 de
628 1123 772 1185 assumtis
795 1122 1013 1203 hypothesibus
1042 1123 1165 1185 solliciti
1189 1132 1294 1185 sunt:-
1308 1125 1385 1186 adeo
1409 1124 1495 1199 illas,
1525 1130 1617 1204 quot-

254 1221 328 1293 quot
355 1214 452 1273 adhuc
484 1213 546 1273 lere
570 1212 691 1273 fuerunt
723 1218 863 1272 auctores
887 1211 1038 1285 celebres,
1074 1230 1141 1274 cum
1169 1213 1360 1291 geometricis
1393 1220 1458 1275 tum
1481 1212 1616 1294 physicis

206 1319 209 1325 ’
254 1300 420 1362 rationibus
444 1300 617 1380 expendunt
641 1308 673 1361 et
696 1299 885 1380 undiquaque
910 1300 1088 1361 conciliatas
1112 1301 1243 1381 cupiunt.

343 1386 424 1458 Quid
446 1388 539 1468 igitur
562 1396 625 1462 est,
651 1388 755 1463 dicas,
791 1389 869 1467 qnod
892 1407 960 1449 cum
983 1406 1085 1450 omnes
1109 1390 1232 1451 eosdem
1262 1396 1364 1451 motus
1387 1390 1537 1451 coelestes
1559 1389 1616 1450 de-

255 1485 442 1547 monstrent,
476 1484 565 1538 tanta
597 1485 698 1538 tamen
732 1477 773 1537 sit
805 1476 1019 1556 hypothesium
1049 1477 1233 1539 diversitas?
1278 1478 1346 1540 Non
1380 1496 1454 1539 sane
1486 1477 1518 1539 id
1546 1476 1616 1538 inde

254 1567 375 1629 evenire
399 1565 631 1627 existimandum
657 1573 720 1638 est,
754 1566 830 1644 quod
856 1584 894 1625 ex
917 1565 996 1626 falso
1020 1584 1123 1627 verum
1151 1585 1205 1645 per
1228 1566 1368 1629 accidens
1396 1566 1480 1646 sequi
1504 1567 1614 1628 soleat.

254 1656 348 1729 Nam,
379 1663 413 1716 ut
436 1662 507 1714 ante
532 1654 614 1721 dixi,
645 1654 676 1714 in
700 1655 790 1731 longo
814 1654 1103 1715 demonstrationum
1132 1655 1309 1733 pervarias
1338 1654 1534 1736 syllogismos
1558 1673 1615 1716 an-

253 1744 365 1817 fractu,
400 1743 504 1823 quales
531 1743 632 1803 solent
654 1742 683 1803 in
712 1741 899 1803 astronomia
922 1742 1070 1811 existere,
1102 1743 1165 1805 lieri
1189 1742 1240 1804 rix
1267 1761 1396 1823 unquam
1428 1750 1546 1822 potest,
1580 1761 1616 1804 ac

253 1832 325 1893 mihi
348 1849 421 1893 sane
446 1831 613 1910 exemplum
637 1848 696 1891 nnn
720 1830 864 1905 occurrit,-
883 1838 918 1891 ut
943 1849 980 1890 ex
1004 1839 1142 1892 assumta
1164 1849 1223 1893 non
1242 1851 1318 1893 sana
1332 1831 1493 1912 hypothesi
1516 1831 1616 1893 exitus

254 1920 444 2000 undiquaque
469 1939 561 1980 sanus
585 1927 618 1979 et
640 1918 716 1979 coeli
740 1918 872 1980 motibus
896 1919 1053 1997 anuloque,
1078 1926 1132 1980 aut
1155 1919 1237 1992 talis,
1260 1921 1378 2001 qualem
1401 1921 1467 1981 vult
1490 1920 1615 1982 demon-

254 2017 394 2080 stratum,
417 2014 571 2086 sequatur.
619 2005 680 2068 Sed
705 2024 759 2067 nec
783 2025 903 2086 semper
927 2006 1004 2067 idem
1028 2007 1157 2070 efficitur
1185 2027 1239 2088 per
1261 2009 1399 2070 diversas
1423 2008 1616 2090 hypotheses,

254 2096 372 2175 quoties
396 2095 563 2174 imperitior
586 2094 695 2174 aliquis
719 2094 800 2156 idem
823 2095 902 2156 effici
925 2103 1024 2174 putat.
1072 2093 1158 2166 Quae
1180 2115 1217 2158 ex
1232 2095 1430 2176 Copernici
1454 2108 1618 2177 sequuntur

255 2184 487 2266 hypothesibus,
513 2203 551 2245 ea
571 2183 745 2261 Maginns
769 2203 806 2244 ex
830 2183 899 2245 aliis
922 2184 1076 2257 similiter,
1100 2186 1197 2263 quoad
1221 2203 1373 2259 numeros,
1398 2185 1618 2247 demonstravit

254 2272 481 2353 hypothesibus,
507 2290 582 2351 qnae
607 2271 800 2333 Ptolemaicis
824 2279 928 2333 essent
951 2272 1157 2350 utplurimum
1171 2274 1349 2335 conformes.
1363 2268 1389 2347 ²)
1434 2274 1515 2335 Num
1537 2274 1616 2335 idem

125 2412 127 2417 .
169 2414 172 2419 ,
253 2370 376 2441 uterque
400 2361 563 2440 praestat?
608 2359 733 2421 Minime
757 2360 903 2438 gentium.
952 2358 1137 2439 Copemicus
1159 2362 1277 2440 quidem
1301 2380 1424 2424 causam
1448 2362 1536 2424 simul
1559 2362 1615 2422 de-

256 2458 427 2511 monstrare
451 2449 548 2509 voluit
571 2455 604 2508 et
626 2447 849 2523 necessitatem,
875 2467 927 2510 cnr
949 2447 1090 2526 planetae
1105 2449 1274 2528 superiores
1298 2452 1327 2511 in
1343 2450 1532 2530 oppositione
1550 2468 1615 2512 cum

255 2538 327 2599 Sole
351 2555 469 2619 semper
493 2544 597 2598 essent
619 2535 722 2598 Terris
745 2536 884 2616 proximi,
908 2544 1119 2619 praeterquam
1143 2539 1220 2616 quod
1242 2538 1372 2600 numeria
1396 2557 1498 2601 eorum
1516 2547 1615 2601 motus

256 2627 284 2687 in
308 2636 462 2707 posterum
486 2625 615 2686 voluerit
638 2633 877 2703 repraesentare.
925 2625 1068 2706 Maginus
1092 2626 1204 2687 omisso
1227 2627 1294 2701 illo,
1328 2628 1406 2707 quod
1430 2625 1615 2707 Ceperuicne

256 2716 283 2775 in
308 2713 503 2776 Ptolemaicis
528 2713 713 2775 desideravit
740 2722 772 2774 et
795 2712 823 2773 in
848 2713 911 2774 suis
940 2712 1196 2793 suppositionibus
1220 2734 1277 2776 non
1300 2717 1385 2794 parvi
1414 2717 1501 2791 fecit,
1534 2716 1615 2778 solos

256 2822 393 2865 numeros
419 2800 577 2880 Copernici
602 2802 659 2863 fuit
681 2802 828 2863 imitatus.
876 2801 909 2862 In
936 2800 1103 2881 Cupernico
1126 2803 1277 2883 seqnitur,
1301 2805 1432 2866 Martem
1443 2805 1615 2882 ,admittere

254 2892 423 2970 parallaxin
447 2890 593 2969 majorem
616 2889 700 2963 Sole,
722 2890 751 2951 in
767 2890 892 2969 Magino
918 2891 975 2953 hoc
997 2891 1118 2953 minime
1143 2893 1287 2971 sequitur.
1334 2894 1434 2956 Mults
1457 2894 1505 2956 hic
1523 2912 1615 2973 prae-

254 2992 348 3043 tereo.
395 2980 443 3041 Ac
468 2979 526 3039 etsi
550 2980 688 3039 diversae
713 2978 832 3057 aliquae
855 2979 1040 3058 hypotheses
1063 2980 1144 3041 idern
1159 2980 1277 3042 omnino
1293 2989 1452 3059 praestent
1465 2984 1494 3045 in
1514 2990 1616 3044 astro-

255 3069 395 3141 nomicis,
420 3069 500 3146 qnod
524 3067 564 3128 de
598 3087 654 3127 sua
678 3065 951 3145 Copemicanarum
974 3068 1140 3130 mutatione
1158 3068 1410 3132 Rothmannus
1433 3069 1463 3131 in
1487 3070 1618 3150 epistola

255 3159 295 3218 ad
316 3157 355 3219 D.
381 3156 552 3235 Tychonem
572 3154 719 3233 jactavit,
753 3154 924 3216 differentia
953 3163 1054 3218 tamen
1078 3176 1169 3236 saepe
1195 3166 1243 3220 est
1275 3159 1499 3220 conclusionum
1522 3177 1617 3220 causa
1687 3196 1697 3208 ·

255 3245 381 3322 alicujus
397 3242 647 3304 considerationis
662 3242 815 3322 physicae.
827 3236 855 3322 ⁸)
903 3242 955 3305 Sic
979 3245 1038 3306 etsi
1055 3246 1173 3307 omnino
1189 3248 1311 3309 eosdem
1325 3248 1451 3327 Tycho
1475 3265 1615 3310 nmneros

255 3331 471 3414 hypothesibus
494 3332 556 3392 suis
581 3331 771 3408 exprimeret,
792 3349 866 3410 qnos
890 3332 983 3393 habet
999 3330 1195 3411 Copernicns,
1220 3336 1270 3415 qui
1288 3344 1391 3397 tamen
1415 3336 1518 3398 vitiosi
1533 3343 1613 3410 sunt,

254 3422 283 3482 in
308 3422 364 3482 hoc
388 3427 488 3481 tamen
514 3419 648 3481 differret
677 3419 824 3480 intentum
853 3420 1141 3484 demonstrationum
1165 3423 1315 3505 Tychonis
1344 3446 1364 3486 a
1388 3423 1614 3503 Copernicanis,

156 3586 162 3591 „
254 3509 331 3589 quud
354 3516 475 3587 praeter
497 3507 733 3586 praedictionem
763 3507 930 3569 'futurorum
963 3518 1097 3573 motuum
1120 3513 1204 3590 cupit
1226 3513 1320 3585 etiam
1343 3514 1457 3576 evitare
1485 3513 1615 3575 immen-

255 3598 376 3659 sitatem
399 3598 481 3658 illam
505 3597 630 3657 fixarum
654 3596 772 3675 aliaque
796 3616 872 3676 quae
888 3595 1073 3677 Copemicus
1087 3600 1223 3662 admittit
1244 3601 1274 3662 in
1289 3622 1345 3664 sua
1359 3602 1530 3683 hypothesi.
1568 3603 1618 3664 Ita

255 3685 444 3746 conclusione
473 3693 591 3746 mutata
621 3685 804 3766 hypotheses
827 3686 929 3748 varius
953 3687 1084 3749 existere
1112 3707 1236 3759 necesse
1260 3698 1318 3753 est.
1366 3690 1614 3753 Inconsideratus

256 3791 326 3833 vero
350 3772 476 3852 aliquis,
511 3774 550 3834 ad
584 3774 665 3835 solos
697 3792 837 3835 numeros
868 3775 1049 3854 respiciens,
1092 3776 1171 3838 idem
1203 3797 1241 3839 ex
1270 3779 1365 3842 variis
1394 3779 1614 3861 hypothesibus

256 3862 388 3941 adeoque
411 3879 515 3923 verum
538 3881 577 3923 ex
601 3862 686 3923 salsis
710 3862 794 3941 sequi
818 3861 1019 3924 existimabit.

344 3946 416 4030 Qui,
432 3950 471 4010 ad
495 3950 572 4010 hanc
600 3968 735 4011 normam
759 3951 858 4011 omnia
882 3952 1073 4031 expenderit,
1108 3971 1181 4014 sane
1210 3954 1314 4016 nescio
1345 3974 1383 4016 an
1411 3954 1456 4016 illi
1487 3954 1551 4017 nlla
1574 3956 1616 4015 sit

255 4055 416 4099 occursura
439 4038 631 4117 hypothesis,
666 4057 719 4098 sen
742 4038 871 4116 simplex
895 4058 949 4101 seu
972 4040 1155 4120 composita,
1190 4061 1265 4122 quae
1295 4061 1354 4104 non
1377 4043 1561 4122 peculiarem
1584 4052 1616 4105 et

255 4127 294 4187 ab
318 4126 454 4188 omnihus
478 4125 547 4186 aliis
572 4134 744 4205 separatam
778 4135 869 4207 atque
899 4127 1088 4190 differentem
1118 4130 1160 4191 sit
1182 4131 1353 4193 exhibitura
1381 4132 1614 4194 conclusionem.

255 4216 334 4276 Nam
356 4213 383 4276 si
405 4215 436 4276 ia
459 4215 652 4294 geometricis
675 4215 790 4276 duabus
814 4215 1035 4295 hypothesibus
1058 4218 1265 4281 conclusiones
1287 4220 1466 4295 coincidunt,
1491 4221 1521 4282 in
1535 4221 1614 4303 phy-

254 4303 326 4365 sicis
349 4311 451 4365 tamen
476 4303 627 4384 quaelibet
659 4303 785 4364 habebit
812 4323 899 4364 suam
927 4306 1107 4383 peculiarem
1139 4308 1344 4387 appendicem.
1392 4308 1454 4370 Sed
1478 4309 1549 4389 qnia
1576 4309 1615 4369 ab

255 4392 418 4456 artificibus
442 4391 496 4453 illa
518 4392 548 4453 in
572 4391 707 4474 physicis
731 4392 867 4453 varietas
891 4410 950 4454 non
975 4413 1094 4473 semper
1116 4397 1300 4458 considerari
1325 4397 1413 4471 solet,
1438 4396 1540 4479 illique
1555 4396 1614 4476 ipsi

254 4482 375 4562 saepius
405 4479 607 4560 cogitationes
635 4499 705 4541 suas
732 4480 814 4541 intra
842 4482 1025 4558 geometriae
1048 4485 1097 4545 vel
1121 4486 1322 4548 astronomiae
1351 4485 1495 4549 terminos
1528 4486 1613 4548 cohi-

254 4570 327 4631 hent
354 4570 442 4650 inque
466 4589 526 4630 una
553 4568 656 4649 aliqua
684 4567 812 4629 scientia
844 4569 881 4629 de
906 4571 1140 4651 aequipollentia
1169 4573 1379 4655 hypothesium
1404 4573 1610 4655 quaestionem

253 4658 430 4727 instituunt,
454 4656 639 4736 posthabitis
663 4656 789 4718 diversis
814 4657 962 4737 aequalis,
997 4679 1073 4740 quae
1096 4670 1236 4740 respectu
1261 4661 1394 4724 affinium
1418 4661 1612 4725 scientiarum

173 4744 177 4751 '
253 4746 430 4808 ventilatam
446 4746 711 4825 aequipollentiam
721 4745 889 4807 diminuunt
904 4755 937 4808 et
945 4748 1118 4811 destruunt:
1142 4768 1199 4829 par
1213 4759 1272 4826 est,
1291 4759 1326 4812 ut
1340 4771 1395 4814 nos
1410 4769 1525 4832 qnoque
1544 4770 1612 4812 ser-

253 4853 370 4898 monem
392 4842 426 4896 et
447 4834 672 4914 responsionem
694 4842 829 4897 nostram
852 4835 890 4896 ad
914 4834 1045 4916 ipsorum
1061 4837 1200 4919 loquendi
1214 4858 1327 4903 morem
1343 4840 1611 4903 accommodemus.
