3609 5634
715 373 1018 441 ammen-
1383 408 1389 416 ι
1483 374 1549 443 soa

167 527 262 592 iuter
292 549 349 605 nos
375 533 492 594 metat
515 533 562 594 rel
591 533 746 594 levissima
770 533 913 606 offendo,
940 552 977 595 ne
1005 534 1124 613 quidem
1148 553 1254 597 sexum
1278 533 1420 598 variavit
1466 536 1551 599 Nata
1619 593 1621 598 ,

169 618 255 681 mihi
282 629 331 682 est
352 622 415 682 iilia
439 620 607 684 Susanna
636 622 751 683 decimo
782 622 830 683 die
858 622 1034 701 priusquam
1064 622 1118 685 tibi
1144 623 1269 702 Sabina,
1294 625 1409 685 oriente
1432 621 1548 700 20⁰5,

168 706 274 770 Luna
298 709 327 770 in
352 706 468 785 30⁰5.
506 709 667 792 Reliquum
692 709 794 772 thema
813 710 878 790 jam
903 711 991 772 facile
1016 720 1185 775 construes.
1224 711 1311 782 Quod
1333 713 1411 776 diem
1427 713 1548 783 attinet,
1610 751 1613 758 ·

169 795 281 860 iacies
306 799 382 860 coeli
403 799 510 878 ἄλογος
533 809 601 862 erat
624 809 655 861 et
676 797 862 877 ἀταρμοςος,
888 818 955 862 curn
978 809 1102 879 praeter
1114 801 1295 864 Mercurium
1310 803 1409 866 nullus
1423 804 1550 882 planeta

170 887 316 948 alterum
339 888 526 968 adspiceret:
552 888 629 968 quod
644 887 749 949 horam
768 906 850 960 vero,
874 888 950 949 nihii
974 890 1072 967 potuit
1093 909 1161 952 esse
1186 889 1312 950 felicius.
1360 889 1423 951 Sed
1442 899 1548 953 osten·

170 974 228 1037 dit
250 975 332 1040 hunc
362 995 476 1057 quoque
511 977 626 1038 foetum
649 975 733 1038 Deus
764 984 796 1037 et
821 976 940 1055 eripuit.
988 977 1110 1040 Mortua
1133 988 1181 1039 est
1207 986 1395 1058 apostemate
1420 979 1548 1060 capitis:

171 1066 291 1142 (piane
315 1075 349 1129 ut
372 1068 466 1127 irater
494 1066 558 1145 ejus
582 1075 653 1127 aute
678 1068 803 1140 annum)
838 1085 905 1127 cum
929 1065 1057 1127 vixisset
1084 1068 1149 1129 dies
1166 1063 1227 1130 35.
1274 1067 1385 1129 Mortis
1408 1068 1438 1129 in
1463 1068 1548 1130 coeio

171 1155 299 1215 nulium
322 1164 389 1216 erat
412 1153 545 1234 siguum:
580 1174 673 1216 caasa
695 1155 822 1234 pertigit
844 1174 882 1216 ex
906 1162 1006 1229 utero,
1035 1175 1091 1219 seu
1114 1156 1210 1236 magis
1239 1176 1278 1220 ex
1300 1165 1401 1235 partu.
1448 1156 1548 1227 Quam

136 1286 143 1296 .
173 1243 207 1303 si
228 1242 320 1303 brevi
343 1253 430 1323 pater
453 1252 612 1323 sequatur,
646 1242 718 1304 nihii
745 1243 788 1306 illi
810 1243 979 1322 inopinanti
1004 1245 1131 1307 amitat.
1179 1244 1254 1308 Cum
1278 1245 1357 1307 enim
1379 1246 1493 1325 passim
1518 1246 1547 1307 in

173 1331 322 1410 Ungaria
348 1351 452 1393 cruces
482 1330 665 1412 sanguineae
697 1333 727 1393 in
749 1331 903 1394 hominum
920 1333 1107 1412 'corporibus
1139 1333 1258 1414 aliaque
1282 1334 1453 1414 hujusmodi
1476 1353 1546 1397 cru-

174 1428 257 1482 enta
279 1421 368 1499 sigua
391 1421 420 1482 in
445 1421 558 1482 foribus
583 1422 736 1495 domuum,
774 1421 802 1482 in
827 1421 974 1494 scamnis,
1000 1421 1029 1482 in
1054 1422 1219 1501 parictibus
1243 1433 1427 1503 appareant,
1454 1424 1547 1505 (quod

176 1510 365 1574 universalis
388 1510 581 1590 pestilentiae
608 1509 725 1589 signum
750 1518 881 1589 arguunt
904 1508 1076 1584 historiae),
1105 1512 1217 1591 primus
1242 1532 1299 1593 ego
1323 1513 1352 1572 in
1376 1512 1434 1573 bac
1463 1507 1546 1587 urbe,

178 1600 264 1678 quod
288 1598 401 1673 sciam,
434 1597 615 1661 cruciculam
643 1598 673 1659 iu
705 1596 828 1660 sinistro
857 1599 934 1677 pede
963 1601 1156 1680 conspicatus
1182 1619 1261 1678 sum,
1295 1601 1380 1680 cujus
1404 1601 1487 1663 color
1510 1619 1547 1662 ex

178 1733 349 1814 sanguineo
372 1732 484 1796 dilutus
508 1735 539 1794 in
565 1734 690 1800 luteum,
725 1734 821 1795 iorma
848 1744 881 1795 et
906 1733 1060 1814 quantitas
1083 1735 1171 1796 baec.
1223 1701 1315 1846 ᾧ
1383 1734 1483 1803 Locus
1516 1735 1546 1796 in

179 1868 271 1947 pede,
297 1886 355 1947 qua
378 1866 498 1929 dorsum
523 1866 611 1947 pedis
636 1867 673 1927 ad
698 1868 797 1929 volam
822 1887 945 1948 vergere
970 1867 1088 1949 incipit,
1115 1867 1213 1929 medio
1237 1861 1337 1946 spatio
1360 1865 1439 1929 inter
1462 1866 1545 1928 radi·

180 1975 235 2018 ces
260 1957 352 2024 tibiae
375 1964 407 2018 et
431 1956 600 2035 digitorum.
647 1953 848 2030 Crediderim,
883 1975 941 2017 non
971 1958 1031 2018 alio
1060 1955 1126 2017 loco
1153 1956 1244 2017 lixum
1273 1973 1341 2017 esse
1369 1955 1489 2018 clavum
1517 1956 1546 2017 ie

180 2046 259 2125 pede
285 2043 408 2107 Christi.
456 2043 586 2115 Quidam
618 2052 771 2123 guttarum
805 2046 1038 2125 sanguinearum
1071 2045 1188 2124 species
1222 2043 1387 2106 ostendunt
1413 2044 1444 2106 in
1476 2045 1547 2106 vola

180 2152 303 2207 manus,
336 2142 372 2196 ut
398 2134 496 2196 audio.
542 2132 623 2196 Nam
650 2132 697 2194 hic
726 2134 824 2196 adhuc
848 2134 922 2196 nibil
946 2135 1057 2210 simile,
1090 2141 1301 2214 praeterquam
1323 2132 1353 2194 in
1378 2152 1437 2195 me.
1484 2131 1547 2195 Sed

181 2223 255 2285 vola
277 2221 399 2285 Christo
422 2231 455 2284 et
478 2223 544 2302 ipsa
566 2223 713 2285 transfixa
742 2232 801 2284 est.
847 2223 962 2285 Verum
991 2233 1026 2285 ut
1053 2223 1174 2286 redeam
1203 2243 1222 2284 a
1250 2229 1347 2283 morte
1378 2222 1417 2284 ad
1442 2221 1547 2284 vitam.

182 2310 240 2374 Sol
263 2319 296 2373 et
317 2313 406 2374 Luna
428 2311 594 2373 Sabinulae
618 2319 688 2372 tuae
713 2311 905 2373 stabulantes
924 2312 953 2373 iu
969 2311 1156 2380 duodecima,
1182 2311 1267 2371 Luna
1290 2309 1455 2383 combusta,
1482 2311 1546 2371 dis-

182 2401 285 2462 soluta
316 2400 392 2461 coeii
427 2400 535 2474 iacies,
572 2400 654 2460 solus
677 2401 700 2476 e
721 2400 750 2461 in
773 2392 855 2478 Ut,
889 2408 922 2461 et
950 2410 1034 2461 ortus
1057 2402 1085 2462 in
1106 2392 1290 2477 ¹[]longob,
1325 2398 1466 2460 videntur
1488 2398 1544 2461 tibi

184 2508 301 2571 qnoque
325 2489 403 2551 idem
427 2489 535 2563 dicere,
571 2489 649 2568 quod
672 2488 744 2550 mihi
768 2490 887 2551 accidit.
936 2486 970 2550 si
994 2497 1020 2559 d
1042 2507 1097 2569 per
1119 2485 1171 2562 24,
1184 2484 1279 2562 3011,
1303 2484 1368 2552 81)
1392 2487 1543 2548 transiens

183 2579 260 2641 nihii
281 2577 416 2652 nocebit,
441 2576 591 2640 Saturnus
616 2585 716 2639 tamen
741 2597 819 2639 auno
848 2573 941 2651 1604,
958 2572 1057 2652 1605,
1087 2597 1154 2639 cum
1178 2585 1210 2638 et
1232 2575 1412 2638 directiones
1436 2595 1542 2639 acces·

183 2668 289 2740 serint,
313 2667 395 2728 vitae
418 2666 583 2746 periculum
605 2667 722 2727 sileret

271 2756 330 2817 Hic
353 2756 433 2836 apud
456 2774 510 2816 nos
535 2755 709 2835 dysenteria
731 2754 876 2834 plurimos
899 2754 1030 2816 omnium
1054 2763 1198 2828 aetatum,
1223 2753 1275 2815 sed
1294 2753 1389 2815 multo
1411 2753 1542 2816 maxime

186 2845 315 2906 infantes
344 2844 483 2906 absumit.
530 2843 644 2922 Aprilis
674 2842 753 2904 enim
782 2842 966 2905 siccissimus
991 2853 1111 2905 etcum
1136 2851 1222 2905 aestu
1246 2842 1442 2904 fundamenta
1466 2843 1543 2923 jecit

117 2971 123 2984 ·
158 2939 163 2946 '
185 2934 296 2996 aestati
320 2934 466 3006 torridae,
489 2951 565 3013 quae
589 2931 725 3011 frugibus
749 2932 873 2994 muitum
897 2932 1011 2995 nocuit.
1061 2931 1154 2994 Stant
1177 2931 1225 2994 hio
1251 2931 1388 3006 arbores,
1418 2934 1542 2995 summis

185 3021 286 3084 aridae
310 3022 475 3092 frondibus,
498 3022 622 3100 perinde
648 3041 683 3083 ac
707 3029 873 3100 presterem
896 3040 1024 3101 passae:
1055 3021 1191 3083 sednon
1217 3030 1322 3082 aestus
1345 3020 1415 3100 ilias
1438 3020 1541 3083 deior·
1591 3038 1595 3046 ’

185 3112 280 3172 mavit
300 3111 487 3196 immediate,
521 3111 574 3172 sed
601 3110 689 3191 copia
712 3109 866 3172 vermium.
914 3109 948 3173 Si
977 3111 1082 3171 eadem
1115 3119 1186 3173 sunt
1213 3129 1307 3191 penes
1331 3129 1404 3181 vos,
1441 3119 1543 3172 metuo

184 3209 252 3262 tuae
276 3201 385 3263 fibulae
409 3201 466 3261 hac
490 3205 609 3261 aestate
634 3198 740 3274 adhuc,
764 3217 801 3260 ne
826 3199 937 3262 similia
958 3200 1103 3280 patiatur.

254 3340 427 3399 Galsmitstes,
447 3355 509 3406 quas
529 3341 642 3401 diximus,
662 3341 788 3405 publicas,
813 3342 900 3406 quibus
920 3342 965 3390 riri
987 3340 1114 3407 ingenium
1131 3340 1234 3391 liberum
1258 3340 1290 3390 sd
1308 3341 1374 3390 bane
1391 3342 1542 3406 superstitio·
1603 3381 1607 3386 .

183 3427 241 3463 nem
257 3420 409 3476 pertractum
428 3419 480 3468 est,
498 3427 573 3478 quam
591 3414 742 3475 praemissae
760 3417 886 3463 testantur
902 3414 1005 3468 literae,
1029 3419 1156 3461 exorturus
1173 3412 1298 3477 ngniucst
1317 3412 1422 3474 epistola
1439 3411 1543 3476 Kapisri

184 3487 291 3548 superior
317 3482 387 3549 (pag.
407 3480 489 3544 299),
518 3485 678 3548 samuelem
697 3490 795 3534 mortae
822 3485 933 3534 reiorum
955 3483 1044 3533 literae
1070 3484 1102 3532 sd
1121 3482 1282 3532 Maestlinnm
1301 3489 1327 3533 et
1343 3482 1500 3532 Bernartuns
1519 3500 1541 3535 e.

183 3555 256 3606 linem
277 3558 334 3606 anui
355 3553 425 3604 1598
443 3556 518 3605 datae
544 3554 642 3618 (comp.
662 3571 686 3618 p.
706 3553 740 3604 te
759 3563 786 3605 et
803 3552 858 3616 99).
897 3555 968 3616 Quae
993 3556 1020 3603 iu
1043 3555 1082 3603 his
1100 3555 1159 3617 ipsis
1177 3553 1254 3602 literis
1282 3551 1337 3614 (29.
1357 3554 1423 3618 Aug.
1444 3551 1490 3616 99)
1517 3564 1543 3604 et

183 3629 212 3676 iis
231 3643 295 3692 quae
317 3629 363 3678 has
381 3628 531 3676 subsecutae
555 3633 620 3682 mint,
644 3627 753 3689 pluribus
781 3627 813 3675 de
840 3627 946 3676 turbatis
973 3625 1046 3674 rebus
1064 3625 1185 3686 Styriacis
1212 3639 1289 3689 aeger
1314 3625 1391 3674 animi
1408 3624 1542 3675 Maestiiue

184 3701 301 3757 nunciat,
334 3697 509 3762 Maestiinlqua
544 3711 688 3761 responsum
720 3707 807 3760 patum
834 3697 916 3746 suisti
945 3697 1079 3759 praebens,
1115 3695 1231 3760 leguntur
1263 3710 1339 3760 snpra
1371 3710 1396 3759 p.
1425 3693 1456 3744 51
1489 3712 1541 3763 sqq.

186 3769 280 3829 Quibus
297 3770 417 3833 inspectis
437 3783 511 3818 nemo
528 3769 592 3818 forte
613 3769 750 3827 mirabitur,
770 3776 907 3832 temporum
925 3768 1016 3829 injuria
1032 3773 1148 3816 metum
1162 3767 1347 3832 cruciatumque
1365 3768 1442 3816 nram
1460 3770 1542 3819 anime

183 3841 258 3891 inisse
277 3841 469 3891 conmrbam'et
487 3841 591 3895 incerto,
612 3845 638 3888 et
656 3840 689 3888 sd
708 3841 896 3903 superstitiones
915 3840 1141 3902 neminemne
1161 3838 1247 3888 sudes
1284 3821 1322 3892 io
1340 3839 1393 3903 ipso
1405 3853 1463 3888 vero
1481 3847 1544 3890 tem·

182 3927 253 3975 pore,
281 3918 430 3975 recuperata
447 3912 545 3975 propria
562 3917 668 3964 namra,
694 3911 869 3974 circumspexit
886 3910 1012 3966 subsidia,
1036 3911 1124 3974 quibus
1143 3909 1188 3959 sibi
1207 3910 1307 3973 suisque
1324 3912 1416 3960 rictum
1433 3919 1543 3974 pararet,

183 3996 261 4048 esque
280 3985 391 4047 arripuit,
410 3997 474 4047 quse
492 3984 538 4045 ipsi
555 3989 654 4045 morata
672 3988 760 4039 ansts
780 3996 836 4032 cnm
849 3981 968 4045 Tyrisone
987 3982 1040 4045 egit
1058 3981 1089 4031 ds
1102 3981 1209 4030 mdiu
1221 3981 1247 4030 in
1260 3977 1414 4042 Bohemism,
1433 3983 1542 4032 interim-

183 4068 236 4118 que,
256 4055 314 4105 dun
331 4055 379 4103 isoc
396 4055 524 4119 negotium
541 4054 567 4102 in
585 4067 704 4116 saepemo
722 4052 859 4113 haerebat,
886 4052 1067 4104 concinnandis
1086 4053 1259 4102 nativitatibus
1276 4053 1425 4103 mediocrem
1443 4055 1543 4118 conqui-

183 4126 253 4175 rebat
270 4127 409 4190 pecuniam.
446 4124 514 4174 Inter
533 4123 632 4187 Styriae
658 4123 754 4174 nobiles
778 4125 912 4188 praecipue
936 4124 1037 4174 iuvabat
1054 4123 1163 4188 KepIero
1181 4123 1244 4174 liber
1268 4124 1328 4174 baro
1353 4123 1384 4173 de
1402 4123 1542 4174 Herbar-

182 4198 288 4254 stein,
306 4211 409 4261 prsesm
427 4202 538 4245 tmuium
556 4194 669 4257 Styriae,
689 4197 731 4259 qni
750 4209 806 4244 cnm
824 4196 870 4245 sibi
888 4196 935 4258 ipsi
952 4202 1006 4244 tum
1025 4195 1080 4245 aliis
1097 4195 1218 4244 nobilibus
1234 4196 1335 4258 saepius
1354 4195 1456 4258 expetiit
1473 4194 1543 4259 Kep-

182 4267 227 4317 ieri
246 4269 423 4333 muclogienm
438 4268 573 4329 iudicium,
602 4266 652 4316 hae
669 4267 732 4316 leste
750 4267 827 4315 etiarn
845 4274 938 4327 mente,
958 4273 994 4323 ut,
1013 4267 1156 4320 iabuuubus
1174 4266 1245 4316 rebus
1265 4264 1385 4328 Styriaeis
1403 4271 1429 4314 et
1447 4267 1544 4316 uraris

182 4339 279 4402 putico
299 4341 420 4404 angustis
438 4351 537 4402 pressu,
567 4336 703 4401 Ksplerum
721 4337 875 4393 sublevaret,
905 4351 1011 4402 parcens
1029 4337 1144 4402 dignitati
1162 4338 1206 4386 riri
1231 4352 1305 4401 quem
1322 4337 1407 4401 magni
1424 4337 1543 4387 naemu

183 4410 241 4474 Egit
260 4425 315 4461 eum
334 4410 444 4473 Keplero
462 4410 595 4472 interprete
613 4423 673 4458 neus
699 4407 850 4458 Columsnno
869 4409 1061 4471 Zehentmajero
1080 4410 1226 4466 secretario,
1254 4410 1325 4470 eujus
1343 4407 1428 4458 literas
1446 4407 1545 4458 exbibet

182 4481 324 4531 iisnsetdm
340 4498 365 4545 p.
386 4477 438 4529 126
457 4495 492 4529 ss.
511 4481 583 4530 annis
606 4476 782 4529 1598-1999
801 4480 884 4530 datas.
920 4480 959 4530 Ex
975 4480 1013 4529 his
1031 4479 1095 4530 haec
1118 4486 1216 4529 tantum
1235 4480 1413 4542 excerpsimus:
1445 4479 1543 4537 ,Gene-

182 4567 222 4602 ses
238 4561 296 4604 tuas
316 4566 474 4616 summopere
488 4552 650 4603 commendat
669 4552 811 4601 Generum
837 4548 914 4612 (idem
932 4551 974 4601 iiie
992 4547 1180 4611 Hmberstein),
1204 4558 1230 4600 et
1254 4550 1384 4615 dinastiae
1403 4550 1544 4607 affirmarit,

182 4630 208 4673 te
225 4639 278 4673 rem
297 4640 346 4675 aen
363 4625 519 4688 tetigissem
539 4623 587 4673 illis
603 4623 719 4685 indiciis,
745 4635 810 4685 quae
828 4621 957 4673 Nobilibus
980 4624 1006 4674 iu
1023 4624 1125 4672 Austris
1143 4624 1284 4686 conscripta
1300 4629 1367 4672 suut.
1402 4620 1483 4671 Jussit
1499 4622 1545 4672 tibi

183 4695 330 4760 significari,
358 4702 388 4744 at
406 4694 553 4744 dilationem
570 4695 777 4746 remunerationis
794 4693 922 4756 patienter
938 4695 1002 4744 ierne
1019 4693 1094 4749 reiis,
1119 4706 1197 4758 nsque
1216 4693 1274 4743 dum
1296 4691 1338 4742 iile
1356 4694 1488 4744 Graeciam
1505 4708 1544 4744 re·

181 4781 280 4831 grauns
305 4768 388 4818 inerit.
424 4765 488 4816 Turn
515 4766 650 4817 bououfice
675 4766 720 4818 tibi
748 4764 866 4824 mutiet,
897 4771 925 4815 et
948 4764 1051 4814 niterim
1075 4771 1159 4815 tecum
1182 4772 1271 4830 agetur
1297 4763 1328 4814 de
1346 4765 1470 4816 nonnullis
1489 4765 1543 4816 silis

182 4840 236 4899 ejas
254 4839 352 4905 generis
370 4837 504 4888 laboribus
541 4838 652 4887 Abarim
668 4836 755 4900 ludicii
775 4849 854 4888 estse
871 4837 958 4900 scripsi
977 4837 1009 4888 ad
1029 4836 1178 4893 Gurnidum,
1197 4835 1385 4901 prouincialium
1402 4835 1509 4887 Carniae
1528 4850 1545 4888 a

184 4913 300 4969 secretis,
328 4915 358 4959 nt
375 4909 452 4972 instet
475 4909 511 4966 de,
525 4909 672 4967 honorario,
696 4922 729 4959 ne
745 4905 856 4960 laborem
882 4915 909 4960 et
931 4922 1032 4974 operam
1050 4909 1141 4960 frustra
1164 4907 1336 4974 impenderit-‘⁴
1356 4930 1391 4942 -
1409 4907 1440 4960 ln
1455 4908 1543 4962 iisdem
