3609 5634
277 344 340 411 100
529 377 536 392 ·
787 336 899 399 narn
918 331 1121 400 emmae

274 508 344 564 tiss:
374 506 441 561 item
462 502 582 576 angulos
603 499 892 571 prosthaphaereseon
914 497 1062 551 emundans
1084 495 1111 549 10
1137 496 1205 550 orbe
1225 509 1328 567 magno
1349 495 1468 550 Telluris
1488 498 1645 550 secundun

274 585 442 643 sententiam
463 581 657 653 Copernici.

354 666 423 719 Tab.
447 665 492 718 ll.
514 664 568 715 sic:
599 660 709 714 Tabula
730 659 763 711 11.
796 657 932 712 exhibens
959 657 1080 711 ordinem
1115 656 1298 725 sphaerarum
1321 655 1497 718 coelestium,
1527 661 1558 709 et
1583 661 1643 710 ut-

275 763 413 817 cunque
432 742 637 815 proportionem
653 739 757 794 orbium
778 744 809 791 et
822 738 1016 809 epicyclorurm
1039 742 1123 806 atque
1138 736 1258 806 angulos
1271 735 1317 788 rel
1337 750 1418 789 arens
1432 735 1643 805 prosthaphae·

276 843 375 884 resson
395 825 556 883 eorundem,
574 820 661 887 juxta
681 818 784 872 medias
805 817 963 882 distantias,
985 818 1132 870 secundnm
1152 821 1310 868 veterum
1331 816 1507 869 11011ιο11ιί00.

355 906 398 958 Ad
419 905 490 958 tab.
517 903 561 954 10.
585 900 655 953 haec
676 897 819 968 adscripta
838 903 918 952 sunt:
949 899 980 951 In
1001 904 1112 958 centro,
1135 897 1179 948 vel
1201 911 1303 964 prope,
1335 901 1380 948 est
1400 895 1460 950 801
1481 894 1641 949 immobilis.

276 987 325 1041 EF
344 984 461 1038 circulus
483 974 516 1045 b,
539 980 585 1051 qui
604 978 762 1033 restituitur
782 978 878 1031 diebus
900 976 938 1032 88
960 978 1028 1031 iere.
1072 977 1119 1029 CD
1134 983 1178 1028 est
1199 975 1317 1029 circulus
1339 971 1378 1040 Q,
1400 975 1479 1044 cujus
1499 974 1642 1029 revolutio

278 1065 352 1120 circa
373 1059 406 1121 Q
428 1069 473 1116 est
493 1061 596 1115 dierum
612 1060 671 1114 224
692 1075 751 1112 cum
766 1060 856 1113 besse.
898 1058 948 1111 ΔΒ
963 1057 1082 1111 mrcnlus
1098 1049 1140 1120 ὃ,
1161 1055 1241 1123 cujus
1255 1054 1392 1109 revolutio
1411 1055 1514 1109 diarum
1531 1050 1640 1114 365'1'r.

276 1145 386 1201 Dicitur
407 1141 507 1197 Orbis
528 1142 676 1211 Magnus
696 1145 812 1208 proptor
832 1154 912 1192 usum
932 1137 1121 1206 multiplicem.
1163 1136 1244 1190 Circa
1265 1129 1290 1199 ὁ
1311 1140 1356 1188 01ι
1376 1135 1531 1198 orbiculus,
1558 1138 1643 1190 velut

280 1224 435 1295 spicyclns,
457 1222 597 1291 sphaerae
617 1218 737 1273 Lunaris
758 1221 792 1272 ad
813 1223 854 1280 Δ,
876 1220 971 1271 eodem
991 1222 1067 1271 motu
1088 1232 1140 1287 per
1160 1217 1227 1269 anni
1248 1215 1368 1286 spatium
1389 1231 1450 1268 oum
1472 1207 1496 1279 ὃ
1517 1217 1551 1269 ad
1571 1233 1643 1270 ean·

278 1307 340 1359 dem
370 1303 482 1356 stellam
509 1303 593 1355 lixam
620 1299 737 1354 rediens.
778 1298 831 1353 Sed
854 1299 915 1367 ejus
945 1297 1059 1367 propria
1085 1295 1221 1350 revolutio
1248 1299 1282 1349 ad
1305 1290 1338 1353 Q
1360 1295 1449 1349 habet
1473 1294 1531 1349 dies
1552 1292 1640 1357 ast„

279 1384 333 1438 GH
353 1388 398 1436 est
419 1382 492 1435 orbis
508 1377 548 1444 d,
570 1379 617 1451 qui
637 1395 745 1434 cursum
766 1395 848 1433 unum
870 1380 922 1432 snb
942 1377 1033 1431 stellis
1053 1376 1116 1430 fisis
1138 1375 1196 1429 sive
1217 1379 1253 1429 ad
1268 1371 1301 1434 Q
1324 1373 1446 1430 absolvit
1458 1374 1553 1430 diebus
1569 1375 1641 1432 087.

279 1465 360 1518 Hunc
387 1461 494 1531 excipit
521 1467 586 1529 post
608 1476 738 1531 magnum
756 1458 941 1530 jutemellum
963 1458 1017 1519 IK,
1047 1457 1169 1526 sphaera
1189 1461 1227 1522 01,
1256 1457 1362 1511 habens
1386 1455 1518 1508 ambitum
1536 1456 1643 1510 dierum

279 1536 395 1601 43:327.
418 1541 485 1596 iere.
525 1541 585 1594 Lll‘
599 1549 644 1594 est
663 1539 692 1602 i,
714 1540 792 1607 cujus
813 1544 921 1607 tempus
943 1537 1109 1608 periodicum
1130 1536 1233 1591 dierum
1256 1530 1398 1595 soleat..

359 1621 447 1676 Fixse
461 1637 527 1674 rero
550 1621 652 1675 stellae
667 1621 756 1674 adhuc
779 1625 836 1673 tam
860 1617 1056 1673 inaestimabili
1072 1617 1220 1671 intervallo
1235 1616 1350 1671 altiores
1366 1622 1438 1680 sunt,
1462 1618 1497 1668 ut
1517 1618 1553 1670 ad
1567 1633 1642 1680 eam,

279 1708 417 1775 quaeest
439 1701 512 1754 inter
534 1695 566 1758 Θ
591 1708 620 1754 et
644 1693 686 1764 ὦ,
711 1701 888 1770 intercapedo
912 1699 1049 1754 sensibilis
1073 1716 1125 1752 non
1149 1697 1194 1752 sit.
1235 1699 1273 1753 Et
1294 1714 1347 1753 eae
1368 1704 1432 1752 sunt
1456 1696 1484 1749 in
1505 1707 1643 1766 extremo,

280 1782 352 1837 sicut
373 1777 406 1840 Θ
428 1781 457 1834 10
478 1787 588 1843 centro,
610 1781 720 1851 penitus
741 1780 900 1834 immobiles.
1360 1787 1366 1801 ’

361 1862 490 1932 Augurius
513 1861 603 1925 TGV,
628 1861 673 1913 vel
697 1877 777 1915 arcus
792 1861 848 1922 TV,
872 1857 1228 1929 prosthaphaeresis
1251 1865 1308 1921 est,
1338 1859 1397 1912 sive
1419 1860 1644 1928 parallaxis,

280 1959 363 2015 quam
386 1942 462 1995 orbis
485 1958 603 2011 magnus
628 1942 652 2015 ὦ
677 1943 712 1995 ad
736 1942 885 2010 sphaeram
907 1936 932 2006 ὀ
956 1941 1052 1994 habet.
1093 1939 1139 1993 Sic
1152 1938 1215 1993 PIN
1235 1944 1280 1991 est
1304 1938 1427 2005 ejusdem
1450 1941 1524 1994 orbis
1547 1941 1644 2011 magni

283 2022 442 2095 parallaxis
457 2019 706 2090 adspirassent,
732 2028 761 2074 et
774 2020 859 2081 PLN,
884 2020 942 2073 sive
956 2020 1001 2074 118
1023 2035 1118 2082 arcus,
1143 2021 1179 2073 ad
1201 2019 1348 2088 sphaeram
1362 2022 1387 2077 ι,
1429 2020 1473 2074 lta
1486 2020 1572 2084 XAY,
1595 2021 1645 2074 rel

282 2104 335 2158 ΧΥ
358 2118 453 2165 arcus,
484 2107 528 2155 est
557 2101 714 2170 paralleris
739 2093 780 2164 ὀ,
810 2105 842 2154 ιιι
865 2107 895 2153 et
919 2099 1014 2163 ΖΑΒ,
1042 2100 1087 2168 pel
1111 2098 1182 2163 ZAE,
1214 2099 1352 2168 sphaerae
1375 2095 1397 2162 Q
1426 2100 1582 2168 parallaxis
1607 2102 1644 2154 sd

281 2183 374 2237 orbem
393 2197 438 2235 me
477 2195 532 2234 um.

367 2198 616 2329 Quaequoripsit
630 2259 769 2328 Keplerus
793 2259 943 2313 tabulas
960 2261 1004 2313 ll.
1028 2259 1098 2312 haec
1117 2264 1195 2313 sunt:
1220 2258 1252 2312 In
1275 2247 1409 2321 centro&
1433 2263 1485 2322 eat,
1510 2257 1572 2311 sola
1594 2257 1644 2311 im·

282 2341 398 2396 mobilis.
420 2340 533 2394 lntimus
549 2331 656 2404 circa&
673 2338 811 2392 orbiculus
820 2339 918 2392 Lunae
928 2339 1077 2409 sphaeram
1086 2343 1289 2407 repraesentat,
1300 2338 1378 2406 cujus
1388 2345 1477 2393 motus
1486 2344 1644 2392 menstruus

283 2428 337 2475 est.
380 2421 461 2473 Hanc
484 2418 608 2488 proxime
633 2417 654 2482 h
677 2418 750 2472 orbis
774 2419 937 2472 circumdat:
966 2435 1046 2489 quem
1069 2417 1194 2488 sequitur
1216 2407 1256 2481 Q,
1280 2423 1310 2470 et
1332 2425 1431 2486 postea
1455 2411 1487 2475 Q
1511 2418 1643 2487 sphaera,

284 2515 379 2555 annua
392 2515 485 2553 omnes
499 2497 678 2552 conversione
691 2498 837 2552 volubiles.
879 2498 1057 2569 Reliquorum
1071 2498 1153 2552 trium
1168 2498 1346 2568 superiorum,
1370 2494 1396 2556 <5
1404 2539 1412 2561 ‚
1436 2496 1472 2560 ll,
1496 2497 1527 2559 b,
1551 2498 1643 2561 orbes,

285 2583 402 2635 lixarum
418 2594 525 2649 quoque
541 2578 687 2631 stellarum
709 2579 865 2647 sphaeram,
890 2595 980 2643 arcus,
1005 2595 1073 2649 quos
1093 2572 1207 2643 circa&
1237 2593 1287 2631 ceu
1306 2583 1428 2632 centrum
1450 2577 1575 2648 integros
1596 2580 1644 2631 de·

285 2660 407 2715 scribere
432 2664 462 2710 et
483 2657 621 2726 complere
646 2655 759 2727 quisque
782 2664 885 2727 potest,
909 2657 1039 2712 indicant.
1081 2655 1195 2716 dorbis
1218 2656 1327 2712 biennio
1349 2657 1533 2719 convertitur;
1557 2656 1644 2717 llan-

283 2757 332 2795 nos
350 2739 385 2792 12
401 2753 482 2809 quam
496 2735 621 2806 proxime
634 2735 757 2806 requirit
779 2744 809 2790 et
831 2735 973 2796 1101030
989 2754 1084 2792 annos.
1125 2738 1212 2809 Tisse
1227 2737 1327 2791 stellae
1349 2737 1541 2793 4900000010
1557 2737 1646 2807 juxta

283 2817 516 2888 Alphonsinorum
540 2815 646 2885 placita
666 2815 805 2883 periodum
828 2816 989 2872 restituunt.
1032 2818 1158 2879 Quantas
1182 2816 1351 2888 singulorum
1376 2809 1561 2887 (01001011)
1584 2818 1644 2887 epi-

284 2897 355 2969 cycli
370 2897 398 2951 in
412 2895 583 2950 concentrico
599 2894 701 2948 circulo
714 2895 983 2964 prosthaphaereses
1007 2897 1034 2951 in
1049 2897 1144 2951 mediis
1159 2896 1297 2951 distantiis
1321 2897 1433 2959 iaciant,
1459 2913 1538 2950 arcus
1562 2897 1646 2951 rectis

283 2969 360 3041 0ιό
382 2976 472 3030 ductis
496 2982 526 3030 et
546 2975 685 3044 epicyclos
707 2974 831 3045 singulos
853 2976 1034 3046 tangentibus
1058 2977 1213 3046 intercepti,
1238 2976 1338 3031 additis
1356 2979 1493 3048 &eduum
1516 2978 1645 3042 numeris,

284 3061 447 3112 monstrant.

275 3142 277 3144 ’
365 3131 396 3199 11)
421 3136 481 3188 Hoc
501 3133 589 3192 eoacti
615 3140 680 3187 sunt
703 3138 828 3186 statuere
851 3139 988 3196 auctores,
1017 3136 1103 3187 ceteri
1126 3137 1161 3188 de
1182 3134 1254 3199 Sole,
1279 3136 1445 3206 Copernicus
1469 3138 1503 3190 de
1525 3136 1648 3198 Tellure,

286 3216 352 3287 quia
375 3214 485 3268 nimium
508 3214 633 3268 tribuunt
657 3213 897 3266 observationibus
921 3212 1075 3281 Hipparchi
1099 3220 1129 3266 ct
1148 3213 1314 3269 Ptolemaei:
1338 3218 1386 3269 sed
1410 3232 1482 3286 quac
1506 3233 1560 3270 non
1582 3223 1649 3271 sunt

286 3301 385 3350 tantae
410 3293 590 3355 subtilitatis,
619 3299 652 3345 ut
674 3293 776 3362 dogma
798 3292 871 3345 tanti
893 3292 1022 3345 momenti
1046 3293 1136 3361 possit
1155 3293 1188 3345 iis
1217 3295 1449 3363 superaedificari.
1496 3298 1595 3367 Itaque
1620 3297 1648 3350 111
1738 3292 1740 3295 ’

286 3373 495 3431 Commentariis
519 3371 689 3426 Martialium
713 3372 933 3439 speculationum
962 3379 993 3425 et
1022 3371 1069 3425 lib.
1093 3372 1140 3426 Vl.
1164 3373 1306 3442 Epitomes
1336 3382 1418 3444 parte
1442 3377 1463 3430 1.
1493 3377 1648 3447 opinionem

286 3454 369 3509 istam
389 3460 422 3507 ut
445 3452 579 3522 physicae
594 3451 708 3505 coelesti
722 3450 857 3505 inimicam
872 3452 1016 3505 admodum
1029 3452 1146 3505 tidenter
1159 3451 1253 3520 rejeci,
1275 3456 1389 3509 necdum
1404 3458 1471 3510 cedo
1494 3457 1647 3519 sententia;

287 3534 441 3588 evidentem
463 3531 679 3586 imbecillitatem
701 3530 868 3599 opinationis
888 3531 972 3600 hujus
995 3531 1061 3585 alibi
1083 3533 1285 3588 demonstrabo.

356 3608 391 3680 i)
414 3613 477 3665 Non
492 3613 562 3683 quod
576 3609 682 3680 triplex
697 3610 756 3679 ipse
770 3611 815 3674 sit,
831 3612 879 3664 sed
894 3611 961 3681 quia
974 3628 1044 3666 unns
1059 3619 1090 3665 et
1102 3612 1173 3667 idem
1191 3611 1315 3667 existens
1336 3614 1391 3668 tria
1404 3613 1536 3669 distincta
1550 3616 1647 3678 babet,

289 3708 361 3763 quae
376 3691 490 3761 singula
503 3707 567 3744 suos
581 3689 747 3760 multiplices
762 3706 829 3743 usus
843 3697 874 3744 st
886 3691 980 3744 munia
994 3693 1101 3746 hahent
1114 3691 1141 3745 in
1156 3693 1324 3747 astronomia
1337 3694 1497 3748 reformata.

371 3766 402 3835 11)
427 3771 456 3824 ld
471 3776 523 3832 est,
544 3769 669 3838 seposita
683 3770 902 3824 consideratione
917 3771 1141 3825 eccentricitatis.
1184 3773 1324 3834 Quaedam
1338 3772 1410 3827 enim
1432 3780 1560 3843 praestat
1573 3775 1648 3828 orbis

289 3851 343 3905 iste
357 3850 535 3913 eccentricus,
552 3867 604 3903 non
619 3850 682 3919 ipsa
695 3865 748 3902 sua
761 3849 975 3914 eccentricitste‚
991 3854 1039 3904 sed
1053 3851 1104 3905 illa
1117 3852 1179 3905 sola
1190 3869 1230 3913 re,
1246 3855 1316 3921 quod
1331 3847 1405 3907 'circa
1414 3852 1506 3909 Solem
1519 3854 1647 3909 vertitur.

371 3927 392 3994 1)
417 3930 529 3982 (3001010
544 3936 613 3998 puta
627 3930 724 3982 Lunae
739 3928 805 3996 (non
818 3930 899 3984 Luna
912 3946 963 3998 per
978 3925 1021 3999 se)
1036 3936 1066 3984 ct
1080 3931 1173 3984 Tellus
1189 3930 1294 3984 habent
1313 3935 1428 3987 eundem
1442 3940 1543 3988 motum
1558 3940 1649 3988 trans·

291 4008 405 4064 lationis
429 4010 462 4062 de
486 4011 545 4063 loco
569 4008 700 4062 inlocum
723 4025 773 4078 per
796 4011 889 4063 orbem
912 4025 1049 4081 magnum,
1075 4027 1143 4081 erga
1167 4027 1227 4068 cum
1250 4027 1359 4082 semper
1373 4013 1460 4067 Terra
1480 4015 1540 4068 loco
1554 4016 1649 4068 eodem
1757 4037 1763 4044 ·

291 4090 337 4153 sit,
360 4106 413 4160 quo
437 4090 497 4143 loco
518 4088 656 4142 invenitur
678 4094 709 4143 et
722 4090 828 4143 coelum
842 4091 948 4152 Lunae,
972 4090 1077 4144 coelum
1100 4089 1187 4161 igitur
1207 4091 1260 4148 1100
1282 4092 1379 4146 Lunae
1403 4098 1433 4146 et
1450 4110 1501 4163 per
1522 4091 1547 4148 id
1570 4095 1652 4149 Luna

291 4170 356 4240 ipsa
378 4184 465 4225 causa
487 4169 593 4240 quidem
617 4169 687 4222 coeli
711 4169 753 4222 sui
774 4168 887 4223 nnllam
907 4170 992 4224 talem
1020 4187 1058 4223 ex
1077 4178 1153 4224 motu
1174 4171 1293 4226 Telluris
1317 4172 1512 4242 apparentiam
1534 4173 1651 4244 suscipit

293 4257 382 4304 motus
407 4250 465 4312 sui,
498 4249 607 4320 qualem
631 4266 669 4302 ex
692 4249 794 4304 Terrae
817 4249 1002 4304 translations
1024 4250 1074 4305 801
1096 4251 1225 4322 suscipit,
1254 4252 1313 4322 ipse
1336 4269 1403 4306 vere
1426 4254 1577 4323 quiescens.
1619 4255 1651 4309 ld

293 4347 374 4383 secus
398 4335 482 4392 esset,
507 4329 531 4382 si
544 4329 632 4382 Terra
652 4336 780 4398 promota
802 4331 909 4383 coelum
929 4331 1026 4384 Lunae
1050 4330 1207 4401 quiesceret
1229 4339 1279 4386 aut
1301 4339 1459 4390 moreretur
1481 4335 1514 4387 de
1537 4335 1598 4387 loco
1621 4333 1651 4387 in

293 4410 384 4463 locum
403 4416 480 4463 motu
500 4408 556 4462 alio
570 4408 715 4471 distinctor
738 4408 889 4464 musenim
912 4417 1000 4465 motus
1015 4409 1101 4464 centri
1116 4411 1234 4465 Telluris
1258 4429 1309 4482 per
1323 4412 1551 4484 imaginationem
1563 4414 1650 4468 eiiam

294 4488 322 4541 in
345 4489 456 4542 coelum
474 4489 570 4542 Lunae
593 4488 840 4552 transcriberetur,
872 4497 902 4544 et
928 4490 968 4544 sic
990 4491 1076 4545 etiam
1098 4497 1188 4546 totum
1215 4492 1321 4546 coelum
1343 4494 1441 4547 Lunae
1468 4509 1518 4563 pro
1541 4494 1650 4548 ratione

296 4566 365 4619 situs
388 4569 429 4620 sui
450 4574 547 4637 posset
566 4569 758 4639 retrogradum
779 4569 863 4622 videri
884 4587 938 4624 non
959 4570 1047 4625 minus
1068 4587 1149 4641 quam
1170 4573 1304 4642 planetae
1325 4573 1452 4644 quinque.

375 4641 416 4713 m)
437 4647 500 4701 Duo
514 4645 559 4699 hic
572 4646 735 4710 innuuntur,
761 4648 880 4702 alterum
894 4649 985 4705 Solem
1000 4650 1088 4720 ipsum
1104 4652 1218 4714 attinet,
1243 4652 1361 4707 alterum
1379 4671 1417 4708 ex
1430 4653 1496 4708 8010
1516 4652 1651 4705 redundat
1729 4670 1733 4678 ¹

297 4724 323 4776 10
344 4724 483 4792 planetas.
526 4726 701 4780 Ptolemaeus
715 4727 806 4782 Solem
825 4730 944 4784 collocat
967 4730 994 4785 in
1017 4730 1178 4796 eccentrico‚
1203 4733 1383 4787 eccentricum
1407 4732 1522 4786 includit
1543 4732 1649 4785 duobus

297 4803 502 4866 deferentibus;
527 4806 693 4874 Copernicus
714 4807 838 4877 epicyclo
862 4810 956 4880 affigit
977 4811 1129 4879 planetam,
1157 4811 1310 4880 epicyolum
1334 4811 1515 4866 concentrico.
1556 4811 1650 4864 Ptole·

299 4897 392 4936 maeue
407 4883 501 4956 igitur,
521 4891 554 4937 ut
572 4900 702 4957 apogaea
721 4895 891 4956 promoveat,
914 4889 1101 4948 deferentibus
1125 4890 1181 4945 suis
1205 4891 1335 4948 attribuit
1356 4898 1459 4956 motum
1481 4889 1650 4964 peculiarem
