3609 5634
787 317 908 432 0th
1266 398 1274 414 ·
1464 377 1531 447 sse
1633 413 1671 440 ι.

134 515 198 607 hae
211 527 271 574 eat
301 526 339 578 ad
352 524 507 597 Ιυιιςὶοιιιιιι
530 541 625 581 earum
648 529 837 584 deductionem
862 532 898 584 ab
912 531 1021 586 usItata
1035 531 1094 596 ria,
1116 543 1254 604 spectent,
1280 551 1362 608 quatu
1384 539 1420 592 ad
1435 555 1534 596 novatn

134 597 288 669 anquam
305 606 559 661 conformationem:
582 608 648 678 quia
663 617 694 662 ut
708 609 734 663 in
750 611 960 665 Commentariis
974 612 1074 666 Martis
1089 614 1190 668 alicubi
1204 616 1279 670 dixi:
1305 619 1533 688 Copernious

135 695 313 738 suarum
336 685 411 754 ipse
434 687 640 742 dinitiarum
664 689 737 743 fuit
756 690 912 761 ignarus.
1212 727 1216 737 «

233 755 275 830 e)
303 764 450 820 Potissima
472 767 554 836 hujus
578 785 681 836 operae
705 771 799 834 moles,
828 773 900 842 quod
925 772 1110 826 astronomica
1132 772 1242 835 stanes.
1277 774 1304 829 in
1328 777 1533 836 Commentaria

137 838 262 928 martis
280 842 422 907 inesibuit3
448 847 475 900 in
489 846 611 918 physicis
626 866 692 902 vero
707 867 759 903 seo
771 851 970 921 metaphysicis
984 853 1163 923 ‘argumentis
1177 855 1355 925 ansgundis
1371 857 1458 912 msice
1472 873 1531 916 suta

137 936 169 971 ιιι
184 919 355 989 Epitomes
368 929 446 981 Astr.
461 926 531 980 liber
545 928 608 991 IV.,
633 929 678 999 qui
696 929 767 983 liber
788 931 876 1000 ipsum
898 942 931 977 1⁰
951 923 1036 995 ἔργον
1059 931 1189 994 οοιιιίιιει,
1214 935 1287 1003 quod
1310 935 1363 988 hoo
1386 937 1447 991 loon
1473 931 1533 995 siim

138 998 320 1067 pollicitus.
362 1004 431 1058 Vide
455 1012 551 1060 totum.

238 1077 274 1147 f)
299 1083 373 1137 Idem
387 1091 480 1138 tamen
493 1102 536 1140 me
550 1088 625 1140 ultro
639 1087 781 1142 admonuit
803 1096 911 1159 postea,
937 1109 993 1145 non
1007 1107 1071 1144 esse
1085 1092 1268 1146 necessariam
1291 1092 1364 1146 hano
1390 1095 1530 1151 collectio·

138 1175 226 1214 nem.
280 1163 352 1216 Nam
370 1181 430 1218 cnm
445 1172 552 1220 cometa
564 1174 665 1221 motum
681 1168 776 1222 nonin
791 1171 964 1225 multosdies
984 1172 1140 1234 continuet,
1161 1178 1191 1225 et
1205 1189 1265 1226 cnm
1279 1173 1432 1227 habeamus
1447 1175 1530 1230 liber»

139 1246 251 1294 tatem
269 1243 427 1298 intendendi
449 1246 639 1300 remittendive
663 1246 723 1314 ejus
738 1256 840 1303 motum
864 1251 891 1303 in
915 1251 1064 1320 hypothesi
1085 1258 1233 1320 suscepta,
1257 1253 1304 1306 ubi
1319 1253 1530 1309 ohservationes

141 1317 246 1389 (qaae
274 1324 436 1394 plerumque
459 1342 570 1384 crassae
585 1322 663 1390 sunt)
687 1328 712 1381 id
726 1329 868 1399 nequitere
890 1331 1025 1394 ridentur,
1049 1331 1114 1384 hinc
1137 1333 1205 1384 adeo
1225 1333 1274 1395 Is,
1297 1340 1330 1386 ut
1353 1331 1479 1388 diversae
1502 1335 1531 1390 in

140 1400 384 1469 particularibus
399 1406 578 1475 hypotheses,
593 1409 703 1461 easdem
718 1415 843 1462 cometae
857 1411 1066 1464 observationes
1087 1417 1309 1481 repraesentent.
1350 1412 1390 1467 Et
1403 1413 1529 1469 Braheus

141 1480 232 1534 libro
262 1484 298 1535 de
312 1483 431 1538 Cometis
456 1486 504 1540 fol.
528 1486 593 1539 25³2.
611 1485 665 1546 (Dc
690 1488 779 1542 mundi
801 1489 927 1543 aetherei
951 1490 1149 1554 recentioribus
1173 1491 1380 1560 phaenomenis.
1408 1493 1478 1547 Pars
1493 1494 1529 1550 ΙΙ.

144 1560 232 1630 Cap.
251 1557 305 1629 X.)
319 1565 460 1619 Maestlini
474 1567 643 1637 hypothesin
658 1586 686 1617 et·
696 1568 807 1630 nminat,
831 1587 890 1623 cum
906 1586 958 1624 sua
972 1576 1114 1640 comparat
1127 1571 1335 1642 redarguitque.
1377 1572 1440 1642 Ipse
1462 1590 1528 1627 vero

145 1641 206 1695 fol.
229 1639 294 1697 206
317 1639 368 1711 (ib.
384 1662 445 1715 cap.
461 1643 549 1711 VIII.)
565 1647 733 1717 hypothesin
760 1649 844 1703 talem
867 1650 1006 1719 proponit,
1031 1650 1128 1721 inqua
1149 1658 1238 1704 motus
1253 1657 1378 1705 cometae
1401 1653 1529 1721 proprius

147 1721 311 1777 circularis
335 1724 413 1779 initio
436 1728 540 1792 tardus,
564 1743 630 1780 mox
645 1726 776 1790 intensus,
799 1728 826 1781 in
840 1731 893 1783 flue
908 1747 1016 1784 rursum
1030 1731 1126 1784 tardus
1149 1730 1306 1785 exhibetur.
1349 1732 1445 1803 Itaque
1463 1734 1529 1788 cedo

146 1802 213 1854 hoc
230 1820 338 1874 genere
353 1806 519 1876 argumenti,
543 1806 704 1876 sicquidem
727 1808 875 1871 informati,
902 1817 935 1863 ut
949 1828 985 1863 en
1000 1811 1119 1880 eoquod
1139 1816 1291 1879 potueruut
1305 1811 1424 1864 artifices
1448 1827 1529 1881 prae·

151 1888 253 1946 stare,
279 1885 353 1939 nuda
375 1886 540 1939 credulitate
563 1893 592 1939 et
614 1887 741 1956 generah
765 1887 816 1941 illa
838 1889 1007 1958 conjectura,
1033 1891 1105 1960 quod
1128 1907 1222 1943 verum
1243 1907 1309 1943 vero
1332 1899 1472 1954 consonet,
1497 1893 1530 1944 de

151 1961 290 2017 veritate
305 1964 524 2034 suppositionum
538 1966 602 2036 quid
617 1973 817 2035 praesumatur.
860 1972 899 2022 At
913 1969 1032 2023 vicissim
1053 1970 1111 2023 alia
1124 1970 1170 2023 via
1185 1972 1300 2024 eandem
1319 1987 1409 2023 arcem
1423 1987 1530 2024 rursum

152 2059 281 2113 occupo.
323 2043 352 2098 si
375 2045 445 2099 enim
468 2052 559 2099 motus
581 2045 698 2099 Telluris
723 2050 758 2100 ad
786 2048 838 2100 hoc
862 2049 938 2102 utilis
961 2055 1014 2112 est,
1040 2056 1071 2103 ut
1094 2055 1261 2104 cometarum
1279 2056 1370 2104 motus
1394 2050 1529 2104 rectilinei

153 2139 318 2193 eorumque
332 2131 470 2194 perpetua
482 2127 527 2178 veI
542 2125 729 2196 aequabilitas
743 2127 788 2190 rel
804 2128 995 2200 augmentatio
1010 2136 1060 2183 aut
1074 2129 1213 2183 contraria
1233 2121 1375 2204 diminutio
1393 2135 1531 2200 perpetua

148 2202 345 2257 ‚satisfaciant
368 2205 531 2269 observatis,
556 2213 621 2260 tunc
644 2222 720 2271 sane,
745 2216 879 2278 quantum
903 2217 947 2263 est
969 2209 1212 2264 verisimilitudinis
1236 2209 1263 2263 in
1287 2216 1363 2264 motu
1385 2209 1529 2264 rectilineo

156 2284 309 2353 aequabili
333 2301 477 2353 corporum
490 2287 704 2350 vanescentium,
729 2294 838 2342 tantum
858 2288 920 2342 fldei
935 2290 1050 2343 accedet
1070 2290 1155 2343 motui
1168 2289 1295 2353 Telluris,
1316 2289 1480 2358 praesertim
1505 2287 1528 2343 si

158 2362 258 2417 flexus
273 2362 401 2417 itinerum
414 2366 609 2434 apparentium
632 2367 802 2437 irregulares
817 2370 961 2423 occasione
985 2375 1075 2424 motus
1089 2368 1208 2422 Telluris
1230 2367 1391 2439 provenisse
1411 2375 1528 2431 constet

160 2443 353 2513 aliarumque,
379 2461 449 2513 quae
469 2445 496 2498 in
514 2445 625 2499 cometis
641 2455 787 2515 apparent,
813 2451 885 2502 ratio
900 2451 1040 2503 reddatur.
1082 2448 1167 2502 Verbi
1182 2464 1268 2500 causa
1282 2447 1330 2500 iIIe
1345 2448 1405 2515 ipse
1419 2452 1529 2502 cometa

161 2522 235 2578 anni
252 2523 328 2576 1577
352 2529 427 2576 omns
444 2542 479 2577 ex
493 2525 597 2578 ultimis
621 2525 748 2594 partibus
772 2527 915 2598 sagittarii
939 2528 1085 2582 maximum
1106 2526 1145 2580 ibi
1169 2532 1271 2579 metum
1285 2525 1418 2588 diurnum,
1443 2533 1529 2595 caput
1626 2556 1630 2568 .

163 2603 207 2666 V',
224 2605 340 2657 caudam
356 2598 410 2656 22⁰
424 2604 537 2675 longam
551 2604 692 2665 exhibuit;
716 2605 787 2658 haec
801 2608 893 2661 omnia
906 2607 1019 2661 riserunt
1033 2606 1166 2662 diminuta
1179 2621 1274 2658 versus
1297 2605 1387 2667 finem,
1414 2606 1482 2658 adeo
1496 2612 1529 2658 ut

163 2682 195 2736 in
210 2682 291 2753 signo
305 2681 428 2752 piscium,
454 2686 524 2753 qnod
539 2685 692 2754 quadrante
707 2685 794 2738 distat
817 2702 835 2740 a
848 2686 1006 2757 sagittario,
1031 2685 1179 2740 stadonem
1201 2690 1365 2753 peracturus
1380 2679 1527 2747 videretur,

163 2761 221 2816 nisi
244 2762 411 2817 evanuisset.
455 2764 603 2826 Quaeritur
626 2780 698 2835 quae
721 2781 814 2827 causa,
840 2783 888 2819 cur
911 2772 1034 2819 cometae
1056 2764 1129 2816 circa
1150 2764 1313 2833 quadratum
1328 2763 1389 2831 ejus
1413 2763 1474 2825 loci,
1499 2763 1527 2817 in

164 2859 223 2912 quo
245 2841 356 2896 maximi
377 2852 570 2913 apparuerunt
591 2851 621 2897 et
644 2843 816 2908 velocissimi,
842 2845 1064 2915 appropinquent
1087 2842 1207 2906 stationi,
1238 2859 1287 2896 cur
1310 2842 1424 2897 stationi
1446 2841 1529 2897 ricini

163 2921 216 2975 alii
230 2923 405 2976 occultentur
419 2926 471 2978 sub
484 2924 584 2987 Solem,
607 2931 640 2976 ut
654 2923 722 2984 iste;
747 2924 795 2977 alii
810 2925 893 2978 etiam
916 2925 944 2977 in
959 2923 1088 2992 opposito
1102 2922 1174 2977 Solis
1197 2923 1332 2991 paulatim
1347 2928 1525 2985 evanescant,

163 3006 199 3056 ut
212 3001 261 3056 ille
282 3001 348 3056 anni
364 3004 453 3067 1618,
478 3003 584 3058 faciunt
598 3004 669 3056 enim
692 3002 748 3057 ista
769 3005 905 3073 plerique.
949 3004 1026 3065 Quod
1047 3003 1070 3056 si
1094 3002 1209 3071 potiaris
1231 3001 1364 3056 libertate
1384 3000 1526 3054 circularis

164 3088 257 3135 motus
271 3088 395 3135 cometae
411 3082 556 3146 tribuendi,
581 3098 692 3136 causam
706 3100 756 3152 per
771 3099 863 3142 omnes
879 3088 1004 3135 cometas
1020 3084 1134 3136 eandem
1149 3082 1238 3135 dicere
1263 3099 1317 3135 non
1331 3079 1445 3150 poteris.
1488 3084 1528 3133 At

165 3162 189 3216 si
212 3167 241 3215 te
264 3160 351 3232 ipsum
365 3163 479 3234 redigas
501 3164 536 3216 ad
557 3161 703 3232 angustias
728 3160 901 3229 traiectionis
926 3160 1096 3226 rectilineae,
1121 3160 1216 3215 statim
1240 3166 1361 3230 apparet
1374 3159 1527 3214 necessitas

166 3241 359 3312 phaenomeni.
401 3243 499 3313 Itaque
521 3244 632 3311 planum
656 3241 845 3308 trajectorium
860 3248 984 3294 cometae
1004 3241 1070 3295 anni
1087 3241 1162 3295 lii'i'i
1177 3258 1232 3311 ego
1247 3240 1416 3294 ordinassem
1439 3238 1468 3292 in
1492 3255 1529 3294 ea

166 3322 250 3385 linea,
274 3337 324 3389 per
339 3337 420 3391 quam
434 3321 528 3392 paucis
544 3327 608 3390 post
622 3319 826 3389 disparitionem
846 3321 942 3374 diebus
956 3321 1087 3375 videndus
1110 3321 1209 3375 risisset
1233 3337 1318 3375 causa
1336 3318 1526 3391 longitudinis,

166 3401 191 3455 si
214 3399 408 3471 superfuisset,
437 3400 627 3470 trajectionem
650 3400 739 3469 ipsam
762 3401 877 3469 primum
901 3402 1039 3465 velocem,
1070 3401 1098 3454 in
1119 3402 1269 3455 subeuntes
1293 3400 1351 3454 dies
1375 3398 1527 3453 tardiorem

166 3480 301 3542 fecissem,
324 3479 405 3550 idque
419 3497 470 3550 pro
483 3480 590 3533 ratione
611 3479 825 3549 propinquitatis
846 3480 968 3550 partium
991 3480 1170 3549 trajectoriae
1185 3481 1276 3534 lineae
1291 3482 1327 3534 ud
1340 3479 1440 3541 Solem,
1462 3478 1528 3548 quia

167 3567 274 3614 cometa
287 3558 333 3613 via
346 3559 459 3631 obliqua
482 3559 611 3630 fugiebat
633 3576 651 3611 a
664 3559 737 3622 Sole,
760 3560 909 3630 Tellusque
929 3560 1009 3613 simul
1028 3576 1047 3613 a
1060 3566 1175 3614 cometa.
1219 3562 1280 3623 Qua
1303 3560 1410 3613 ratione
1425 3557 1526 3612 efficie-

166 3642 257 3704 batur,
280 3646 313 3693 ut
333 3648 440 3693 cometa
462 3639 539 3693 initio
564 3639 670 3709 quidem
685 3638 821 3691 dimidiam
834 3639 907 3693 Solis
930 3639 1102 3695 altitudinem
1124 3641 1254 3703 haberet,
1279 3657 1317 3693 ex
1330 3656 1364 3692 eo
1388 3638 1525 3707 sphaeras

165 3719 290 3782 Veneris,
315 3719 442 3782 Telluris,
466 3718 565 3773 Martis
579 3719 730 3786 trajiceret,
755 3726 785 3771 et
807 3718 834 3772 in
848 3720 903 3772 fine
917 3720 980 3787 plus
999 3735 1080 3789 quam
1103 3719 1187 3789 triplo
1207 3719 1291 3773 altior
1305 3718 1369 3773 Sole
1384 3719 1525 3772 eraderet.

166 3800 228 3853 Non
248 3799 343 3853 mirum
366 3798 462 3869 igitur,
486 3799 557 3869 quod
571 3798 727 3867 parallaxis
751 3798 778 3851 in
799 3817 832 3851 eo
856 3799 936 3852 nulla
958 3799 1125 3867 deprehendi
1148 3799 1248 3868 potuit.
1290 3798 1344 3852 Sed
1367 3799 1401 3854 de
1425 3798 1524 3851 haere

165 3881 229 3951 plus
252 3879 337 3933 satis:
361 3879 494 3932 hocloco
518 3879 601 3948 plura
621 3877 643 3931 si
667 3878 740 3948 petit
759 3879 855 3941 lector,
880 3878 966 3932 adera
987 3895 1075 3931 meum
1095 3881 1128 3931 de
1144 3878 1262 3933 cometis
1286 3877 1419 3940 libellum,
1445 3891 1525 3946 quem

165 3958 291 4013 nundinis
312 3953 518 4012 autumnalibus
539 3959 603 4011 anni
628 3957 702 4011 1619
724 3958 809 4011 emisi.
827 3950 866 4024 ³³)
1106 4005 1111 4012 .
1258 3999 1261 4004 «

244 4033 279 4110 g)
303 4038 450 4093 scribendo
474 4055 528 4110 ego
552 4038 579 4091 id
600 4037 729 4106 temporis
754 4040 843 4092 adhuc
863 4037 957 4091 didici:
988 4055 1022 4092 ne
1045 4037 1217 4108 perturberis
1240 4034 1327 4106 ign'tur
1349 4032 1524 4088 multitudine

165 4119 221 4173 ista
233 4119 368 4172 motuum:
390 4118 501 4187 proprie
515 4120 568 4171 duo
583 4123 692 4170 tantum
706 4124 778 4181 sunt,
802 4135 873 4172 unus
888 4119 925 4171 ab
938 4117 1046 4172 interno
1070 4118 1192 4188 pendens
1207 4115 1340 4186 principio
1355 4111 1523 4166 convolutio-

164 4199 206 4253 nis
221 4198 336 4253 diurnae
359 4197 433 4252 circa
453 4197 595 4268 proprium
619 4205 750 4260 centrum,
776 4200 849 4252 alter
869 4198 1043 4252 extrinsecus
1058 4214 1075 4253 a
1088 4197 1153 4252 Sole
1168 4193 1273 4250 Telluri
1294 4193 1390 4246 illams
1414 4207 1522 4245 annuus

164 4279 237 4334 circa
256 4277 360 4341 Solem,
388 4277 441 4331 etsi
466 4281 625 4332 moderatur
650 4277 727 4331 illum
749 4277 902 4350 formatque
924 4277 966 4330 vis
996 4276 1156 4349 magnetica
1175 4269 1212 4342 ³⁸)
1239 4274 1315 4327 libris
1336 4270 1456 4326 Telluris
1482 4271 1522 4323 in·

164 4358 233 4421 sita;
264 4358 310 4429 qui
330 4374 396 4411 vero
416 4359 515 4412 tertius
536 4357 582 4411 hic
607 4359 785 4421 censebatur,
817 4359 865 4412 ille
891 4358 968 4428 quies
997 4366 1041 4411 est
1070 4356 1162 4426 potius
1184 4353 1246 4408 axis
1268 4351 1386 4405 Telluris
1415 4349 1443 4403 in
1468 4350 1523 4404 situ

164 4439 317 4509 parallelo,
348 4440 410 4491 dum
432 4444 553 4492 centrum
575 4437 648 4491 circa
667 4437 759 4492 &aa
780 4439 880 4500 fertur,
912 4444 942 4491 et
962 4436 1008 4507 qui
1028 4440 1144 4506 quartus
1171 4433 1216 4487 hic
1236 4432 1405 4493 ventitatur‚
1434 4430 1457 4484 is
1479 4429 1523 4483 est

164 4518 283 4572 levicula
309 4518 483 4587 perturbatio
511 4517 593 4586 hujus
617 4515 725 4587 quietis,
757 4527 820 4571 orsa
840 4536 877 4571 ex
898 4516 1075 4571 aberratione
1104 4516 1217 4567 duorum
1238 4513 1387 4582 primorum
1407 4517 1438 4564 et
1456 4527 1521 4580 pro·

165 4597 293 4667 priorum.
335 4597 388 4650 Sed
409 4599 443 4650 de
465 4597 506 4652 his
528 4597 601 4651 infra
621 4596 711 4665 plura

165 4691 281 4812 buffllqiq
298 4691 415 4809 addqqsda
431 4698 490 4741 suat
507 4706 554 4749 aa,
572 4705 637 4756 qaae
656 4691 786 4753 adscdpdt
802 4690 926 4752 Keplsms
947 4685 1003 4749 (sel
1023 4687 1179 4737 MaestIInus.
1206 4684 1291 4748 Gomp.
1312 4690 1397 4734 mot.
1417 4679 1465 4742 bi)
1482 4690 1521 4734 ta·

298 4771 325 4812 di
380 4797 386 4810 .

243 4836 310 4890 Tab.
336 4836 381 4890 10.
407 4833 540 4905 inscripta
566 4842 622 4890 est:
654 4832 763 4887 Tabula
784 4833 818 4894 1..
850 4832 986 4888 exbibens
1013 4831 1133 4885 ordinem
1158 4829 1339 4899 sphaerarum
1366 4828 1434 4881 coel.
1464 4844 1521 4881 mo·

166 4914 269 4981 biham,
290 4915 423 4988 simulque
446 4931 539 4969 veram
559 4914 763 4985 proportionem
783 4911 980 4986 magnitudinis
1001 4927 1096 4966 earum
1112 4912 1201 4982 juxta
1219 4909 1326 4964 medias
1345 4909 1398 4963 Irae
1413 4906 1519 4961 dsun-
