3609 5634
697 345 998 409 ὀψε-ω·
1228 360 1237 373 =
1462 339 1530 409 eae

130 493 215 626 mh
247 496 329 560 nidred
359 503 390 552 ln
411 501 442 556 1.
471 508 708 560 muniuerunt,
737 500 996 562 eoncedente·
1019 500 1054 554 illl
1079 501 1529 566 &minuma

215 574 318 624 uento,

209 635 297 690 Haec
319 642 368 692 ita
386 658 455 700 erse,
483 644 604 706 scriptura
622 649 741 699 testetur,
769 657 848 707 quae,
876 644 902 691 in
921 645 995 707 signa
1017 658 1067 692 non
1085 658 1174 692 causas
1198 651 1303 712 agentes
1321 644 1454 695 luminaria
1472 659 1529 695 cum

132 709 219 759 stellis
240 714 342 775 positu
365 729 436 774 esee,
463 714 530 764 clere
547 715 635 763 innuit
674 714 758 774 Quare
776 715 848 762 nimis
866 727 978 762 cressum
996 721 1034 764 est
1052 719 1079 763 et
1097 715 1211 771 carnale.
1232 717 1314 764 omnia
1332 714 1381 764 Dei
1400 727 1476 778 opera
1495 715 1528 765 ed

134 791 238 831 m
259 783 396 848 physicae
414 791 459 835 tut
475 784 645 849 puttoeoptrae
662 791 782 836 steteram
799 786 891 836 reterre
909 786 981 834 velle.
1020 784 1140 844 Vidium,
1159 799 1234 849 quum
1253 786 1381 836 medidie
1395 788 1445 835 sint
1462 786 1524 849 phy·

133 854 257 910 mnu
280 863 339 907 aut
357 855 558 921 philosophorum
572 857 682 908 redum
700 857 731 906 de
749 856 833 906 multis
851 855 900 906 Dei
920 857 1047 919 operibns,
1067 864 1093 906 et
1110 859 1239 917 mercorio,
1264 865 1292 910 ut
1310 856 1426 911 fulmine,
1445 859 1530 910 ventis

133 930 163 980 et
184 924 260 984 aliis,
305 927 355 980 Ex
371 929 447 980 unica
465 927 553 980 rocula
573 927 614 988 ,in
633 926 725 992 eignie⁸⁴
751 927 830 977 multa
849 934 997 996 argumenta
1015 927 1123 991 depromi
1142 936 1262 996 possunt,
1290 942 1354 992 quae
1373 942 1403 976 ex
1422 928 1527 994 philoso-

133 993 225 1060 phicis
248 1001 367 1048 arcanis
386 1000 448 1048 eatis
466 997 617 1048 sufficienter
634 999 692 1047 solvi
712 1005 844 1062 nequeunt.

237 1068 464 1150 Keplerus:
502 1068 586 1149 Ego,
620 1079 725 1131 contre
757 1088 845 1148 quam
874 1069 1023 1150 opinaris,
1058 1088 1112 1131 uec
1136 1070 1264 1150 primas,
1301 1089 1356 1130 uec
1379 1069 1527 1131 secundas

136 1153 211 1217 Soli
239 1158 358 1221 tribuo
381 1159 411 1219 in
437 1158 546 1221 virtute
571 1157 666 1230 vitali,
691 1159 744 1219 sed
769 1159 845 1233 dicu,
871 1168 936 1220 toto
960 1177 1070 1236 genere
1086 1159 1199 1221 distare
1215 1158 1432 1231 stimulatrices
1450 1178 1524 1220 cau-

138 1264 197 1306 sae
225 1248 397 1309 coelestes
421 1268 440 1307 a
463 1246 652 1326 praesidibus
676 1246 774 1308 causis
799 1247 1020 1318 sublunaribus,
1046 1247 1140 1309 ritem
1159 1247 1383 1308 continentibus
1408 1256 1440 1307 et
1458 1247 1527 1308 illos

141 1334 310 1397 stimulos
348 1334 571 1416 recipientibus.
624 1334 713 1397 Aliae
747 1336 847 1417 itaque
883 1337 965 1415 leges
999 1343 1069 1397 sunt
1102 1336 1177 1397 alius
1211 1354 1368 1397 causarum
1400 1334 1528 1414 generis.

143 1420 218 1502 Sol,
248 1435 412 1505 quatenus
437 1425 575 1486 stimulat
598 1425 674 1485 hauc
698 1424 766 1496 vim,
793 1443 865 1486 eane
889 1446 926 1485 ex
952 1425 1011 1486 situ
1035 1426 1135 1486 variat
1158 1424 1414 1498 stimulationem
1450 1443 1526 1504 qua-

140 1521 245 1576 tenns
275 1513 408 1576 calfecit
432 1523 554 1574 externe
579 1514 714 1594 objecta,
749 1514 857 1574 iterum
881 1513 963 1576 varie
989 1513 1125 1575 stimulat
1154 1531 1207 1592 pro
1231 1514 1315 1574 vario
1339 1511 1416 1586 situ,
1450 1532 1526 1593 qua-

141 1609 246 1663 tenus
279 1621 439 1665 vero.ceu
468 1602 698 1664 instrumentum
730 1611 777 1662 est
808 1601 937 1663 tuendae
967 1603 1047 1663 vitae
1080 1601 1108 1662 in
1143 1601 1349 1674 naturalibus,
1382 1621 1439 1661 nou
1472 1620 1530 1681 pro

62 1687 69 1694 “
144 1690 225 1764 situ,
258 1693 321 1754 sed
346 1691 512 1773 aequaliter
534 1689 704 1762 hoelacit,
738 1690 807 1772 quia
830 1691 882 1752 illa
906 1691 1024 1752 occulta
1048 1690 1128 1751 ritae
1153 1690 1342 1752 conservatio
1367 1689 1527 1768 distingui·

131 1785 203 1839 tur
238 1799 261 1840 a
292 1780 372 1853 luce,
405 1799 458 1841 nec
492 1789 525 1841 ut
547 1779 598 1840 lux
621 1778 722 1858 opuois
747 1779 907 1859 impeditur
937 1787 990 1840 aut
1012 1780 1229 1860 repercutitur,
1263 1787 1316 1840 aut
1339 1779 1421 1858 leges
1446 1778 1527 1858 opti-

148 1887 214 1928 cas
238 1869 340 1930 subit.
387 1869 432 1929 Tu
456 1887 526 1929 vero
550 1866 695 1928 relaberis
729 1868 766 1927 ad
791 1877 872 1929 tuum
903 1867 1073 1948 ingenium;
1110 1878 1270 1948 postquem
1302 1868 1447 1946 dogmate
1478 1867 1526 1928 in-

149 1956 334 2018 troduxisti
359 1957 472 2018 ex'tuo
497 1956 634 2030 cerebro,
662 1949 726 2036 jain
746 1955 837 2035 jubes
860 1956 921 2018 ieta
944 1957 1041 2018 Deum
1065 1967 1114 2018 tuo
1141 1958 1205 2019 loco
1230 1957 1404 2030 defendere,
1434 1974 1527 2035 negas

149 2062 211 2124 pro
253 2045 345 2107 falsis
375 2045 478 2106 haberi
509 2063 617 2124 posse,
652 2063 718 2105 cum
751 2044 878 2119 dixeris,
916 2064 954 2106 err
985 2045 1087 2107 divina
1118 2046 1264 2107 relatione
1298 2063 1374 2106 esse.
1427 2044 1528 2106 Proba

153 2151 258 2204 vero,
293 2153 332 2196 ex
355 2134 457 2195 diviua
479 2133 626 2195 relatione
650 2152 737 2226 essex,
766 2141 798 2195 et
819 2152 873 2213 pro
903 2134 990 2196 falsis
1014 2137 1071 2195 non
1101 2133 1227 2196 habebo.
1275 2135 1358 2194 Tuae
1381 2151 1454 2195 vero
1478 2152 1528 2194 re-

152 2220 294 2284 lationis
319 2222 438 2285 divinae
462 2240 578 2288 suntme
607 2222 680 2283 baec
710 2232 776 2284 est:
816 2233 854 2284 ut·
877 2223 953 2303 lepis
982 2223 1168 2286 ordinatione
1197 2234 1229 2285 et
1254 2222 1447 2301 usurpatione
1471 2221 1528 2283 ho·

153 2310 281 2374 minum
309 2331 346 2373 ex
375 2310 468 2372 limite
499 2310 532 2372 fit
561 2310 821 2390 impedimentum,
859 2312 902 2372 sic
932 2311 985 2373 Sol
1018 2330 1056 2372 ex
1089 2313 1170 2373 vitae
1203 2311 1309 2380 datore
1342 2309 1529 2374 ordinatione

156 2398 274 2472 divina
306 2401 340 2462 lit
370 2404 551 2476 demergor.
602 2399 881 2473 Absurdissimurn3
920 2419 1008 2479 nego.
1059 2400 1174 2461 Probes
1207 2419 1301 2479 neque
1333 2417 1372 2464 ex
1403 2409 1528 2462 naturae

157 2488 345 2569 dignitato,
385 2508 480 2568 neque
518 2508 556 2549 ex
590 2488 649 2550 Dei
686 2489 830 2560 bonitate.
887 2488 1062 2549 Absurdnm
1099 2486 1208 2561 etiam,
1251 2488 1278 2547 si
1315 2505 1435 2566 semper
1471 2485 1528 2547 hoc

158 2577 217 2652 eir,
245 2578 384 2640 naturale
408 2595 465 2640 non
490 2595 578 2648 esse;
616 2576 727 2638 nullum
751 2575 915 2637 violentum
939 2586 1128 2656 perpetuum,
1160 2583 1195 2637 ut
1217 2575 1313 2654 jocer.
1361 2574 1394 2635 Si
1417 2592 1525 2653 perpe·

159 2674 271 2741 tuum,
305 2683 363 2725 non
397 2683 434 2725 ex
465 2665 551 2739 Deo,
587 2672 693 2725 contra
725 2674 863 2728 naturam
896 2675 1024 2744 agente,
1063 2665 1115 2725 sed
1149 2665 1359 2743 implantatum
1389 2672 1526 2736 naturae,
1552 2703 1558 2710 -
1634 2679 1636 2684 ’

162 2757 223 2817 sed
257 2772 328 2833 pars
360 2754 412 2814 fiet
444 2761 579 2813 naturae.
626 2751 756 2816 Videtur
786 2752 862 2813 hauc
896 2772 983 2814 suam
1011 2752 1197 2814 voluntatem
1224 2753 1323 2832 Deus,
1358 2751 1413 2812 hoc
1442 2769 1530 2812 suum

163 2843 330 2908 arbitrium
349 2841 504 2908 intellectu
526 2838 657 2904 Fabricii
680 2842 862 2919 restringere
886 2842 1007 2904 debere.
1055 2840 1123 2903 nisi
1146 2841 1253 2916 faciat,
1284 2839 1401 2902 nesciet
1416 2839 1527 2901 Febri-

163 2932 250 3006 ciun,
285 2932 404 3011 quendo
434 2930 584 2991 ordinarie
618 2929 689 3010 quid
720 2929 803 2990 Deua
837 2939 928 3009 aget,
965 2930 1083 3009 quando
1116 2948 1232 2991 rursum
1264 2937 1353 2990 extre
1384 2928 1528 2989 ordinem.

166 3018 233 3086 Sin·
255 3029 355 3081 autem
389 3017 458 3084 sciri
484 3027 587 3098 potest
615 3026 648 3078 et
675 3018 917 3079 conformitatem
947 3019 1097 3099 quandam
1121 3018 1256 3090 obtinet,
1284 3017 1350 3097 jem
1374 3018 1458 3078 facte
1482 3027 1531 3078 est

165 3128 244 3190 pars
267 3118 394 3172 naturae
418 3107 605 3190 recipietque
640 3107 745 3168 modos
780 3107 819 3169 ad
848 3107 937 3169 finem
969 3107 1122 3170 ducentes.
1170 3108 1215 3168 Tu
1239 3125 1276 3168 err
1299 3124 1373 3168 voce
1397 3107 1529 3185 scriptu-

166 3218 233 3264 rae.
247 3197 407 3277 ,aigum
433 3197 580 3277 quidlibet
603 3194 758 3272 fabricae.
1418 3219 1425 3232 =

241 3321 429 3372 Fabricius:
459 3320 581 3370 Plenetae
601 3334 650 3368 non
665 3323 738 3382 Juxta
763 3319 920 3369 latitudinem
943 3319 987 3369 red
1002 3322 1076 3382 juxte
1094 3319 1228 3384 simplicem
1246 3319 1406 3385 longitudinis
1424 3318 1530 3384 gradun

167 3393 241 3462 dirigl
260 3392 359 3442 debent.
398 3391 468 3444 Sient
486 3391 552 3440 enim
570 3390 688 3454 planetae
707 3398 775 3440 motu
799 3405 844 3440 eno
864 3390 928 3440 Solis
953 3392 1057 3440 orbitam
1076 3393 1210 3454 respiciunt
1242 3389 1302 3452 GL:
1331 3393 1364 3439 lrt
1382 3405 1432 3440 non
1450 3392 1529 3454 respi-

169 3465 240 3516 ciunt
259 3470 303 3514 eut
322 3470 411 3512 curant
427 3463 494 3511 riam
513 3467 594 3510 motus
613 3460 689 3518 Solis,
714 3477 791 3526 quere
814 3475 895 3527 neque
920 3461 1036 3512 ellectum
1060 3460 1143 3522 viee).
1176 3476 1220 3511 eur
1237 3475 1287 3510 non
1307 3463 1388 3510 etiarn
1401 3463 1530 3510 virtutibus

168 3537 221 3585 eris
240 3535 272 3585 ed
290 3536 355 3584 eires
373 3534 479 3583 murteo
497 3531 572 3588 Solis,
592 3545 657 3596 quae
680 3534 706 3581 in
725 3534 841 3596 ecliptica
866 3540 968 3582 arnotu
987 3533 1052 3582 Solis
1069 3532 1185 3596 figuntur,
1204 3525 1375 3596 respicerent?
1411 3530 1532 3580 Ursolis

168 3614 353 3664 maturuerunt
372 3606 518 3668 principium
537 3610 589 3660 est.
618 3607 655 3653 lta
673 3606 787 3654 virtutum
807 3605 904 3652 illorum
922 3605 991 3667 quasi
1010 3602 1162 3659 vehiculum,
1192 3603 1266 3666 idque
1283 3604 1308 3652 in
1327 3603 1369 3650 vie
1386 3615 1432 3650 sue
1450 3604 1527 3665 regie.

170 3676 230 3742 (ΚΛ
256 3676 387 3728 Conclusio
405 3683 490 3725 temen
514 3682 553 3723 ert
575 3677 665 3738 partim
684 3673 763 3736 reru.)
802 3675 962 3737 Experientia
986 3676 1011 3722 in
1031 3674 1205 3723 directionibus
1222 3673 1355 3736 respondet
1373 3672 1528 3736 longitudini.

168 3751 235 3799 idem
254 3748 388 3798 ostendunt
405 3747 571 3810 protectiones
590 3747 720 3810 simplices.
759 3745 832 3795 Certe
851 3746 872 3794 si
890 3747 926 3793 vis
944 3744 1062 3808 planetae
1087 3745 1113 3794 iu
1139 3744 1218 3808 gradu
1240 3744 1378 3794 latitudinis
1404 3744 1528 3792 cooriente

148 3821 294 3879 *exteteret
313 3826 374 3869 tunc
393 3819 468 3868 etiem
487 3818 652 3880 protectiones
671 3818 816 3880 apbeterum
836 3817 867 3866 ad
886 3815 939 3872 hos.
959 3830 1008 3864 non
1026 3829 1082 3864 vero
1101 3814 1135 3865 ad
1153 3822 1247 3864 eertum
1266 3815 1347 3865 locum
1364 3813 1483 3878 planetae
1501 3815 1527 3862 in

170 3892 274 3941 zodiaco
294 3896 461 3956 operarentur.
499 3888 549 3940 Sed
568 3887 616 3937 bec
633 3903 683 3937 uon
702 3890 730 3937 tt
748 3915 781 3924 —
801 3902 861 3952 ergo
881 3923 886 3934 .
908 3923 914 3936 .
936 3922 942 3935 .

258 3963 464 4042 Keplerus:
504 3960 651 4022 Planetae
675 3961 847 4039 dirigendos
871 3960 935 4020 sine
960 3967 1100 4037 respectu
1124 3957 1293 4019 latitudinis
1313 3956 1433 4036 probes,
1459 3955 1534 4036 quie.
1563 4018 1569 4028 ,

170 4049 251 4115 Solis
275 4052 404 4114 orbitam
433 4050 462 4111 in
493 4057 576 4110 motu
604 4068 658 4109 suo
686 4049 859 4129 respiciunt.
907 4047 1012 4109 Prima
1036 4066 1107 4126 pars
1134 4045 1339 4108 conclusionis
1365 4055 1414 4106 est
1444 4063 1526 4105 vera.

168 4140 237 4220 Ege
260 4141 347 4213 eninr,
375 4159 441 4201 cum
456 4138 558 4201 Solem
582 4157 636 4217 per
659 4139 853 4199 ascensiones
877 4137 1015 4217 obliquas
1039 4136 1081 4196 ed
1092 4135 1291 4215 promissores
1316 4154 1373 4194 non
1389 4133 1528 4211 dirigam,

170 4248 269 4310 neque
294 4228 484 4290 latitudinem
499 4227 596 4288 hubeo
621 4245 700 4305 opus
720 4225 915 4288 considerare
934 4225 963 4287 iu
987 4235 1121 4303 tempore
1145 4224 1366 4285 construendo.
1415 4218 1527 4281 Consi-

169 4317 240 4380 dero
263 4328 365 4380 tamen
390 4315 596 4391 latitudinem,
621 4321 655 4375 ut
673 4314 860 4394 intelligam,
893 4334 932 4375 an
966 4312 1091 4382 elumbis
1124 4313 1166 4372 eit
1197 4311 1324 4373 directio
1357 4329 1395 4370 an
1429 4308 1527 4370 fontis.

167 4407 289 4470 Deinde
317 4407 358 4469 ad
379 4405 597 4487 promissorum
623 4411 765 4484 aspectus
799 4402 933 4481 dirigens
966 4419 1092 4464 necesse
1117 4399 1215 4461 habeo
1238 4398 1431 4460 considerare
1453 4396 1527 4458 leti·

167 4497 311 4561 tudinem.
358 4495 437 4558 Nam
461 4493 515 4556 Sol
538 4493 577 4554 ad
602 4492 715 4554 arcturi
738 4490 881 4553 sextilem
904 4490 988 4553 venit
1010 4507 1067 4550 non
1093 4488 1121 4549 in
1153 4487 1270 4562 wil,
1296 4487 1350 4548 sed
1374 4487 1454 4574 circa
1477 4503 1529 4546 cor

168 4588 216 4660 il,
243 4586 316 4666 quia
336 4584 405 4646 inde
429 4585 459 4648 in
483 4590 632 4646 arcturum
666 4588 715 4642 est
737 4589 825 4642 sexta
847 4599 919 4660 pers
943 4578 1056 4641 circuli.
1103 4577 1238 4656 Denique
1262 4576 1292 4638 in
1316 4583 1383 4638 ortu
1407 4583 1439 4638 et
1461 4592 1528 4635 me,-

166 4674 215 4736 dio
240 4674 315 4737 coeli
339 4673 459 4735 omnino
484 4689 559 4753 opus
584 4676 632 4730 est
656 4669 834 4742 latitudine,
863 4668 1002 4731 omuibus
1027 4665 1198 4728 senioribus
1221 4662 1386 4743 astrologis
1408 4670 1538 4728 testae--

167 4763 267 4839 tibus3
291 4773 379 4826 ortus
401 4762 481 4824 euim
505 4760 551 4823 vie
575 4758 709 4820 funditur
731 4777 786 4838 per
809 4757 956 4819 circulum
976 4754 1151 4826 horizontis,
1175 4753 1265 4815 medii
1289 4753 1365 4814 coeli
1388 4770 1442 4831 per
1461 4769 1527 4812 me·
1603 4793 1606 4800 .

164 4854 333 4930 ridiuuuur,
349 4851 434 4915 Solis
457 4851 615 4912 ortonae.
634 4848 743 4912 itidem
764 4846 898 4909 tunditur
921 4855 990 4912 tem
1009 4845 1080 4918 tate,
1105 4837 1195 4924 ipuam
1218 4843 1527 4923 taruenneeorpoee
