3609 5634
257 372 324 442 231
855 374 1017 426 momum-

257 538 338 600 teuti
367 538 444 598 dent
464 534 615 615 epimelas
643 550 718 615 quas
741 532 833 595 inndo
865 533 903 594 eb
925 533 978 608 iis,
1001 533 1109 614 quibus
1134 550 1181 595 me
1204 533 1499 594 boemicensem
1521 530 1617 594 disci·
1667 607 1672 613 .

239 628 345 713 spnlus
369 624 529 687 submitto:
556 642 611 703 nge
626 629 658 685 et
673 621 744 684 mihi
763 638 847 684 mese
862 620 1010 700 epistolae
1026 630 1114 684 erunt
1136 622 1166 684 iu
1180 620 1288 702 pretio,
1313 618 1472 684 scribam
1494 628 1615 697 caute,

257 715 428 780 retinebo
460 711 693 793 exemplaria.
739 712 857 773 Morem
879 710 1040 772 Friscblini
1073 711 1221 791 seqnitur,
1254 710 1328 772 viris
1354 709 1443 773 bonis
1476 708 1617 789 iujurism

258 805 351 878 iecit,
383 803 570 864 humanitate
605 799 738 861 officiose
760 800 858 879 magis
889 818 980 879 quam
1003 800 1083 861 serio
1110 798 1306 861 scribentium
1338 800 1383 860 sd
1406 797 1616 861 instruendam

257 911 342 955 susm
362 890 478 953 rabiem
501 890 645 951 abutitur.
692 889 790 950 Tanto
812 896 923 970 peccet
943 888 1082 968 grevius,
1108 888 1187 969 quod
1208 887 1306 947 virum
1328 900 1491 960 summum,
1525 904 1614 966 quem

257 1001 305 1043 me
329 978 469 1042 admirari
492 979 588 1052 videt,
619 977 694 1039 meis
717 976 817 1039 verbis
841 977 1010 1039 deformare
1034 978 1146 1038 studet.
1192 974 1423 1037 iurisconsultis
1448 975 1485 1036 do
1510 972 1614 1035 discu-

244 1069 392 1133 nendum
413 1068 470 1131 boo
494 1067 616 1131 crimen.
662 1065 725 1127 Sed
750 1066 820 1145 quid
843 1083 919 1145 opus
942 1074 991 1127 est
1022 1083 1070 1126 me
1092 1064 1151 1144 ipsi
1180 1063 1329 1135 scribere,
1367 1082 1434 1125 cum
1460 1064 1504 1124 sit
1535 1062 1616 1124 male

246 1158 385 1240 ‚furiatus
400 1156 497 1229 bomo,
523 1162 557 1217 nt
579 1154 675 1229 video,
700 1176 720 1215 s
734 1173 791 1233 quo
806 1154 913 1215 merito
929 1153 1094 1214 cavendum
1112 1160 1170 1221 est,
1193 1172 1233 1213 ne
1253 1170 1343 1231 porro
1359 1169 1475 1230 qnoque
1498 1151 1616 1212 laedet.

257 1246 389 1307 Videtur
410 1246 468 1305 boc
491 1244 586 1323 ipsum
609 1242 640 1303 in
663 1258 760 1304 mesni
784 1258 842 1303 non
863 1243 961 1302 minus
985 1258 1073 1320 quam
1088 1238 1239 1322 Tycbonis
1262 1239 1372 1300 iecisse
1391 1238 1614 1301 contemeliam.

259 1334 336 1397 Cum
364 1333 441 1395 enirn
465 1351 512 1394 me
535 1331 619 1411 prius
647 1331 823 1404 laudasset,
857 1337 966 1412 postes
989 1337 1157 1408 comperto.
1187 1329 1340 1407 suspicere
1363 1346 1410 1388 me
1435 1324 1616 1409 'llycbonem

257 1423 352 1485 irstns
375 1423 431 1484 boc
453 1437 500 1482 me
523 1427 689 1480 scommate
712 1427 745 1479 et
768 1418 896 1480 ludibrio
915 1418 1081 1496 insignivit.
1128 1417 1252 1479 Utinam
1270 1430 1340 1477 vero
1356 1423 1521 1477 monstrum
1538 1415 1614 1476 illud

257 1510 385 1585 videam,
410 1510 488 1590 quod
512 1526 610 1569 meum
633 1508 717 1571 illsur
730 1507 891 1587 epistolem
906 1506 1045 1569 cornibus
1063 1505 1246 1566 circumfert.
1294 1503 1442 1566 Ceterum·
1454 1503 1615 1564 abstinebo

257 1599 378 1679 penitus
401 1598 440 1659 nb
463 1597 581 1658 homine
605 1604 637 1657 et
660 1615 707 1656 me
732 1596 806 1657 dsta
828 1596 988 1657 occasione
1011 1595 1147 1674 purgabo
1171 1592 1316 1673 Tychoui,
1354 1593 1432 1671 quod
1456 1598 1487 1652 et
1509 1600 1541 1652 te
1564 1606 1617 1653 oro

257 1694 291 1749 ut
314 1686 419 1748 iacies.
466 1685 610 1747 Miscetur
631 1684 704 1744 mibi
729 1682 883 1763 exemplar
906 1700 991 1744 mese
1015 1684 1183 1762 impressae
1206 1680 1364 1759 epistolae,
1388 1694 1458 1741 nem
1472 1680 1617 1741 etsiver-

257 1776 360 1837 borum
386 1775 451 1852 jem
479 1781 551 1851 post
577 1779 695 1834 tentum
723 1772 867 1850 temporis
895 1790 955 1833 non
979 1788 1044 1834 sum
1071 1770 1199 1848 emplius
1230 1782 1357 1845 memor,
1390 1768 1481 1830 iecile
1514 1775 1616 1830 tumen

258 1880 435 1942 agnoscam,
469 1860 587 1941 siquid
611 1879 668 1940 ego
691 1861 799 1939 scripsi
822 1860 908 1939 sique
927 1859 1052 1922 ulterius
1074 1859 1128 1921 ille
1153 1866 1313 1939 grassatus
1337 1865 1399 1933 est,
1428 1856 1523 1917 verbs
1544 1857 1617 1918 mihi

259 1952 337 2013 iorte
360 1951 505 2023 tribuens,
530 1966 606 2029 qnae
631 1968 698 2010 mee
721 1964 779 2010 nou
803 1957 884 2009 sunt.
931 1949 1001 2011 Non
1023 1964 1148 2028 possum
1172 1947 1305 2016 credere,
1329 1947 1406 2008 edeo
1421 1956 1469 2007 me
1492 1946 1619 2008 sudsese

259 2039 377 2119 inipso
402 2039 562 2111 laudando,
587 2046 621 2099 ut
643 2037 799 2118 superbire
823 2036 927 2098 asinus
951 2037 1058 2099 merito
1082 2042 1199 2117 posset.
1346 2037 1352 2045 “

258 2264 304 2328 (12
329 2195 595 2328 {ywffm
622 2197 656 2249 sd
675 2195 812 2262 Merum
838 2195 954 2247 dstsrnn
978 2196 1064 2258 copies
1080 2195 1251 2244 transmittens
1269 2139 1461 2242 line—etlinun
1494 2192 1620 2257 1040„ss

307 2301 313 2314 ·
353 2281 394 2325 ⁸1¹·
448 2304 454 2316 ·
475 2278 482 2317 :

327 2372 428 2429 Librum
440 2375 485 2425 ieri
497 2373 553 2425 Ursi
565 2374 655 2436 petius,
677 2386 752 2437 quem
763 2374 813 2423 veri
832 2372 939 2422 bominis
951 2369 1171 2436 (qnsmsdusodum
1183 2370 1268 2433 Tycho
1292 2384 1349 2421 eum
1361 2365 1484 2433 sepeliet)
1498 2384 1546 2434 ege
1557 2385 1616 2434 que·

257 2458 310 2508 que=
326 2459 376 2494 non
394 2445 451 2494 ridi.
488 2443 583 2494 Verum
603 2459 633 2494 ex
652 2443 700 2493 bec
722 2443 829 2507 epistola
841 2442 965 2506 Tycbonis
987 2442 1069 2492 ridere
1092 2443 1137 2492 tibi
1157 2442 1224 2498 licet,
1246 2440 1402 2491 annes-erbe
1422 2446 1468 2491 tus
1487 2453 1617 2506 agnosces.

258 2515 352 2576 Quodsi
369 2514 442 2579 plnre
459 2515 504 2565 tibi
517 2515 613 2565 effluxit
627 2511 705 2579 (quod
717 2528 763 2578 ego
775 2513 885 2578 prolecto
907 2513 967 2563 mihi
988 2513 1087 2562 omnino
1107 2507 1256 2576 persuadeo)
1269 2512 1361 2575 poteris
1379 2525 1428 2559 non
1441 2516 1540 2560 tautum
1553 2508 1619 2574 epud

257 2586 400 2649 Tyebonem
418 2598 444 2635 ee
457 2598 576 2636 moneare
590 2584 676 2650 (quum
695 2584 776 2648 ipsein
787 2585 819 2634 ob
831 2596 935 2634 samem
955 2598 1001 2650 ego
1014 2596 1109 2648 quoque
1129 2583 1252 2633 hactenus
1265 2595 1408 2645 responsum
1430 2580 1463 2630 sd
1476 2578 1618 2643 Tychonem

257 2657 348 2714 deme,
361 2657 440 2707 donec
453 2672 483 2706 ex
495 2663 521 2706 te
533 2648 752 2721 certiqnidesde'
764 2670 790 2705 re
804 2652 1003 2721 cognoscerem),
1025 2655 1070 2704 sed
1089 2656 1164 2704 etism
1183 2655 1340 2703 secesionem
1361 2652 1400 2702 vel
1420 2652 1560 2715 perlibens
1580 2650 1617 2702 rel

258 2728 306 2777 slio
319 2727 390 2781 modo
411 2727 437 2776 id
448 2727 511 2778 Urso
533 2727 695 2791 exprobrandi
717 2740 843 2791 questore.
881 2724 933 2776 Sed
943 2726 977 2775 ibi
991 2727 1092 2776 consilio
1111 2724 1150 2776 rel
1163 2725 1302 2775 consultore
1320 2728 1379 2788 puio
1393 2728 1420 2772 te
1432 2737 1484 2773 usn
1497 2722 1617 2789 indigere.

258 2797 326 2848 Male
337 2796 443 2848 furiatus
456 2804 523 2849 certo
535 2798 657 2849 esthemo
669 2798 717 2847 iste
729 2812 800 2849 verns
814 2804 840 2846 et
851 2797 917 2847 ierus
930 2812 1010 2847 ursus.

326 2937 482 3002 Replerus
507 2939 644 2990 treesmiait
662 2937 801 2988 llaestllno'
822 2937 908 2988 litarss
924 2951 982 2987 sues
1001 2935 1235 3002 „expurgator-rw.
1263 2938 1304 3002 qui
1328 2949 1371 2986 ess
1395 2942 1541 3002 „grstenter
1557 2936 1619 3002 legit

255 3012 349 3077 sibique
371 3016 397 3061 et
414 3010 523 3073 Keplero
541 3011 572 3060 de
593 3010 740 3075 purgatione
758 3021 806 3058 sus
820 3009 979 3059 vehementer
999 3008 1165 3074 gretuletur“.
1205 3005 1297 3072 Spero,
1318 3009 1407 3073 pergit,
1429 3008 1617 3073 ipsum‘l'ycbo·

256 3097 315 3133 nem
343 3083 420 3132 etiem
441 3082 538 3130 omuino
565 3080 780 3131 conteutnmiore.
825 3079 878 3144 Ego
891 3080 972 3128 eidem
994 3079 1103 3129 nondum
1125 3079 1240 3143 respondi
1258 3078 1296 3128 bis
1319 3079 1413 3129 dusbus
1440 3080 1521 3129 cenem
1541 3080 1618 3143 impe·

256 3152 332 3202 ditus:
351 3151 428 3216 primo
441 3152 500 3214 quis
511 3150 569 3217 qnid
580 3166 623 3215 pro
635 3158 661 3200 te
681 3148 878 3215 respondendnm
891 3154 964 3208 esset,
988 3151 1149 3214 ignorebem;
1170 3149 1364 3212 exspectandum
1377 3164 1435 3215 ergo
1463 3150 1522 3199 mihi
1542 3151 1618 3201 inisse

257 3223 351 3283 censui,
373 3226 402 3270 ut
413 3221 584 3287 intelligerem,
605 3235 638 3270 an
656 3220 712 3269 illes
724 3221 809 3271 litores
831 3222 864 3270 ed
875 3220 965 3270 Fernm
986 3234 1143 3286 agnosceres.
1181 3220 1280 3269 Etenim
1301 3221 1399 3269 omuino
1421 3221 1503 3278 credo.
1529 3221 1617 3271 Forum

256 3294 324 3341 illurn
336 3290 457 3341 nonnulle
468 3291 500 3341 de
512 3306 556 3341 suo
569 3294 605 3341 eis
617 3291 750 3342 effinxisse.
787 3291 860 3342 Nunc
873 3298 959 3340 entem
970 3304 1050 3354 spero,
1072 3290 1215 3354 Tycbomm
1233 3291 1282 3340 hec
1293 3297 1339 3341 tue
1357 3297 1386 3340 nt
1397 3291 1447 3340 disi
1466 3293 1614 3358 purgatione

257 3364 348 3426 optime
360 3368 503 3412 contentum
516 3363 576 3412 iore.
601 3362 687 3412 Altera
699 3376 778 3414 sema
789 3369 836 3421 est.
849 3362 914 3427 quod
925 3362 1026 3412 ubinam
1039 3368 1160 3411 terrerum
1171 3364 1204 3410 sit
1215 3361 1300 3424 Tychu
1312 3364 1420 3412 incertus
1433 3376 1495 3411 sum.
1533 3362 1612 3412 lism-

227 3460 236 3467 -
257 3435 328 3500 burgi
339 3435 406 3483 euim
419 3447 474 3483 enm
495 3448 545 3483 uon
559 3433 663 3496 amplius
675 3448 737 3491 esse,
760 3435 793 3484 sd
805 3449 846 3484 me
857 3446 998 3498 quenquam
1019 3435 1113 3482 incerto
1129 3434 1220 3482 nuncio
1242 3432 1352 3484 delutum
1365 3432 1418 3481 init
1456 3432 1524 3494 Quin
1541 3435 1618 3483 etism

257 3503 389 3560 terebatur,
408 3503 489 3568 ipsum
502 3504 633 3569 aliquunde
652 3505 775 3567 superiore
793 3519 858 3555 anno
877 3517 929 3553 non
940 3504 1023 3567 procul
1035 3503 1093 3552 binc
1106 3499 1216 3565 (sedubi
1236 3510 1263 3553 et
1274 3518 1349 3567 quem
1368 3502 1462 3567 procul,
1485 3509 1530 3554 ent
1551 3518 1584 3553 sn
1597 3518 1614 3553 s

258 3575 350 3625 dextris
361 3575 400 3624 vel
412 3575 516 3624 sinistris
528 3576 661 3625 resciscere
673 3588 723 3623 uon
734 3573 815 3640 potui)
828 3575 964 3631 transiisse,
987 3588 1062 3638 quere
1074 3588 1121 3638 qno
1139 3575 1263 3624 mitterem
1274 3572 1360 3625 literne
1377 3576 1556 3626 incertissimus
1571 3574 1616 3624 ini.

258 3644 309 3707 (lis
326 3644 431 3710 epistola
448 3644 472 3694 d.
492 3646 516 3695 d.
537 3644 580 3694 22.
598 3647 658 3710 Apr.
678 3642 743 3706 es).

327 3785 361 3836 D.
384 3781 426 3835 tt.
447 3786 514 3851 Aug.
537 3782 579 3835 99.
598 3785 723 3850 Keplerus
740 3787 805 3838 hsec
823 3786 854 3838 de
872 3786 936 3837 Urso
958 3785 1026 3835 dedit
1046 3784 1195 3836 Msestliuo:

347 3891 450 3973 Tycbo
472 3891 669 3973 Witebergee
692 3899 756 3965 est3
780 3891 880 3973 egitur
907 3900 942 3952 nt
963 3891 1094 3970 Prsgem
1117 3897 1265 3953 tremeat.
1311 3889 1421 3953 libelli
1449 3890 1529 3953 illius
1553 3892 1616 3973 Ty-

258 3979 494 4059 chonomestigis
517 3983 673 4060 exemplos
694 3982 734 4043 sd
756 4000 803 4042 me
827 3979 909 4042 misit
931 3980 970 4040 D.
994 3978 1184 4054 Horremus,
1213 3979 1405 4054 innobilis,
1436 3981 1523 4041 sulse
1545 3981 1612 4041 Βαυ

258 4068 380 4130 vesicae
411 4068 624 4145 cancellarius,
657 4070 688 4130 in
716 4071 795 4131 omni
820 4067 1023 4130 doctrinarum
1052 4080 1161 4146 genere
1192 4067 1473 4130 exercitatissimos.
1519 4069 1555 4130 In
1578 4087 1615 4130 eo

259 4157 382 4219 tendem
408 4156 470 4218 vidi
501 4157 663 4236 epistolem
690 4177 802 4231 meum,
836 4175 926 4237 quam
956 4156 1013 4217 hoc
1041 4155 1167 4217 consilio
1195 4156 1335 4217 inseruit:
1368 4157 1527 4236 proposuit
1557 4156 1615 4217 sibi

259 4245 431 4326 Tyebouem
454 4254 487 4307 et
512 4245 689 4309 Roeslinnm
722 4245 923 4326 exagitandos
956 4263 1023 4306 cum
1045 4244 1177 4305 inventis
1206 4252 1237 4306 et
1260 4243 1516 4323 speculationibus
1540 4245 1613 4307 suis.

259 4333 405 4399 Roeslino
439 4333 545 4413 objicit
570 4335 798 4415 amplitudinem
826 4332 908 4395 orbis
930 4333 1035 4395 Martii
1065 4333 1248 4395 contrarium
1276 4330 1549 4406 observationibus,
1584 4340 1618 4394 ct

260 4420 449 4485 demonstret
471 4422 619 4485 rationem
640 4422 809 4504 inquirendi
832 4422 996 4483 distantias
1020 4440 1058 4482 ex
1081 4421 1242 4483 snomalie.
1290 4421 1362 4482 lude
1388 4420 1491 4483 addit:
1517 4416 1616 4497 „Hine

260 4509 353 4572 etism
377 4510 551 4573 meminere
571 4511 658 4586 licet,
684 4530 762 4573 enne
784 4528 839 4589 per
861 4511 962 4583 omnis
982 4526 1057 4572 rere
1079 4510 1121 4571 sit
1144 4510 1305 4583 (veriorem
1329 4509 1408 4570 enim
1431 4510 1494 4571 scio
1516 4510 1614 4592 hypo*

260 4597 397 4661 thesibus
418 4599 569 4673 Roesliui)
593 4599 745 4662 sententie
766 4600 806 4661 D.
829 4598 967 4678 Keplsri‚
992 4614 1081 4679 qnam
1104 4598 1214 4660 adme
1237 4597 1413 4678 perscripsit
1440 4598 1524 4660 hisce
1547 4599 1615 4660 lnoe

260 4684 360 4764 dignis
375 4686 505 4750 literis“
529 4686 607 4752 Cum
620 4690 801 4753 mentionem
816 4687 911 4749 iaciat
926 4687 1060 4767 opusmli
1074 4686 1132 4749 mei
1147 4686 1287 4749 nundinis
1302 4686 1614 4749 Francoiordeneibus

260 4772 416 4851 publicati,
435 4776 537 4837 nescio
560 4794 612 4839 cu
634 4777 701 4840 lnce
724 4776 832 4857 dignes
854 4776 914 4839 less
925 4782 1048 4838 mussat
1065 4776 1179 4849 literas,
1205 4774 1262 4836 nisi
1277 4776 1349 4854 quis
1361 4776 1458 4854 ipsum
1478 4776 1612 4836 lsudent.

241 4860 293 4931 ,A
314 4860 422 4943 quibus
444 4881 483 4924 su
506 4864 622 4946 aliquid
642 4864 832 4939 meminerit
856 4863 975 4927 sede:
1000 4880 1077 4947 queo
1090 4863 1186 4946 ponit,
1210 4864 1311 4926 omnia
1324 4878 1396 4926 mes
1416 4869 1497 4929 sunt.
1537 4858 1613 4925 Cum
1706 4884 1713 4890 ·
