3609 5634
728 334 939 394 *mh
1454 335 1522 407 247

138 490 327 555 aaronem
351 492 462 570 omem,
485 493 615 556 drotum
637 513 708 558 vere
732 497 974 572 mbouomionm,
1000 498 1183 582 hypotlsasaa
1196 503 1416 569 astronomicas
1439 501 1520 565 tales

138 581 361 656 constituere,
393 602 435 644 aa
459 582 568 663 quibus
599 593 780 664 apparentes
812 595 911 649 noma
934 596 1112 668 sequentior,
1146 590 1273 653 altarnrn
1296 590 1519 670 geometricam,

141 665 347 750 hypotheses
373 672 576 749 geometricas
602 674 804 755 cujuscunque
836 677 949 738 formae
973 678 1091 750 (variae
1122 697 1249 758 namqas
1272 697 1366 760 saepe
1386 680 1418 741 in
1444 697 1520 759 geo·

138 758 270 822 metria
292 778 361 821 ease
385 762 527 841 possunt)
557 763 635 824 tales
664 763 861 840 constituere,
895 784 933 826 ex
962 766 1068 846 quibus
1097 766 1280 849 hypotheses
1303 769 1374 832 illae
1403 769 1520 848 priores

141 848 399 922 nunnamioae,
427 850 457 911 ln
483 868 509 911 e
529 851 593 913 vari
615 851 805 930 planetarum
825 860 942 927 moues,
976 873 1034 917 aun
1058 856 1221 919 adulterati
1244 857 1326 920 visas
1350 864 1519 920 commuta-

140 936 252 1013 tione,
276 947 309 1000 st
330 946 494 1018 seqaantm
514 945 548 1000 et
570 941 765 1004 calculentur.
1056 1015 1060 1020 ¹

250 1026 309 1090 Hic
332 1046 380 1090 me
402 1037 490 1090 tenor
511 1027 576 1109 ipso
599 1030 747 1092 sermonis
770 1031 829 1114 moi
851 1031 972 1104 inritat,
995 1039 1030 1093 ut
1053 1030 1204 1095 Osiandro
1227 1033 1436 1097 Patricium
1460 1034 1519 1095 ad·

137 1115 284 1196 jungam
312 1117 398 1196 tique
427 1124 553 1179 conatus
573 1125 814 1182 astronomorum
840 1139 944 1182 orons
972 1120 1135 1197 dcridenti,
1168 1122 1351 1204 hypotheses
1377 1130 1518 1185 astrono-

144 1205 256 1267 rnieas
278 1223 384 1267 omnes
405 1205 553 1286 rejiclcnti
575 1207 709 1270 nonnihil
731 1209 940 1287 respondeam.

251 1294 418 1356 Succensst
445 1295 473 1356 ie
500 1297 697 1367 astronomis,
731 1299 809 1376 qaod
839 1306 987 1360 canantur
1014 1318 1054 1360 sx
1081 1299 1173 1361 variis
1200 1299 1322 1362 circulis
1351 1308 1385 1360 et
1412 1299 1518 1361 solidis

146 1383 283 1445 omibus
303 1384 494 1462 planetarum
515 1381 614 1447 motus
638 1395 820 1466 appamam
839 1387 969 1458 albore
995 1405 1105 1469 eosque
1124 1388 1263 1463 wculoa,
1286 1405 1341 1450 aas
1365 1388 1516 1469 hypothe-

147 1491 226 1547 ses,
252 1472 371 1535 cerebri
398 1472 446 1534 sai
472 1473 628 1553 figmenta,
656 1493 755 1537 rerum
781 1483 908 1537 amarae
935 1475 1094 1554 imputare.
1140 1476 1186 1538 De
1214 1477 1347 1557 planetis
1372 1477 1437 1557 ipsa
1461 1478 1517 1542 boc

149 1561 305 1635 affirmat,
338 1562 417 1624 incar
437 1562 516 1624 fixas
538 1563 607 1625 illos
630 1564 659 1624 iu
683 1563 794 1644 liquido
817 1565 939 1630 aethere
962 1564 1116 1639 incedere,
1143 1565 1391 1645 quemadmodum
1413 1574 1446 1628 ct
1467 1565 1522 1628 ri-x

149 1651 303 1725 deantur,
332 1649 443 1712 liberos
467 1652 506 1712 ab
530 1650 646 1714 orbium
668 1652 831 1716 solidorum
857 1653 1066 1733 compedibus,
1100 1654 1149 1734 qui
1176 1654 1250 1718 nolli
1276 1655 1355 1729 sint,
1388 1673 1517 1734 aereque

151 1738 330 1820 hujusmodi
360 1739 489 1818 spitales
512 1748 544 1802 et
566 1741 648 1802 varie
678 1760 795 1803 rursum
817 1761 1010 1823 prorsumque
1038 1751 1193 1805 contortas
1224 1744 1335 1816 lineas,
1366 1759 1517 1823 nunquam

151 1828 218 1890 sibi
242 1827 318 1908 ipsis
338 1846 394 1907 per
415 1827 517 1891 omnia
538 1829 667 1904 similes,
692 1847 786 1911 eaque
807 1839 909 1894 motus
933 1831 1166 1912 inaequalitate,
1186 1834 1277 1913 plane
1301 1838 1334 1894 ut
1357 1832 1386 1894 iu
1411 1832 1514 1894 oculos

155 1924 283 1980 namtas
303 1916 466 1993 &currunt
493 1918 672 1981 describere.
718 1920 785 1982 Nec
807 1920 910 1983 mirari
933 1940 989 1982 uos
1012 1920 1120 1984 debere
1135 1922 1316 1984 canentem
1339 1922 1426 1996 hauc,
1451 1939 1517 1983 cum

24 2069 29 2078 ,
156 2006 303 2085 planetae
329 2023 436 2069 revera
460 2006 522 2068 sint
550 2007 693 2070 animalia
722 2007 848 2072 rahonis
870 2008 1010 2089 capacia,
1039 2010 1255 2089 comprobante
1279 2011 1310 2072 id
1334 2010 1516 2073 armtoritate

154 2094 370 2175 philosophiae
384 2095 570 2171 barbaricae,
595 2105 627 2157 et
641 2097 876 2177 omnipotentiae
891 2097 1010 2160 divinae
1024 2116 1082 2161 nou
1107 2098 1199 2161 luerit
1210 2100 1406 2179 impossibile.
1431 2106 1519 2161 tauta
1561 2103 1568 2120 '

155 2184 312 2264 sapientia
333 2194 490 2247 creaturas
512 2185 656 2261 condere,
681 2194 715 2248 ut
737 2186 902 2268 inmoratus
925 2187 980 2248 nos
1003 2196 1102 2249 motas
1126 2188 1165 2249 ad
1187 2189 1276 2254 fflom
1298 2205 1393 2268 nsque
1417 2187 1517 2249 mundi

155 2293 175 2335 e
252 2281 372 2335 mutar.
532 2299 539 2318 ι
819 2329 822 2334 .

174 2291 380 2424 xaoqPriorum
407 2361 464 2423 boe
491 2360 536 2422 illi
564 2361 654 2424 facile
673 2381 865 2438 couoessaro,
898 2362 1013 2426 solidos
1036 2363 1124 2425 orbes
1148 2364 1246 2425 nullos
1276 2383 1354 2425 esse.
1402 2365 1435 2425 lu
1459 2381 1527 2444 qno.

158 2461 191 2514 at
215 2451 367 2533 wallonis
390 2449 557 2516 rationibus
581 2451 670 2514 facile
693 2452 849 2517 subscribo
877 2458 909 2514 et
931 2453 1068 2532 privatas
1091 2452 1183 2514 etiam
1212 2452 1318 2514 habeo.
1366 2452 1516 2514 Patricius

156 2558 230 2602 vero
245 2539 379 2623 lychoni
400 2539 525 2601 ridiculo
550 2539 625 2602 lacit
647 2540 795 2621 iniuriam,
819 2559 906 2623 quem
930 2541 975 2602 ait
996 2541 1177 2603 fascinatum
1201 2540 1337 2619 opinione
1352 2540 1516 2602 solidorum

159 2629 277 2692 arbium
309 2648 419 2691 msam
440 2628 621 2691 coadmisse
644 2629 745 2691 mundi
770 2630 914 2705 formam
946 2649 1033 2710 quarn
1060 2629 1231 2710 opinionem
1254 2629 1356 2710 Tycha
1380 2629 1516 2691 omnibus

158 2718 281 2797 sumptis
306 2726 341 2780 et
369 2717 436 2798 ipsa
458 2717 662 2798 hypotheseos
684 2737 758 2780 snae
779 2719 954 2782 conditione
982 2719 1149 2799 impugnat.
1194 2718 1299 2798 Neque
1322 2736 1418 2796 nego,
1446 2717 1516 2797 ple·

157 2813 296 2869 numm
323 2806 465 2869 circuitus
491 2807 607 2869 ratione
635 2826 754 2870 summa
782 2803 996 2872 administrari.
1042 2807 1106 2870 Sed
1134 2814 1166 2868 et
1194 2807 1250 2868 hoo
1274 2806 1367 2882 dabo,
1401 2806 1428 2868 si
1449 2807 1516 2868 Doo

156 2895 306 2958 conditori
329 2896 508 2975 placuisam,
537 2905 571 2957 ut
592 2896 735 2975 planetae
759 2896 888 2977 spirales
911 2896 1079 2976 hujusmodi
1102 2904 1134 2957 et
1155 2895 1337 2974 irregulares
1361 2895 1514 2968 circuitus,

157 2985 265 3065 qualos
289 2983 504 3065 aspicientibus
527 2984 614 3046 nobis
638 2993 796 3066 apparent,
816 2986 1012 3060 eonbeeront'
1031 2986 1061 3047 id
1081 2984 1125 3046 illi
1140 2985 1248 3046 effectu
1272 2984 1361 3045 facile
1384 2983 1515 3045 futurum

158 3073 264 3135 luisse.
313 3074 425 3135 Verum
447 3073 477 3133 iu
501 3072 557 3134 hoo
578 3074 644 3153 jam
667 3074 768 3138 differt
781 3072 932 3150 Patricius
955 3074 995 3135 ab
1009 3073 1192 3135 asnonomis
1207 3091 1278 3134 vere
1295 3071 1514 3153 philosophan-

157 3162 257 3235 tibus,¹
288 3181 355 3225 cmu
376 3160 546 3242 quaeritur:
580 3163 722 3242 quidnam
744 3163 844 3242 potius
868 3163 934 3225 Deo
956 3162 1118 3242 placuerit,
1148 3182 1186 3223 an
1210 3169 1244 3223 ut
1266 3162 1407 3241 macoma
1430 3179 1515 3222 coru-

157 3250 276 3331 positos
299 3250 468 3330 hujusmodi
495 3261 698 3331 perpetuoque
723 3271 742 3313 a
765 3272 797 3314 se
828 3253 902 3332 ipsis
925 3253 1062 3314 diversos
1090 3260 1121 3313 et
1149 3250 1330 3329 irregulares
1358 3249 1515 3311 anfractas

156 3338 356 3420 pervolitant,
390 3358 467 3401 auus
496 3347 531 3401 nt
556 3339 732 3404 uniformem
754 3351 789 3403 et
812 3361 901 3422 quoru
924 3341 987 3404 fieri
1010 3348 1113 3421 potest
1135 3338 1389 3419 regularissimnm
1417 3337 1515 3400 circu-

157 3430 218 3492 lum
238 3428 422 3502 describant,
446 3429 536 3508 plane
560 3429 711 3492 diversum
735 3430 773 3493 ab
796 3451 834 3492 ea
856 3439 956 3492 motus
979 3429 1096 3492 malasi
1120 3428 1231 3503 ferma,
1257 3447 1334 3507 quos
1357 3427 1388 3488 iu
1412 3428 1515 3488 oculos

111 3533 114 3540 ’
157 3527 279 3581 nasuta
302 3518 440 3592 incurrit3
471 3537 582 3582 causae
606 3537 676 3580 voro
704 3519 822 3599 possint
843 3518 984 3592 inveniri,
1018 3517 1125 3597 quibus
1151 3518 1234 3578 visus
1265 3523 1368 3577 nostor
1392 3509 1537 3602 delusus'

158 3607 249 3669 aliter
279 3608 347 3669 illos
379 3607 534 3686 regulares
562 3617 662 3670 motus
688 3607 857 3682 intueatur,
891 3626 979 3687 quam
1006 3625 1114 3668 revera
1140 3603 1309 3683 comparati
1336 3602 1425 3664 sint„
1455 3602 1514 3664 Hie

158 3714 246 3758 nomo
269 3704 319 3758 est
340 3714 357 3755 e
379 3694 478 3757 sobrio
501 3695 793 3775 philosophantibus,
818 3695 868 3776 qni
891 3714 950 3756 non
974 3695 1029 3756 hoc
1054 3694 1197 3767 affirmet,
1221 3693 1296 3754 illud
1320 3691 1439 3754 omniuo
1464 3709 1514 3752 re-

154 3786 246 3866 jiciat
267 3784 383 3865 sibique
405 3784 493 3846 simul
516 3785 698 3848 astronomis
720 3783 923 3864 maximopere
945 3784 1124 3862 gratuletur,
1149 3782 1176 3843 si
1195 3800 1305 3843 causas
1329 3780 1516 3859 deceptionis

158 3874 334 3947 invenerint,
359 3893 378 3934 s
401 3873 481 3935 veris
501 3874 693 3951 planetarum
716 3873 845 3934 motibus
870 3871 1090 3934 accidentarios
1119 3878 1151 3933 et
1173 3889 1211 3931 ex
1233 3869 1397 3949 phantasia
1420 3868 1515 3944 visio-¹

158 3963 206 4025 nia
227 3969 313 4025 ortos
335 3962 512 4040 sejunxerit,
535 3970 568 4024 et
590 3961 764 4025 ornianus
787 3962 1013 4041 simplicitatem
1032 3968 1122 4041 atque
1138 3959 1307 4021 ordinatam
1330 3957 1514 4035 regularita-

159 4062 221 4114 tem
244 4049 418 4114 assenserit.
466 4049 615 4114 Patrioius
637 4070 708 4114 roro
731 4051 778 4113 ita
799 4050 1042 4131 philosophatur,
1070 4057 1119 4123 ut,
1144 4048 1194 4129 qui
1217 4048 1299 4110 illum
1323 4045 1421 4120 audit,
1455 4063 1514 4105 nou

157 4142 265 4222 pedem
287 4157 407 4202 movere
425 4139 536 4217 possit,
568 4141 636 4221 quin
660 4141 835 4204 mussulam
856 4140 1030 4218 mnongsro
1055 4138 1196 4200 fateatur.
1244 4135 1403 4214 Spatiatus
1432 4130 1512 4194 euim

158 4248 213 4310 par
234 4247 366 4309 campos,
392 4227 442 4289 ubi
466 4247 555 4308 sepes
579 4238 610 4291 et
631 4228 799 4309 propinqua
819 4229 888 4291 viae
911 4228 970 4290 sibi
993 4244 1158 4298 occurrero,
1183 4233 1314 4287 remotos
1330 4241 1401 4284 vero
1425 4238 1514 4285 mou·

158 4328 206 4381 tes
229 4338 262 4388 se
295 4316 431 4379 cumiani
462 4317 532 4378 visu
557 4317 659 4396 judica
685 4317 853 4396 putaverit:
882 4336 943 4378 non
968 4323 1070 4379 urcem
1090 4314 1202 4394 judicio
1225 4311 1367 4384 rationis,
1398 4310 1453 4372 sed
1477 4328 1514 4369 ne
1601 4362 1603 4364 ,

160 4425 280 4471 sensum
303 4406 422 4488 quidem
443 4425 633 4470 communem
655 4407 809 4468 camalet:
838 4407 909 4485 quio
937 4403 1037 4484 potius
1059 4402 1137 4464 visui
1169 4401 1287 4472 credet,
1314 4408 1433 4461 moutos
1455 4416 1515 4459 uon

160 4496 257 4560 finus
285 4515 321 4558 ac
344 4513 377 4557 so
406 4496 503 4576 ipsum
531 4494 671 4575 progredi
698 4494 798 4556 dieat:
829 4495 964 4573 adeoque
995 4492 1020 4554 si
1043 4510 1130 4553 curru
1161 4507 1286 4552 aversus
1309 4488 1516 4567 Argentorato

134 4594 215 4660 ,aut
236 4569 357 4647 Vienna
381 4585 567 4665 egrediatur,
599 4582 708 4645 Jovem
731 4583 861 4662 lapidem
884 4580 1015 4660 jurabit,
1048 4580 1188 4649 turrium,
1219 4595 1296 4657 quoe
1323 4576 1371 4638 his
1393 4575 1517 4638 urbibus

159 4675 315 4753 praealtas
340 4681 420 4746 suut,
444 4675 546 4737 ruinas
570 4673 599 4734 iu
623 4691 657 4734 se
680 4690 814 4751 vergere,
861 4667 943 4731 Olim
962 4668 1083 4748 quidam
1107 4686 1237 4729 meorum
1261 4663 1517 4727 contubernalium

129 4835 131 4838 ¹
159 4781 213 4843 por
236 4762 388 4824 fenestrae
407 4761 516 4825 vitmm
539 4769 699 4842 pascentes
722 4760 751 4821 iu
775 4758 946 4822 suburbano
968 4763 1057 4836 prato
1081 4755 1173 4818 boves
1187 4752 1514 4836 prospiciebatccum-

161 4870 218 4936 que
246 4869 301 4934 pro
324 4851 460 4915 lenmtra
486 4852 632 4934 ponderet
653 4868 802 4925 araneus,
835 4865 903 4911 sum
926 4846 976 4912 ille
1000 4863 1066 4910 cum
1093 4844 1188 4907 bobus
1215 4851 1342 4925 aspectu
1368 4841 1516 4904 directore
