3609 5634
266 356 333 425 2¹³1
813 351 1079 426 AW'W

268 517 371 581 Solem
393 516 529 597 proxime
542 535 632 596 super
645 516 763 579 Lusum
776 517 908 580 iulimsrn
922 518 1089 594 collocarit,
1104 517 1193 598 idque
1208 517 1248 580 ah
1260 536 1297 578 eo
1312 523 1347 579 nt
1359 514 1632 578 oetarahristote·

268 608 314 670 les
336 605 481 669 hmseric.
527 606 595 668 Hoc
608 613 701 685 paeto
723 606 888 670 sischema
906 607 1043 687 superins
1062 607 1117 669 list
1138 606 1257 669 theoria
1270 604 1363 679 Sulis,
1386 604 1522 667 manebit
1542 603 1634 683 primi

268 696 372 760 circuli
395 694 468 757 ILK
491 695 569 757 situs
592 703 625 756 et
647 703 754 771 motus,
780 696 929 758 secundus
943 694 1034 767 NOQ
1053 704 1136 758 motu
1156 695 1274 758 carebit
1295 695 1370 759 fere.
1415 692 1539 756 Tertius
1549 692 1633 756 Rsr

269 784 371 849 Solem
393 784 486 846 vehet
508 791 541 844 et
563 802 661 847 annuo
684 784 785 864 spatio
809 786 848 847 ud
870 785 951 848 idem
971 784 1059 865 primi
1086 785 1135 847 vel
1155 783 1271 847 sodisci
1285 791 1428 864 puuctum
1442 782 1630 846 mutuent.

357 871 503 944 Quemvis
536 890 595 934 nou
623 873 797 952 negaverim
827 873 891 936 fieri
914 873 1064 954 potuisse,
1096 880 1131 935 ut
1157 892 1223 935 cunr
1246 873 1391 936 Eudone
1418 871 1450 934 is
1477 868 1550 933 Sele
1574 871 1632 932 de·

138 953 145 964 ’
270 963 398 1026 liueuret
424 961 560 1025 colurum
587 961 802 1039 solstitiorum,
831 963 944 1044 inquo
972 964 1197 1025 demonstraret
1224 962 1386 1026 mammam
1409 960 1473 1039 eim
1496 959 1633 1023 declin-

267 1055 390 1127 tiouem,
421 1050 606 1113 Aristoteles
630 1069 697 1112 eum
721 1052 854 1114 colurum
871 1070 927 1133 pro
950 1050 1082 1132 sphaera
1095 1051 1199 1114 mobili
1218 1057 1366 1115 censeret
1413 1046 1477 1111 Sed
1491 1067 1548 1110 nee
1565 1067 1633 1112 cm

269 1139 472 1222 conjecturam
495 1138 666 1218 rejicerem,
696 1158 784 1220 mam
807 1140 996 1203 Fracastorii
1021 1140 1116 1203 verba
1138 1141 1436 1222 suppeditantem
1461 1136 1521 1200 sit:
1554 1137 1633 1212 „ss

269 1249 341 1294 vero
364 1229 396 1293 iu
418 1229 552 1291 maxims
576 1247 633 1290 sue
655 1229 856 1292 declinatione
879 1228 1039 1292 videbatur
1052 1249 1130 1291 nuno
1143 1231 1244 1310 magis
1266 1228 1307 1292 ab
1320 1234 1484 1308 aequatore
1508 1227 1633 1299 distore,

269 1338 346 1384 uunc
368 1319 499 1381 miuus.“
544 1315 688 1380 Eudoxus
715 1320 819 1399 itaque
843 1338 897 1380 eeu
920 1317 1164 1383 observationum
1187 1317 1397 1382 solstitialium
1422 1315 1498 1378 vitio
1521 1323 1556 1378 et
1574 1334 1633 1377 va«

269 1408 390 1482 rietate,
414 1426 467 1469 seu
492 1413 629 1469 veterum
652 1407 688 1470 de
712 1406 891 1488 obliquitate
914 1406 1030 1470 zodiaci
1052 1407 1266 1472 traditionibus
1290 1409 1394 1481 (eraut
1408 1406 1488 1467 euim
1501 1403 1634 1485 diligen·

269 1505 318 1559 tes
350 1497 380 1559 in
413 1497 470 1558 hoc
502 1494 678 1576 inquirendo
706 1503 831 1577 propter
860 1495 1077 1579 Olympiadnm
1109 1496 1211 1573 initia)
1241 1515 1308 1560 eum
1336 1514 1393 1557 su
1421 1492 1634 1556 cosensuone

270 1585 404 1661 collatis,
438 1603 491 1647 sen
513 1584 662 1663 suspicari
694 1604 747 1648 sen
775 1604 846 1647 vere
876 1585 1099 1666 deprehendere
1131 1587 1232 1667 potuit
1258 1584 1468 1647 diversitatem
1502 1581 1635 1662 aliquam

271 1672 482 1737 declinationis
505 1672 694 1747 solstitialis,
723 1674 770 1736 cui
795 1674 971 1736 efficiendae
991 1672 1094 1738 Solem
1123 1676 1153 1737 iu
1184 1672 1353 1738 latitudinis
1381 1670 1494 1734 cioulo
1517 1670 1635 1734 consti·

270 1764 388 1826 trehet.
434 1761 481 1822 De
505 1760 632 1841 lphito
656 1762 777 1842 quidem
799 1763 965 1825 communis
989 1770 1039 1824 est
1066 1765 1168 1840 sams,
1197 1782 1322 1827 causam
1344 1760 1391 1823 illi
1414 1759 1509 1822 inisse
1531 1766 1635 1822 ntro·

270 1851 419 1914 uomicam
442 1848 694 1913 instituendarum
716 1848 940 1933 Olympiudum.
959 1847 1001 1925 ¹¹)
1047 1853 1089 1916 Et
1103 1854 1172 1933 ipsa
1185 1854 1283 1915 forms
1300 1850 1371 1913 suni
1384 1847 1465 1911 illius
1486 1848 1635 1921 clamitat.

271 1948 375 2003 notam
407 1938 500 2016 imese
524 1939 624 2018 lphito
648 1940 797 2002 rationem
819 1940 945 2004 solstitii
974 1940 1109 2023 adeoque
1132 1939 1345 2004 declinationis
1368 1936 1519 2000 minse
1541 1935 1635 2010 Solis,

271 2029 378 2113 utqui
402 2046 513 2089 anuum
535 2028 573 2089 ab
598 2047 634 2089 eo
656 2029 820 2109 plenilunio
842 2029 1018 2109 incipiebat,
1043 2031 1123 2111 qnod
1136 2032 1273 2111 proxime
1295 2026 1459 2091 solstitium
1483 2026 1635 2107 sequeba-

270 2125 330 2180 tur.
378 2117 427 2180 Ab
456 2131 500 2177 eo·
514 2134 586 2177 vero
609 2117 649 2185 ad
671 2113 830 2184 Eudoxum
851 2126 924 2180 suut
947 2118 1017 2180 anni
1039 2117 1116 2183 400.
1162 2120 1244 2182 Vide
1267 2117 1362 2180 etiam
1382 2133 1459 2195 quae
1483 2132 1577 2195 snprs
1598 2115 1636 2176 de

272 2206 410 2281 Thalete,
435 2205 485 2286 qni
507 2205 624 2269 medius
648 2206 705 2268 luit
727 2207 806 2269 iuter
829 2207 962 2287 Iphitum
985 2214 1018 2269 et
1039 2209 1211 2284 Eudoxum,
1235 2209 1311 2271 item
1333 2207 1372 2269 de
1386 2204 1463 2266 Lino
1487 2205 1638 2284 antiquis·

272 2295 354 2358 simo
372 2312 411 2356 ex
433 2293 557 2356 Lsdrtio
581 2294 750 2358 retulimus.

360 2383 578 2459 „Pluuetsrun
601 2402 672 2446 vero
696 2384 823 2447 auorum
845 2384 995 2465 cujusque*
1012 2385 1042 2446 iu
1057 2381 1080 2450 4
1097 2385 1245 2464 sphaeris,
1270 2399 1395 2465 quamn
1408 2380 1507 2461 prims
1529 2388 1562 2446 et
1584 2393 1635 2442 so·

273 2472 373 2536 eundo
394 2472 500 2534 eadem
523 2479 587 2543 est,
615 2474 924 2553 quaestuosum,
956 2473 1056 2535 sersus
1080 2492 1200 2548 omues,
1231 2480 1264 2536 et
1286 2489 1363 2554 quae
1391 2469 1447 2531 sub
1471 2488 1509 2530 ea
1536 2468 1640 2548 posito

272 2570 323 2624 est
354 2580 432 2643 quse
464 2578 519 2640 per
541 2562 671 2624 medium
693 2562 810 2625 zodiaci
834 2568 949 2624 motum
972 2562 1079 2637 hehet,
1109 2579 1294 2626 communem
1317 2558 1495 2633 cunibus?
1525 2557 1639 2621 hebere

272 2669 375 2714 omues
398 2651 539 2729 planetas
561 2667 654 2714 unm
676 2651 789 2726 orbem,
813 2650 862 2732 qui
886 2650 1049 2730 sphaeram
1071 2651 1269 2715 inerrantium
1293 2651 1324 2713 iu
1338 2655 1423 2724 motu
1445 2655 1478 2709 et
1495 2645 1558 2709 situ
1580 2646 1637 2709 oh·

273 2748 394 2803 mmet:
423 2738 516 2801 alium
545 2738 634 2816 item,
665 2740 716 2821 qui
746 2740 801 2802 sub
829 2738 955 2802 zodiaco
978 2749 1116 2803 movetur
1148 2742 1179 2803 iu
1203 2737 1387 2803 contrarium
1413 2734 1513 2815 primo
1539 2742 1572 2798 ec
1601 2753 1637 2804 tx

274 2829 414 2911 obliquo„
454 2829 486 2889 Is
505 2827 564 2890 fuit
585 2847 679 2909 supra
697 2827 796 2904 NOQ,
821 2847 912 2911 super
934 2827 1013 2909 polis
1035 2829 1080 2904 N,
1105 2828 1133 2893 Ο
1156 2831 1310 2894 incedens.
1356 2824 1420 2888 ssd
1442 2824 1491 2887 lie
1509 2824 1572 2888 alis
1589 2825 1638 2903 ip·
