3609 5634
725 332 755 380 de
774 333 845 380 rebus
865 333 1024 400 astrologicis.
1492 335 1557 422 {3¹13

195 488 227 550 in
251 485 331 565 sitii,
365 489 438 564 >lcii
461 498 493 552 et
515 485 586 568 Ab
609 490 649 566 Ἡ.
696 492 789 566 Puto,
824 493 902 576 quod
932 495 954 569 a
982 502 1146 572 occupatur
1174 495 1202 556 iu
1228 494 1268 570 Q,
1297 495 1365 564 hine
1394 495 1557 576 significari

194 578 417 640 multitudinem
443 580 635 641 consiliorum
664 591 695 641 et
719 581 964 660 imaginationum
993 590 1023 641 et
1048 582 1201 643 irrollitiem
1232 603 1344 645 earum.
1391 586 1470 647 Nam
1494 586 1556 646 dila

197 668 333 729 funderis
363 666 392 727 in
423 667 642 746 cogitationes:
673 670 770 742 bene;
804 670 964 732 dnmmodo
994 677 1025 729 et
1049 670 1247 732 discerneres,
1295 673 1347 733 Aa
1374 672 1429 733 hoc
1459 675 1557 750 magis

194 775 234 816 ex
257 761 293 824 Δ
309 757 374 827 ὁ)
401 756 616 828 deducendum,
641 758 689 838 qui
707 756 778 819 milri
798 760 960 822 cornmunis
976 766 1084 832 tecum,
1110 767 1143 820 ut
1167 770 1198 821 et
1221 761 1393 822 multitudo.
1433 762 1476 824 Ut
1501 761 1557 823 tibi

193 844 352 905 absolvam
371 864 469 906 meum
488 846 636 924 dirigendi
660 848 793 919 modum,
818 848 863 908 sic
877 867 988 927 pergo:
1013 857 1157 928 quantum
1172 847 1225 910 Sol
1250 849 1285 911 iit
1306 850 1412 912 diebus
1427 847 1471 912 40
1487 852 1556 930 (pro

194 934 285 993 annis
309 930 378 1008 40),
399 935 574 995 tantundem
599 943 630 996 ot
644 935 762 998 Lunam
776 956 929 1015 promove.
967 936 1047 999 Nam
1063 939 1146 998 solus
1161 938 1272 999 Terrae
1288 937 1555 1018 motussignifica-

195 1035 280 1082 tores
303 1022 422 1102 dirigit;
452 1032 485 1083 at
508 1024 533 1083 si
555 1024 640 1084 Luna
663 1045 696 1084 se
727 1025 794 1103 ipsa
817 1044 875 1086 non
899 1026 1080 1100 circumiret,
1115 1044 1233 1105 semper
1258 1027 1290 1088 in
1311 1028 1416 1088 eadem
1440 1049 1459 1088 a
1482 1027 1557 1088 Sole

194 1111 342 1171 distantia
361 1119 505 1186 maneret,
531 1113 747 1193 veneraturque
770 1113 800 1173 in
824 1112 906 1175 Solis
930 1113 1024 1192 ipsius
1049 1115 1206 1176 celeritate
1221 1133 1275 1194 per
1291 1116 1460 1190 zodiacum,
1485 1116 1557 1195 quia

194 1219 312 1260 annuus
327 1200 439 1261 Terrae
463 1210 561 1262 motus
585 1201 750 1263 communis
775 1211 823 1263 est
847 1203 911 1264 orbi
926 1202 1030 1264 Lunae
1054 1222 1120 1263 cum
1136 1203 1238 1263 Terra.
1286 1204 1345 1265 Pro
1360 1205 1555 1265 Ascendente

199 1297 231 1348 et
254 1288 356 1349 Medio
373 1287 459 1350 Coeli
483 1288 542 1350 sic:
577 1292 615 1351 ad
640 1291 846 1356 ascensionem
870 1301 983 1352 rectam
1009 1290 1091 1353 Solis
1117 1291 1164 1352 die
1190 1289 1232 1354 to
1248 1293 1317 1372 (pro
1342 1293 1428 1354 arinis
1453 1289 1513 1365 40)
1537 1311 1557 1352 a

194 1376 357 1438 nativitate
382 1378 458 1437 adde
484 1379 573 1439 horas
597 1379 764 1453 natalitias,
790 1390 823 1440 nt
842 1381 907 1457 jam
932 1381 1022 1440 boras
1041 1377 1079 1443 5:
1105 1380 1198 1440 habes
1219 1381 1247 1441 in
1272 1381 1376 1443 tabula
1401 1383 1555 1443 domorum

193 1464 238 1526 Μ.
260 1463 296 1526 C.
322 1466 464 1539 atrise,
491 1467 528 1526 ad
553 1487 629 1548 quae
653 1469 825 1529 natalitium
848 1470 890 1528 M.
918 1466 952 1531 C.
979 1478 1010 1528 et
1034 1469 1212 1530 Ascendens
1235 1478 1447 1548 pervenerunt.

267 1553 460 1604 Fabricius:
480 1554 568 1615 Credo,
588 1571 726 1620 corpora
744 1563 944 1606 cometarum
964 1562 989 1605 et
1007 1556 1264 1607 unvammetellarum
1283 1559 1314 1608 ab
1333 1559 1402 1607 initio
1423 1558 1509 1610 muudi
1527 1558 1555 1607 in

193 1624 298 1674 aethere
317 1627 437 1681 existere,
464 1627 508 1675 sed
527 1629 619 1690 abesae
638 1628 738 1685 lumine,
758 1629 804 1677 nisi
823 1635 945 1692 quatenus
971 1629 1080 1690 speciata
1103 1641 1148 1691 per
1168 1634 1248 1677 certos
1273 1625 1430 1693 planetarum
1448 1631 1553 1694 positus,
1590 1644 1593 1650 ¹

192 1694 233 1745 sel
251 1696 394 1745 immediate
413 1712 429 1746 a
447 1696 502 1747 Deo
522 1699 554 1747 ad
572 1700 760 1763 significandam
779 1714 830 1747 rem
850 1699 957 1763 aliquam
976 1698 1155 1748 illuminantur.

284 1768 491 1845 Keplerus:
516 1771 603 1839 tinae
627 1779 659 1832 tn
685 1772 720 1830 de
745 1770 920 1849 corporibus
944 1771 1098 1831 cometicis
1119 1789 1236 1842 censes,
1261 1771 1454 1836 baudiacile
1479 1790 1554 1850 pos-

193 1868 267 1916 sunt
288 1857 413 1917 refutari
437 1854 588 1936 ἐκεχιως,
621 1858 704 1920 dicta
734 1879 861 1939 namque
892 1868 963 1921 sunt
985 1858 1131 1939 ἀτεχνως,
1165 1859 1204 1920 ab
1237 1879 1286 1933 co,
1323 1860 1556 1940 quiverimus

194 1947 343 2022 φυλαττει.
380 1945 456 2004 Hoc
477 1947 572 2006 solum
596 1947 694 2007 dicere
718 1965 856 2024 possum:
893 1948 919 2005 si
948 1966 1077 2024 corpora
1096 1957 1201 2008 essent
1229 1967 1324 2027 aeque
1353 1965 1460 2010 crassa
1483 1955 1554 2010 ante
1586 1961 1589 1964 ’

194 2025 226 2093 et
250 2025 279 2093 in
306 2031 428 2106 visione,
454 2033 694 2096 illuminarentur
718 2055 736 2094 a
760 2033 841 2096 Sole.
891 2033 1057 2113 Oporteret
1081 2035 1181 2115 itaque
1206 2037 1324 2105 dicere,
1354 2055 1412 2097 non
1437 2046 1555 2099 tantum

194 2122 364 2195 illuminari,
391 2133 424 2181 ut
448 2123 617 2197 videantur,
643 2125 694 2184 sed
720 2123 814 2184 etiam
830 2122 979 2184 subtiliari
1000 2133 1116 2201 postea,
1144 2144 1180 2184 ne
1196 2124 1371 2199 videantur;
1394 2125 1553 2187 illustran-

194 2219 245 2271 tur
267 2210 347 2271 euim
370 2233 388 2270 a
411 2210 493 2271 Sole.

266 2298 451 2349 Fabricius:
480 2298 584 2358 Quanta
606 2307 645 2348 est
662 2301 773 2350 maxima
791 2298 897 2350 latitudo
915 2297 1066 2349 Mercurii
1092 2299 1242 2362 aTychone
1260 2301 1392 2355 oberrata
1419 2307 1446 2352 et
1463 2316 1511 2366 qao
1528 2302 1556 2352 ia

193 2368 269 2418 loco?
306 2369 356 2419 Cur
374 2370 484 2420 Cicero
502 2372 571 2420 illum
588 2377 704 2420 sanctam
721 2371 821 2421 sanam
838 2368 929 2419 vocat?
1333 2379 1337 2387 '

283 2442 486 2519 Keplerus:
523 2443 569 2504 De
603 2442 657 2503 illa
689 2441 821 2504 scribere
854 2440 895 2502 nil
929 2459 1067 2520 possum;
1102 2440 1188 2502 limes
1212 2442 1330 2522 quidem
1361 2444 1469 2506 boreus
1501 2461 1555 2521 per

195 2512 306 2591 linedm
329 2548 366 2591 ex
390 2529 462 2592 Sole
486 2532 614 2609 ejectam
638 2531 757 2593 videtur
774 2531 804 2593 iu
829 2530 956 2592 confinio
980 2546 1013 2596 ee
1038 2537 1069 2592 et
1088 2533 1127 2604 il,
1155 2532 1234 2592 unde
1259 2532 1313 2592 lat.
1341 2533 1473 2602 maairna
1497 2531 1552 2592 bo-

194 2619 286 2680 realis
311 2620 340 2680 in
364 2621 420 2679 line
444 2624 493 2696 ᾗ,
509 2621 654 2691 austrina
678 2619 706 2680 in
729 2620 787 2680 fine
812 2635 843 2685 m
869 2619 1097 2698 apparentibus.

284 2705 346 2768 Cur
368 2710 502 2772 sanctior
524 2708 666 2771 Mercurii
690 2708 790 2782 stella,
817 2728 905 2787 quam
929 2705 1028 2781 Jovia‚
1054 2708 1167 2768 nescio.
1214 2708 1286 2767 Vox
1309 2715 1418 2768 sancta
1441 2706 1470 2767 iu
1496 2704 1551 2768 Ci-

193 2814 300 2856 cerone
324 2797 403 2856 solet
427 2797 535 2877 opponi
560 2797 723 2876 rapacitati
748 2804 778 2857 et
803 2795 970 2874 sacrilegiis
1001 2804 1031 2855 et
1060 2795 1352 2874 depeculationibus,
1388 2803 1419 2854 et
1442 2795 1471 2857 in
1496 2811 1553 2874 ge·
1590 2865 1594 2871 ,

194 2904 264 2945 nere
296 2886 530 2967 appetitionibus
564 2887 745 2958 alienorum,
771 2885 862 2946 etiam
895 2884 1063 2963 conjugum.
1109 2886 1158 2945 An
1193 2884 1284 2963 igitur
1316 2879 1440 2958 sancta,
1475 2882 1553 2963 quod

152 3035 160 3048 ,
195 2973 369 3053 parcissime
394 2985 540 3053 evagetur
563 2999 582 3036 a
605 2974 703 3036 Sole?
1467 3041 1471 3052 ,
1567 3032 1571 3040 .

265 3062 453 3111 Fabricius:
481 3063 521 3112 De
548 3070 615 3112 statu
634 3061 919 3124 Tychonianorum
943 3062 996 3122 jam
1022 3061 1114 3109 dudum
1139 3060 1199 3109 nibil
1222 3060 1317 3118 habeo,
1346 3074 1394 3110 nec
1419 3061 1495 3110 etiarn
1523 3060 1554 3112 de

194 3130 440 3267 ibidnriilqbliiliiiii)
457 3142 549 3184 nostro.
589 3134 667 3230 Credo
683 3132 794 3183 Martem
811 3131 870 3182 mihi
889 3145 932 3179 ros
951 3146 1037 3184 omnes
1054 3133 1156 3182 infestos
1168 3131 1285 3188 redderm
1303 3133 1341 3180 ita
1358 3145 1420 3182 sane
1439 3135 1554 3195 apparet,

282 3276 482 3354 Keplerus:
516 3276 675 3338 Silentium
703 3285 839 3336 nostrum
866 3272 1024 3335 directioni
1047 3272 1129 3335 Solis
1157 3275 1194 3335 ad
1225 3292 1333 3351 corpus
1358 3272 1470 3334 Martie
1495 3273 1552 3334 tri·
1649 3341 1656 3358 .

194 3363 269 3437 buis,
296 3365 381 3444 qnasi
405 3366 431 3424 is
456 3386 509 3428 nos
531 3365 588 3426 'tibi
612 3365 719 3426 reddat
743 3365 886 3425 infensos.
935 3362 1002 3424 Hoc
1027 3381 1098 3440 ergo
1119 3364 1164 3423 vel
1190 3364 1254 3424 solo
1279 3380 1437 3439 agnosces,
1467 3369 1498 3421 te
1521 3360 1551 3420 in

195 3471 293 3514 errore
318 3454 430 3515 versari
455 3456 536 3516 circa
559 3453 753 3516 directionem
778 3453 871 3524 hanc,
897 3451 975 3531 quod
1001 3452 1109 3512 salsum
1133 3463 1189 3513 est.
1237 3451 1293 3511 Tui
1318 3450 1395 3510 enim
1419 3447 1551 3530 quotidie

195 3541 257 3599 iere
281 3543 461 3606 mentionem
485 3544 622 3605 facimus.
669 3543 716 3604 De
740 3550 823 3601 statu
845 3539 1082 3622 Tyclronicorum
1106 3549 1246 3601 constare
1270 3539 1345 3622 mihi
1366 3558 1423 3599 uon
1437 3545 1551 3618 potest,

194 3629 263 3706 quia
291 3649 336 3690 ine
361 3632 565 3712 Tengnagiius
589 3642 768 3692 suininovct.
799 3637 897 3701 (Pergit
912 3641 965 3698 jam
978 3619 1101 3700 Keplems
1120 3651 1251 3687 recensens
1270 3650 1359 3685 causas
1372 3635 1552 3684 dissensionum

193 3717 399 3850 weliga?
414 3722 538 3783 ‘l'ycbonis
557 3719 691 3776 haeredes,
715 3720 863 3781 praesertim
881 3716 1095 3782 Teugnagelium,
1115 3717 1238 3780 Tychopis
1263 3731 1399 3782 generum,
1425 3714 1473 3764 alio
1498 3714 1552 3765 looo
1579 3799 1585 3810 ρ

263 3878 445 3928 Fabricius:
471 3878 565 3928 Latent
582 3878 735 3927 Basileae
755 3877 787 3926 ad
807 3878 884 3925 civem
902 3874 959 3925 Jac.
980 3873 1111 3925 Curionem
1131 3874 1208 3924 ⁴—b
1219 3877 1394 3940 quaterniones
1418 3875 1454 3924 rei
1472 3880 1550 3923 astro·

191 3946 287 4013 logicae
305 3941 383 3998 mir'ae
401 3950 553 4013 plenissimi.
583 3953 652 4013 cujus
674 3951 748 3999 irater
777 3948 835 3996 milri
862 3947 932 3997 dedit
950 3961 995 4004 ea,
1020 3949 1131 3997 simodo
1150 3948 1294 3997 tabellarius
1314 3954 1381 3996 esset
1400 3945 1550 3995 commodus.

192 4016 438 4140 ffiirgaislilligaipsuot,
464 4021 524 4070 nulli
543 4022 604 4069 visa.
642 4021 741 4081 Quaeso
762 4018 819 4068 mihi
841 4019 902 4068 certi
922 4018 981 4083 quid
998 4020 1135 4082 perscribas
1155 4019 1185 4069 de
1204 4015 1340 4068 tabellariis
1358 4018 1424 4067 inter
1442 4015 1551 4083 Pragam

281 4182 484 4260 Keplerus:
509 4180 662 4242 Basileam
686 4180 754 4241 hinc
779 4180 851 4268 nulli
875 4187 1038 4242 excurrunt
1053 4176 1215 4250 tabellarii,
1242 4177 1312 4256 quia
1336 4177 1394 4238 non
1416 4182 1550 4256 estpro-

193 4289 291 4332 vmma
315 4287 439 4349 impera.
1480 4351 1489 4359 ι

263 4376 447 4455 Fabpicius:
475 4375 568 4438 Accepi
588 4376 704 4438 scriptum
725 4369 909 4435 (horoscopum)
933 4378 1002 4420 tuum
1022 4371 1053 4420 de
1072 4368 1278 4453 Cama-,ellario
1301 4370 1471 4453 nosbo‘aatis
1489 4369 1550 4418 libe·

193 4465 260 4508 rum3
280 4449 384 4498 miratus
404 4447 546 4502 candorem,
566 4453 599 4504 et,
620 4453 647 4494 ut
666 4447 691 4493 in
711 4445 830 4498 omuibus.
849 4445 1019 4508 perspicacem
1037 4443 1130 4505 ingenit
1149 4455 1204 4488 mm.
1242 4439 1280 4488 Tu
1297 4439 1458 4503 pluramdea
1476 4451 1550 4504 quam

195 4536 241 4588 ego
261 4537 291 4572 ex
309 4519 454 4584 quotidiana
483 4519 559 4581 ipsius
580 4518 765 4567 conversatione
785 4515 886 4563 odorare
910 4514 987 4577 potui.
1024 4513 1118 4561 Locum
1137 4510 1162 4571 0'
1182 4512 1207 4559 in
1226 4508 1262 4557 2ο
1279 4507 1303 4566 ὅ
1320 4512 1402 4574 ponis,
1431 4525 1486 4559 cum
1505 4511 1549 4560 lat

191 4601 253 4656 sept.
274 4589 310 4654 (i)
329 4599 414 4640 tamen
433 4590 511 4638 nodus
530 4588 635 4637 evehens
655 4588 679 4635 in
701 4582 752 4632 17⁰
771 4584 793 4640 t}
813 4586 854 4638 sit.
892 4587 930 4633 An
950 4599 981 4632 ex
999 4583 1121 4648 proposito
1139 4583 1236 4632 facturn
1255 4581 1293 4631 rel
1312 4597 1400 4640 enare.
1419 4597 1468 4630 non
1482 4583 1549 4638 ocior

191 4671 250 4726 puto
269 4671 295 4713 te
314 4663 376 4712 farte
395 4677 425 4711 ex
444 4661 572 4724 Copernici
591 4658 681 4708 tabulis
700 4658 780 4706 locum
801 4656 937 4720 collegisse.
978 4653 1004 4703 Si
1024 4669 1089 4703 anno
1109 4654 1201 4703 aetatis
1220 4651 1262 4701 22.
1281 4653 1442 4702 directionem
1461 4667 1548 4703 assem

192 4735 272 4784 dentis
291 4734 324 4783 ad
343 4733 425 4783 Solem
442 4733 552 4780 morbum
572 4730 663 4784 attulit,
684 4729 741 4793 quid
760 4727 822 4776 iacit
843 4724 874 4787 Θ
895 4727 928 4776 ad
947 4725 973 4785 0'
993 4733 1019 4775 et
1037 4725 1052 4782 lt
1069 4728 1143 4788 juxta
1162 4722 1340 4788 aequatorem?

281 4823 481 4904 Keplerus:
508 4822 540 4881 ln
556 4820 594 4880 D.
612 4817 759 4880 b‘rancii
783 4815 887 4896 genesi
913 4817 988 4876 bene
1013 4814 1106 4876 lrabet
1131 4813 1212 4875 locus
1236 4821 1271 4884 d.
1317 4813 1398 4876 Nam
1419 4811 1477 4875 etsi
1501 4821 1550 4875 est
