3609 5634
596 400 627 451 os
646 400 792 452 cussanus
817 404 843 454 u
861 418 956 455 mum
973 402 1113 455 nuncu.
1474 400 1541 469 dld

183 556 255 628 AG,
281 565 313 619 et
337 576 405 619 esse
429 559 458 620 in
482 559 521 636 Κ,
545 559 574 620 Ν
597 561 717 639 punctis
740 562 786 624 sui
810 562 902 625 orbis.
914 560 949 637 ¹⁸¹)
993 563 1040 624 At
1054 561 1115 623 dixi
1140 569 1233 623 antea
1255 560 1393 623 vernales
1413 562 1541 642 eclipses

185 648 268 708 circa
292 645 320 708 G
346 648 473 724 tardius,
499 650 687 711 autumnales
712 651 831 712 circaF
854 650 943 713 citius
967 669 1113 732 apparere
1138 669 1226 730 quam
1248 651 1278 712 iu
1296 649 1422 713 calculo.
1465 650 1540 713 Cal-

185 736 270 797 culus
294 735 385 815 igitur
408 735 511 798 Solem
534 737 614 799 infra
636 739 684 799 vel
707 749 777 819 post
800 739 830 800 K
853 740 882 802 iu
902 740 930 802 L
954 740 1082 820 reponit,
1106 748 1138 801 et
1160 746 1230 801 ante
1253 737 1282 802 N
1306 739 1337 801 in
1361 736 1398 815 Ο,
1427 748 1461 801 ut
1484 760 1541 821 ap-

182 832 292 904 pareat
324 824 354 885 iu
377 824 419 900 Ε,
452 825 491 887 Η.
539 824 607 897 Quo
639 839 729 907 pacto
753 829 818 903 liat,
851 840 886 890 ut
904 826 987 890 LBO
1021 830 1063 892 sit
1095 829 1241 891 diameter
1272 826 1432 890 ecceutrici
1456 826 1538 891 Solis

186 923 218 975 et
240 914 267 975 B
292 922 427 975 centrum
451 915 515 994 ejus
538 916 662 996 propius
677 917 790 980 Terrae
814 916 843 977 iu
868 918 994 993 calculo,
1021 937 1108 998 quam
1127 917 1157 978 iu
1177 915 1399 979 observatione.
1437 913 1540 987 Quare

183 1003 208 1064 si
239 1021 333 1064 causa
364 1004 472 1066 erroris
506 1004 660 1087 eclipsium
685 1008 871 1070 conferretur
903 1006 1076 1069 incursum
1105 1004 1201 1082 Solis,
1235 1005 1429 1068 statuendum
1457 1013 1541 1068 asset

184 1092 331 1171 majorem
365 1112 433 1154 esse
457 1092 537 1155 Solis
569 1096 823 1158 ecceutn'citatem
847 1096 938 1176 duplo
963 1097 1039 1171 fere,
1074 1114 1163 1177 quam
1186 1115 1205 1155 a
1227 1095 1341 1158 calculo
1366 1094 1539 1157 assumitur.

184 1181 229 1241 At
251 1182 321 1242 vide
341 1200 416 1262 quae
442 1181 574 1245 absurda
597 1194 800 1264 sequerentur.
846 1187 927 1248 Nam
950 1186 977 1246 si
1001 1186 1097 1264 major
1118 1183 1199 1246 Solis
1223 1183 1443 1258 eccentricitas,
1469 1202 1539 1263 ergo

183 1280 216 1330 et
238 1270 355 1348 longior
379 1272 514 1333 aestivus
537 1273 753 1349 semicirculus,
779 1281 810 1335 et
832 1274 952 1336 brevior
974 1274 1129 1347 hibernus,
1163 1291 1250 1354 quam
1274 1280 1402 1351 quantos
1426 1271 1540 1334 faciunt

183 1359 358 1419 astronomi.
404 1361 449 1421 At
471 1362 634 1423 astronomi
664 1383 720 1424 nou
744 1370 872 1443 possunt
894 1382 994 1425 errare
1017 1363 1081 1436 hic,
1107 1362 1177 1442 quia
1205 1362 1294 1423 facile
1317 1370 1366 1423 est
1393 1362 1538 1425 terminos

182 1447 239 1507 hos
273 1466 309 1507 ex
338 1450 548 1511 observatione
582 1453 838 1531 aequinoctiorum
865 1452 944 1514 satis
975 1459 1096 1532 promta
1128 1450 1322 1512 constituere.
1368 1449 1452 1530 Ergo
1485 1457 1538 1512 aut

184 1535 239 1598 Sol
264 1556 321 1597 uon
346 1550 394 1597 est
417 1558 510 1600 causa
531 1540 618 1620 hujus
643 1542 752 1604 erroris
776 1542 857 1604 circa
880 1540 1023 1620 eclipses,
1054 1547 1107 1601 aut
1130 1538 1352 1600 concedendum
1375 1539 1434 1601 erit
1456 1540 1537 1601 alte-

186 1645 252 1686 rum
278 1627 455 1687 absurdum:
479 1647 584 1708 nempe
599 1628 702 1691 Solem
724 1630 755 1692 iu
779 1649 833 1693 suo
857 1629 929 1693 orbe
954 1627 1120 1692 eccentrico
1145 1625 1265 1690 circaC
1290 1647 1348 1689 uou
1372 1628 1539 1709 aequaliter

183 1713 332 1787 incedere,
357 1716 411 1776 sed
435 1716 546 1778 habere
571 1727 706 1781 centrum
729 1717 965 1799 aequalitatisB
988 1718 1111 1799 propios
1127 1717 1252 1779 Terram
1267 1717 1340 1797 (quo
1356 1717 1443 1779 modo
1467 1734 1535 1779 ma-

185 1812 292 1864 nerent
314 1805 358 1865 illi
386 1807 500 1866 numeri
523 1806 707 1869 aestivorum
735 1816 767 1869 et
789 1808 967 1871 brumalium
992 1809 1122 1879 dierum)
1146 1814 1252 1868 contra
1276 1824 1364 1886 quam
1392 1807 1423 1868 iu
1447 1824 1539 1886 supe-

185 1891 322 1965 rioribus,
349 1892 398 1954 ubi
422 1906 557 1956 centrum
580 1897 777 1978 aequalitatis
801 1919 820 1959 a
842 1899 938 1959 Terra
961 1895 1078 1977 longius
1102 1895 1201 1957 abest.
1249 1891 1338 1965 Quod
1361 1893 1388 1957 si
1402 1894 1539 1975 quiahoc

186 1981 261 2041 nolit
283 1999 337 2060 pro
362 1982 491 2043 absurdo
515 1984 640 2060 habere,
672 1987 765 2048 fretus
790 1987 926 2067 exemplo
951 1984 1102 2053 Mercurii,
1127 1984 1196 2046 huic
1220 1984 1311 2045 aliam
1334 2002 1458 2045 oausam
1481 2001 1536 2065 ap-

154 2085 278 2148 ·pouo‚
313 2091 372 2150 qua
394 2072 581 2147 demonstro,
616 2075 718 2135 Solem
749 2094 806 2136 nou
840 2095 908 2136 esse
936 2074 965 2135 iu
996 2093 1088 2135 causa
1115 2073 1203 2152 hujus
1232 2072 1341 2133 emeris
1372 2072 1538 2152 eclipsium.

187 2158 268 2220 h'am
292 2159 339 2219 die
364 2161 523 2222 Paschatis
547 2174 617 2241 post
640 2163 765 2243 eclipsin
789 2173 879 2226 noctu
901 2163 977 2225 hora
1001 2162 1178 2225 duodecima
1200 2161 1288 2223 Luna
1311 2161 1401 2239 plena
1424 2161 1539 2223 coelum

186 2247 330 2309 mediavit
353 2268 419 2311 curn
444 2248 586 2312 Saturno.
633 2251 680 2312 En
705 2273 763 2333 qua
787 2253 998 2315 observatione
1027 2250 1177 2312 mediante
1200 2250 1399 2312 calculatione
1423 2250 1538 2312 evinci-

187 2344 249 2408 tur,
273 2337 377 2399 Lnnae
402 2340 498 2400 locum
522 2340 614 2402 etium
638 2349 700 2401 tum
724 2342 817 2402 t'uisse
842 2342 948 2414 alium,
978 2359 1065 2420 quam
1088 2340 1117 2399 iu
1141 2339 1272 2411 calculo;
1306 2337 1438 2400 debebat
1461 2339 1539 2400 enim

187 2424 225 2486 ad
249 2445 382 2488 normam
405 2428 512 2490 calculi
537 2427 699 2490 Saturnum
718 2431 781 2508 jam
807 2449 975 2509 superasse.
1023 2428 1083 2490 Ubi
1110 2427 1158 2488 hic
1182 2426 1258 2488 Sol?
1286 2427 1336 2505 qni
1360 2435 1442 2489 certe
1466 2428 1539 2490 uihil

188 2515 264 2575 fecit
284 2517 321 2576 ad
346 2516 549 2596 indagandum
572 2519 668 2579 locum
692 2518 806 2581 Lunae.
854 2519 935 2598 Ergo
955 2518 1043 2597 plane
1060 2516 1113 2578 Sol
1129 2515 1296 2577 absolvitur
1315 2517 1353 2576 ab
1369 2516 1424 2576 hac
1439 2515 1536 2597 culpa.

188 2604 228 2664 Ut
251 2622 309 2664 uon
336 2606 433 2666 dicam
458 2606 485 2666 iu
511 2626 619 2686 magno
642 2608 775 2686 periculo
806 2608 920 2669 versari
946 2607 1112 2668 doctrinam
1136 2603 1405 2685 aequinoctiorum,
1432 2605 1458 2666 si
1482 2606 1537 2667 hoc
1576 2635 1583 2640 ·

187 2692 215 2752 in
239 2691 319 2754 Solis
344 2696 445 2755 orbern
474 2696 647 2757 audeamus.
695 2699 797 2776 Atque
822 2696 877 2758 hoc
901 2705 949 2757 est
978 2696 1056 2776 quod
1079 2695 1109 2755 iu
1132 2694 1326 2773 prognostico
1350 2711 1416 2755 meo
1444 2694 1537 2773 legis:

188 2781 240 2856 ,Iu
266 2790 347 2843 motu
371 2782 452 2845 Solis
476 2787 540 2845 sine
565 2805 676 2865 magna
697 2785 924 2865 perturbatione
948 2785 1060 2848 mutari
1084 2781 1156 2843 nihil
1179 2801 1285 2862 posse,
1318 2783 1396 2862 quod
1420 2783 1538 2863 quidem

187 2871 226 2932 ad
249 2871 326 2932 hauc
349 2873 528 2935 anomaliam
552 2876 729 2937 salvandam
753 2874 876 2937 faciat.“

275 2958 417 3042 Sequitur
444 2963 544 3025 Luna
576 2964 670 3044 ipsa,
700 2982 789 3044 quam
819 2964 907 3043 hujus
936 2961 1041 3040 cnlpae
1069 2978 1152 3021 ream
1179 2960 1339 3022 manifeste
1364 2968 1448 3023 tenet
1480 2959 1538 3022 ob·

186 3049 317 3111 servatio
341 3051 509 3113 Paschalis.
555 3054 693 3114 Assumo'
712 3053 813 3133 itaque
828 3070 962 3113 mensem
981 3050 1145 3124 hibernum,
1171 3047 1243 3112 Sole
1262 3050 1343 3111 circa
1360 3048 1537 3130 principium

187 3137 362 3218 Capricorni
386 3149 536 3211 versante,
562 3141 687 3214 (ceteris
709 3141 847 3220 paribus)
872 3140 992 3203 circiter
1015 3149 1142 3219 quatuor
1167 3138 1258 3200 horas
1280 3139 1446 3219 longiorem
1469 3156 1538 3200 esse

191 3247 279 3308 quam
303 3228 460 3305 aestivum,
486 3229 557 3292 Sole
582 3231 662 3292 circa
685 3230 849 3293 solstitium
873 3236 1024 3302 versante,
1049 3236 1215 3289 ceterorum
1238 3228 1392 3304 mensium,
1417 3233 1451 3289 ut
1470 3228 1537 3308 qui-

186 3316 261 3377 libet
293 3318 481 3395 aeqninoctio
510 3321 553 3381 sic
582 3320 723 3381 mediocri
747 3321 906 3401 (quantum
935 3318 1069 3381 calculus
1096 3317 1212 3397 prodit)
1244 3318 1423 3398 propiorem.
1470 3317 1537 3380 Hoc

184 3414 274 3484 pacto
303 3417 416 3467 certum
445 3417 492 3469 est
523 3409 643 3488 negotio
672 3409 863 3472 satisfactum
892 3409 939 3471 iri.
985 3408 1065 3470 Nam
1093 3426 1160 3467 cnm
1188 3425 1337 3468 acancro
1366 3405 1405 3467 ad
1429 3405 1537 3468 libram

185 3504 247 3556 tres
272 3494 377 3556 breves
401 3515 518 3558 menses
542 3506 713 3584 sequautur,
739 3506 808 3560 suut
830 3496 983 3560 breviores
1008 3496 1123 3558 duabus
1148 3494 1238 3569 horis,
1264 3514 1353 3574 quam
1372 3504 1434 3556 tres
1450 3513 1535 3556 meu-

184 3603 233 3645 ses
268 3584 443 3645 mediocres.
492 3585 590 3649 Citius
623 3587 715 3666 igitur
738 3587 824 3648 Luna
853 3584 992 3667 pervenit
1019 3585 1059 3646 ad
1082 3583 1201 3657 Solem,
1236 3602 1324 3663 quam
1354 3582 1380 3644 si
1405 3586 1537 3657 (remota

186 3672 428 3735 consideratione
452 3676 515 3754 ejus
540 3677 723 3750 anomaliae)
748 3677 916 3756 aequaliter
939 3692 1057 3754 semper
1076 3680 1256 3735 moveretur.
1303 3670 1419 3734 Contra
1438 3670 1535 3735 aOs-

182 3763 320 3842 pricoruo
354 3762 392 3824 ad
415 3764 553 3827 Arietem
582 3774 645 3826 tres
669 3765 747 3826 tardi
779 3773 943 3846 sequuntur
967 3781 1099 3838 meuses,
1132 3761 1249 3823 tardius
1277 3760 1369 3841 igitur
1398 3761 1536 3842 opinione

183 3851 270 3912 Luna
293 3852 341 3929 vel
365 3854 419 3914 snb
443 3853 546 3917 Solem
569 3863 622 3915 aut
645 3853 673 3914 in
698 3854 726 3915 ei
749 3854 919 3934 oppositam
942 3852 1076 3914 umbram
1099 3850 1232 3913 incurrit.
1279 3850 1329 3914 Ab
1344 3853 1450 3914 Ariete
1465 3870 1536 3913 vero

262 4098 293 4171 ⁴¹)
321 4103 408 4158 IGFD
436 4111 481 4158 est
507 4105 704 4176 consequentia
730 4106 879 4178 signorum.
921 4106 972 4161 ΕΙ)
995 4104 1258 4177 prosthaphaeresis
1285 4104 1466 4170 diminuenda,
1495 4105 1536 4161 IH

181 4183 442 4253 prosthaphaeresis
457 4189 596 4256 augenda.
637 4188 703 4242 Cum
718 4204 786 4258 ergo
797 4187 857 4256 jam
870 4204 1005 4257 ponamus
1020 4188 1048 4240 in
1061 4188 1073 4240 1
1087 4187 1184 4240 Ariete
1198 4185 1290 4238 Solam
1303 4186 1413 4257 lougius
1428 4185 1457 4239 in
1470 4204 1534 4241 cou-

182 4265 328 4333 seqneutia
351 4264 470 4329 distare,
498 4283 580 4336 qnam
603 4260 631 4313 in
654 4269 761 4322 calculo
784 4268 935 4331 iuvenitur,
969 4267 1055 4321 distet
1076 4283 1146 4337 ergo
1166 4265 1244 4319 ultra
1265 4266 1288 4318 0
1311 4265 1340 4318 in
1363 4266 1396 4319 N.
1437 4267 1478 4320 Et
1499 4268 1536 4321 sit

180 4345 441 4414 prosthaphaeresis
457 4347 495 4400 1o
508 4347 597 4416 major
611 4363 693 4415 quam
707 4349 755 4402 11³.
798 4349 917 4403 Rursum
931 4348 1003 4401 enim
1017 4363 1148 4417 ponemus
1163 4345 1190 4399 iu
1201 4346 1229 4400 D
1241 4345 1329 4400 Libra
1342 4344 1433 4400 Solem
1446 4345 1534 4402 miuus

182 4423 210 4477 in
224 4425 423 4495 consequentia
445 4426 558 4492 distare,
582 4444 664 4497 quam
687 4430 716 4482 iu
730 4429 837 4482 calcqu
851 4427 999 4491 invenitur,
1024 4433 1081 4481 stet
1098 4443 1167 4497 argo
1186 4432 1252 4479 aute
1266 4426 1290 4479 L
1305 4420 1408 4493 (locum
1422 4423 1534 4493 calculi)

180 4504 209 4557 iu
221 4505 250 4559 K
264 4513 294 4558 et
307 4504 345 4558 sit
357 4507 618 4577 prosthaphaeresis
632 4509 680 4564 ΓΙ)
695 4508 784 4578 major
802 4525 911 4563 rursum
925 4524 1006 4578 quam
1019 4506 1080 4561 ΕΙ).
1122 4506 1189 4560 Cum
1203 4522 1271 4576 ergo
1284 4506 1365 4559 Luna
1387 4508 1535 4562 secuudum

182 4585 318 4638 calculum
333 4586 435 4639 debeat
448 4604 534 4658 usque
548 4589 576 4641 in
589 4588 614 4641 L
627 4589 739 4653 moveri,
756 4596 786 4642 ut
800 4589 891 4643 Solem
906 4589 935 4642 in
947 4588 972 4641 Ε
987 4592 1161 4657 assequatur,
1185 4585 1367 4655 deprehendit
1380 4586 1458 4642 illum
1470 4588 1499 4642 iu
1512 4593 1535 4648 F

181 4671 210 4717 et
230 4682 285 4718 uon
308 4682 376 4735 opus
391 4665 511 4720 haberet
532 4667 649 4722 ulterius
673 4668 726 4722 nisi
740 4668 767 4722 iu
783 4668 961 4739 Qprogredi.
1003 4666 1048 4721 Sic
1062 4683 1121 4720 oum
1144 4665 1287 4720 existimet
1306 4666 1428 4721 calculus
1441 4668 1535 4733 Solem

182 4744 209 4796 in
223 4745 250 4797 H
265 4753 404 4814 repertum
418 4745 451 4800 iri
464 4747 579 4818 ideoque
593 4749 701 4803 Luuarn
715 4748 744 4804 in
757 4749 779 4803 Τ
794 4748 962 4803 solummodo
981 4747 1140 4810 constituat,
1164 4751 1262 4800 contra
1274 4745 1323 4801 Sol
1337 4747 1413 4801 ultra
1424 4749 1453 4802 H
1465 4747 1533 4811 int}

179 4830 223 4878 est
236 4831 266 4880 et
279 4826 376 4880 Lunae
387 4825 489 4882 diutius
503 4831 621 4885 eundum
634 4832 721 4885 donec
734 4830 839 4913 ultraT
853 4829 916 4883 inR
929 4827 1032 4883 veniat.
1051 4828 1129 4882 Haec
1142 4832 1210 4898 puto
1229 4827 1314 4898 paulo
1328 4828 1456 4884 clariora.
1496 4832 1531 4887 IL
