3609 5634
295 353 362 423 330
718 357 821 411 uram
839 357 941 424 xatas
964 357 1115 424 eumque
1131 363 1234 410 mma

297 516 372 581 fecit
394 523 539 590 naturae,
574 513 710 578 admittit
731 523 833 578 tamen
856 516 1067 596 proportiones
1091 535 1150 578 non
1174 513 1326 591 ι’μμιλιις,
1348 523 1383 579 ιιι
1409 510 1444 598 Ἰ,
1472 516 1528 580 deo.
1574 514 1658 597 Ego,

296 615 331 668 ut
353 605 486 669 auditum
509 606 688 678 instruerem
712 605 893 666 necessariis
917 604 1074 679 subsidiis,
1103 604 1212 685 quibus
1235 605 1265 666 iu
1288 606 1343 667 illa
1365 606 1528 669 latitudine
1549 607 1657 669 inteu-

295 695 388 757 siouis
412 701 525 757 certum
549 693 670 774 aliquod
695 699 837 772 puuctum
860 691 1040 756 verissimae
1064 694 1280 757 consonantiae
1304 695 1439 759 exaudiri
1462 702 1578 775 posset,
1604 694 1659 757 via

295 803 367 846 usus
390 802 457 846 sum
481 783 510 844 iu
534 782 743 858 arithmetica,
767 784 798 843 iu
822 782 1004 860 geometria,
1039 783 1068 844 in
1092 781 1253 846 stathmice
1277 783 1405 863 aliisque
1430 783 1566 848 scientiis
1589 783 1657 846 usi·

296 881 372 945 tata,
397 879 431 933 ut
454 871 572 934 scilicet
595 871 758 945 delinirem,
783 871 852 951 quid
875 873 945 952 plus
968 879 1052 934 esset
1069 872 1167 950 justo,
1191 872 1262 952 quid
1284 872 1393 949 miuus,
1417 873 1521 954 itaque
1539 878 1658 935 eertum

294 962 455 1035 haberem,
489 960 650 1022 veritatem
683 960 815 1023 residere
837 960 878 1023 ‘iu
907 961 1015 1025 medio.
1063 962 1098 1023 Id
1122 968 1225 1024 autem
1254 960 1298 1023 sic
1322 962 1487 1024 successit:
1526 970 1658 1024 extensa

296 1050 411 1112 chorda
434 1068 524 1129 super
547 1049 605 1111 duo
629 1049 771 1129 ephippia
789 1049 853 1112 sive
868 1050 1028 1130 megedin,¹
1045 1051 1090 1112 sic
1113 1057 1148 1112 ut
1161 1057 1286 1113 sonaret
1298 1050 1438 1129 impulsa,
1462 1057 1572 1130 postea
1594 1051 1655 1111 ad-

296 1139 376 1200 hibui
402 1138 523 1200 tertium
556 1138 727 1218 ephippium
760 1138 889 1214 mobile,
923 1147 956 1202 et
986 1145 1105 1218 partem
1137 1138 1269 1201 chordae
1293 1138 1475 1219 longiorem,
1508 1161 1528 1200 a
1549 1139 1656 1212 mobili

295 1227 435 1307 ephippio
460 1226 668 1301 terminatam,
700 1226 864 1289 identidem
887 1227 1023 1308 pulsavi,
1055 1246 1180 1308 eumque
1204 1234 1272 1290 tota
1293 1227 1408 1290 chorda
1430 1230 1554 1309 ejusque
1579 1247 1656 1290 sono

294 1318 477 1394 comparavi,
502 1317 597 1378 douae
621 1316 743 1378 auribus
768 1316 918 1379 videretur
937 1317 1080 1379 constitui
1099 1317 1179 1380 inter
1192 1326 1350 1397 utramque
1368 1317 1466 1397 prima
1485 1316 1657 1380 etminima

185 1473 186 1476 Ἴ
294 1407 501 1482 consonantia,
526 1406 605 1466 inter
627 1422 660 1465 re
683 1412 714 1465 et
739 1407 779 1467 fa.
826 1404 888 1467 Sed
913 1407 983 1485 quia
1006 1425 1104 1480 aures,
1129 1416 1164 1468 ut
1185 1406 1257 1480 dixi,
1282 1405 1415 1468 incertae
1429 1407 1594 1468 manebant
1613 1406 1653 1466 de

294 1494 422 1573 genuino
445 1504 556 1574 puncto
580 1492 713 1573 ephippii
737 1493 869 1566 mobilis,
898 1513 990 1575 super
1018 1513 1074 1573 quo
1106 1493 1305 1556 constitueret
1323 1495 1440 1573 justam
1463 1495 1598 1556 chordae
1621 1496 1655 1556 ia

295 1582 524 1661 longitudinem,
553 1584 621 1645 ideo
644 1582 763 1662 pulsavi
787 1584 879 1644 etiarn
903 1585 1032 1645 alteram
1056 1583 1223 1646 breviorem
1247 1583 1377 1645 chordae
1401 1591 1538 1663 partem,
1573 1602 1654 1663 quae

294 1672 399 1732 statim
424 1671 602 1734 dissonabat
625 1692 644 1733 a
667 1679 734 1733 tota
757 1679 790 1731 et
812 1691 831 1731 a
854 1673 968 1752 majore
991 1680 1088 1752 parte,
1113 1672 1140 1733 si
1165 1672 1212 1733 vel
1235 1671 1329 1734 hilum
1352 1693 1371 1733 a
1393 1672 1523 1752 genuino
1538 1679 1653 1752 puncto

294 1759 499 1822 recessissem.
538 1762 613 1823 Tres
632 1760 725 1840 igitur
747 1761 978 1823 concordantiae
1002 1761 1123 1822 auditne
1138 1779 1294 1839 quaereus,
1320 1780 1379 1822 non
1393 1762 1493 1840 potuit
1510 1760 1654 1823 aberrare

294 1869 313 1910 a
332 1848 500 1928 justissimo
523 1859 651 1929 puuoto;
675 1869 744 1912 uam
767 1868 839 1929 pars
863 1850 970 1922 altera,
996 1849 1113 1929 longior
1131 1849 1217 1928 justo
1232 1849 1350 1917 edecta,
1374 1850 1564 1929 relinquebat
1576 1849 1653 1911 reli-

286 1956 385 2017 .quam
412 1939 498 2018 justo
521 1932 698 2002 breviorem.
744 1939 810 1999 Hoc
833 1946 925 2018 paeto
954 1938 1073 2001 bisocta
1095 1937 1208 1999 chorda
1230 1938 1381 2017 exquisite
1403 1956 1457 2017 per
1480 1938 1654 2017 ephippium

295 2026 414 2098 mobile,
438 2027 591 2106 apparuit,
627 2046 694 2089 esse
717 2028 797 2089 iuter
818 2027 962 2106 pertesi
993 2035 1026 2090 et
1056 2024 1070 2088 i
1097 2025 1301 2099 unisonum,
1334 2028 1413 2089 iuter
1434 2034 1552 2106 partem
1578 2025 1590 2087 1
1620 2035 1655 2086 et

294 2121 391 2175 totam
415 2112 446 2189 2,
472 2116 649 2195 diapason
673 2115 869 2190 harmoniam,
894 2135 971 2195 quae
996 2114 1137 2178 facillime
1161 2115 1343 2195 dijudicatur
1357 2115 1395 2178 ab
1415 2115 1549 2196 auribus,
1573 2112 1655 2176 siout

294 2203 436 2282 spatium,
462 2203 500 2265 ab
524 2205 664 2285 ephippio
688 2204 791 2267 mobili
814 2203 954 2279 divisum,
978 2203 1204 2284 expeditissime
1219 2203 1357 2266 manibus
1381 2212 1413 2267 et
1427 2204 1547 2266 circiuis
1563 2222 1651 2266 meu-

294 2299 429 2366 suratur,
460 2312 497 2353 an
521 2292 553 2355 iu
577 2295 635 2356 duo
659 2301 741 2356 recte
769 2294 812 2355 sit
833 2301 960 2356 sectum.
1008 2292 1042 2356 Si
1065 2311 1138 2373 ergo
1164 2293 1244 2355 iuter
1266 2293 1395 2356 chordas
1419 2292 1607 2372 longitudine
1633 2292 1649 2355 1

294 2387 326 2442 et
348 2378 369 2443 2
393 2388 442 2442 est
465 2380 628 2462 diapason,
660 2391 732 2445 tunc
755 2381 868 2444 chorda
892 2402 946 2444 seu
969 2382 1069 2463 spatio
1092 2382 1122 2443 iu
1146 2378 1166 2444 3
1190 2381 1304 2456 diviso,
1329 2390 1361 2444 et
1383 2382 1524 2461 ephippio
1548 2381 1654 2444 mobili

295 2469 333 2529 ad
368 2477 511 2549 puuctum
542 2491 632 2533 uuum
666 2471 837 2552 applicato,
872 2470 932 2534 erit
963 2472 1042 2534 iuter
1073 2478 1177 2551 partes
1205 2470 1217 2532 l
1246 2478 1278 2533 et
1300 2468 1321 2533 2
1345 2489 1461 2536 rursum
1493 2470 1653 2551 diapason.

294 2557 377 2619 Tunc
408 2560 498 2638 pulsa
528 2567 616 2641 parte
640 2558 661 2623 2
690 2571 723 2624 et
744 2568 811 2623 tota
835 2558 873 2636 3,
908 2560 1029 2623 auribus
1057 2559 1190 2623 occurrit
1217 2559 1439 2640 perfectissima
1467 2559 1653 2640 diapente,

293 2664 383 2726 quam
407 2648 537 2710 fortasse
561 2667 619 2711 uon
643 2650 688 2711 ita
711 2648 859 2730 exquisite
885 2657 1099 2728 agnoscerent,
1134 2648 1192 2710 uisi
1219 2659 1323 2729 partes
1351 2648 1481 2710 chordae
1509 2649 1593 2728 pride
1621 2648 1655 2709 in

294 2735 450 2814 diapason,
475 2742 510 2799 ut
532 2738 603 2814 dixi,
630 2738 808 2801 conciliatae
835 2745 948 2813 essent,
973 2737 1032 2800 etei
1056 2737 1197 2817 diapente
1219 2745 1291 2817 post
1313 2737 1459 2817 diapason
1482 2737 1654 2817 expeditis-

294 2822 368 2884 sime
393 2825 575 2905 dijudieatur
597 2828 636 2889 ab
660 2827 790 2890 auribus.
838 2826 890 2890 Sic
913 2827 1003 2906 pulsa
1024 2833 1112 2907 parte
1139 2825 1152 2889 1
1179 2832 1214 2888 et
1234 2833 1301 2888 tota
1325 2825 1355 2901 3,
1379 2824 1510 2889 occurrit
1528 2825 1653 2888 auribus

293 2912 518 2991 perfectissima
550 2915 722 2995 diapente
755 2917 1008 2994 epidiapason
1040 2914 1207 2977 harmonia.
1260 2913 1362 2978 Causa
1389 2922 1495 2994 patet:
1528 2932 1599 2976 nam
1635 2912 1651 2975 1

294 3019 362 3062 cum
385 2998 406 3062 2
430 3011 478 3064 est
501 3004 656 3083 diapason,
680 3001 702 3066 2
725 3024 794 3067 cum
818 3002 837 3067 3
861 3012 911 3067 est
933 3004 1086 3083 diapente,
1111 3021 1182 3083 ergo
1209 3002 1222 3066 1
1250 3022 1317 3065 cum
1342 3000 1363 3066 3
1386 3011 1435 3065 est
1455 3003 1597 3082 diapente
1621 3010 1656 3064 et

294 3089 453 3169 diapason.
500 3093 557 3153 Hic
577 3093 642 3173 jam
675 3094 868 3156 ratiocinatio
900 3092 1044 3155 dividitur
1071 3093 1100 3153 iu
1126 3093 1199 3153 duos
1223 3110 1334 3154 ramos.
1382 3092 1463 3154 Nam
1485 3091 1511 3152 si
1533 3088 1654 3171 pars2

297 3197 365 3239 cum
389 3184 457 3239 tota
480 3175 500 3241 3
525 3189 573 3241 est
597 3182 748 3260 diapente,
774 3190 840 3243 tota
864 3200 937 3262 ergo
961 3182 991 3242 iu
1015 3180 1035 3243 5
1060 3181 1174 3255 divisa,
1199 3181 1258 3244 erit
1280 3189 1314 3244 et
1335 3199 1407 3259 pars
1430 3178 1451 3242 2
1475 3200 1542 3243 cum
1564 3188 1653 3259 parte

294 3262 314 3327 3
339 3265 499 3345 diapente3
524 3268 562 3329 ad
587 3287 676 3348 quam
700 3271 922 3350 agnoscendam
946 3288 1034 3332 aures
1054 3271 1120 3349 jam
1143 3269 1274 3332 numeris
1297 3270 1345 3331 his
1368 3267 1390 3332 2
1413 3277 1445 3330 et
1468 3267 1499 3343 3,
1524 3269 1652 3331 etdivi-

295 3354 379 3415 sione
404 3355 495 3435 spatii
518 3356 548 3417 in
573 3355 593 3420 5
618 3358 758 3438 aequalia
780 3379 834 3440 pro
859 3358 1038 3421 adminiculo
1062 3366 1199 3433 utuntur,
1229 3359 1256 3420 si
1283 3377 1338 3439 per
1361 3378 1394 3420 se
1418 3376 1479 3420 nou
1501 3376 1653 3438 agnosce-

294 3442 481 3510 rentillam.
527 3445 622 3508 Pulsa
644 3466 715 3510 vero
740 3448 852 3510 chorda
876 3445 977 3511 tota5
1003 3457 1033 3510 et
1048 3456 1136 3527 parte
1161 3446 1190 3523 3,
1216 3467 1303 3511 aures
1319 3454 1488 3527 agnoscunt
1509 3455 1655 3509 sextam

295 3533 420 3594 duram
443 3535 507 3598 siue
530 3536 685 3616 majorem.
731 3536 782 3599 Sic
805 3537 894 3617 pulsa
916 3544 1005 3616 parte
1029 3534 1049 3598 2
1073 3543 1107 3597 et
1129 3544 1196 3598 tota
1219 3535 1257 3611 5,
1282 3555 1408 3599 necesse
1432 3544 1494 3610 est,
1519 3535 1653 3598 existere

294 3622 492 3702 compositam
516 3644 532 3685 e
556 3632 646 3687 sexta
669 3631 701 3687 et
723 3626 847 3705 quinta,
880 3627 965 3701 eive,
1000 3625 1078 3705 quod
1100 3625 1181 3687 idem
1203 3633 1270 3701 est,
1304 3644 1343 3687 ex
1366 3624 1459 3687 tertia
1482 3624 1597 3704 majore
1621 3632 1654 3687 et

274 3710 452 3792 diapason.
499 3713 557 3775 Hic
580 3734 682 3777 ramus
705 3714 946 3777 ratiocinationis
969 3732 1087 3776 rursum
1115 3714 1325 3778 subdividitur.
1372 3713 1408 3776 Si
1430 3712 1510 3774 euim
1533 3732 1606 3792 pars
1631 3709 1652 3775 3

296 3817 363 3860 cum
387 3799 407 3860 5
432 3808 498 3863 tota
522 3809 686 3879 consonat,
721 3822 792 3883 ergo
816 3805 914 3866 divisa
937 3811 1004 3866 tota
1031 3804 1061 3864 iu
1086 3802 1125 3876 8,
1144 3805 1252 3866 ‘etiam
1280 3800 1300 3865 3
1323 3822 1395 3883 pars
1423 3821 1489 3865 curu
1519 3801 1539 3865 5
1562 3810 1652 3882 parte

296 3889 476 3951 consonabit
499 3889 535 3951 δι’
551 3887 589 3964 ἑξ
610 3892 811 3970 majorem3
836 3902 868 3956 et
890 3901 970 3966 tuuc,
995 3893 1084 3971 pulsa
1097 3899 1186 3973 parte
1206 3891 1225 3955 5
1245 3899 1278 3954 et
1292 3898 1359 3954 tota
1376 3889 1407 3966 8,
1431 3910 1521 3953 aures
1536 3909 1652 3970 agnoe-

295 3982 368 4037 cuut
390 3975 427 4037 dr’
444 3974 481 4050 ἑξ
503 3979 697 4053 minorem,
721 4000 810 4061 quam
834 4001 892 4044 uon
915 3981 960 4043 ita
974 3981 1123 4063 exquisite
1138 3982 1260 4043 delinire
1274 3988 1401 4062 possent
1420 3980 1450 4041 iu
1465 3980 1654 4061 assignanda

295 4064 388 4144 spatii
411 4067 591 4146 quantitate,
616 4069 694 4131 citra
707 4072 938 4150 praecedentem
952 4069 1129 4134 divisionem
1143 4070 1235 4150 spatii
1251 4070 1343 4133 totius
1357 4070 1387 4129 iu
1402 4066 1433 4144 3,
1458 4068 1496 4129 ob
1511 4069 1653 4130 latitudi-

295 4171 373 4225 nem,
396 4162 431 4216 ut
445 4155 516 4229 dixi,
541 4156 671 4219 auditus.
711 4158 762 4220 Sic
785 4160 874 4238 pulsa
887 4155 1011 4238 parte3
1035 4165 1067 4220 et
1089 4167 1156 4222 tota
1177 4155 1409 4239 8cousequene·
1424 4165 1483 4230 est,
1507 4165 1652 4219 utexau-

299 4242 401 4305 diatur
424 4244 592 4324 composita
615 4266 631 4306 e
655 4253 744 4309 sexta
767 4247 873 4328 majori
898 4255 931 4310 et
953 4255 1042 4310 sexta
1055 4247 1171 4322 minori,
1196 4248 1260 4310 sive
1274 4267 1313 4310 ex
1328 4254 1435 4327 quarta
1449 4254 1479 4307 et
1494 4245 1652 4325 diapason.

296 4330 353 4392 Hic
373 4333 440 4412 jam
462 4351 676 4413 progressuros
710 4336 927 4398 subdividendo
959 4336 1219 4399 ratiocinationem
1249 4336 1403 4418 excipiunt
1432 4334 1652 4397 dissonantiae.

295 4418 374 4484 Nam
398 4421 468 4501 quia
490 4440 563 4502 pars
586 4420 606 4486 3
630 4431 662 4485 et
684 4430 752 4486 tota
774 4424 795 4489 3
818 4433 1004 4494 consonant,
1037 4433 1072 4487 ut
1095 4426 1172 4500 dixi,
1207 4432 1274 4488 tota
1296 4426 1389 4506 igitur
1421 4424 1451 4484 iu
1479 4421 1513 4485 il
1541 4423 1651 4494 divisa,

294 4525 367 4586 pars
393 4506 413 4572 3
438 4518 471 4572 et
491 4530 564 4591 pars
588 4508 609 4575 8
632 4514 840 4576 consonabunt
867 4514 1026 4587 similiter;
1064 4522 1099 4578 at
1120 4523 1187 4577 tota
1215 4514 1248 4577 li
1283 4524 1315 4577 et
1344 4521 1431 4593 parte
1462 4509 1652 4574 utralibet3

296 4597 344 4657 vel
367 4594 389 4658 8
411 4599 513 4678 pulsa,
543 4619 631 4662 aures
654 4602 845 4665 offenduntur
874 4610 1101 4684 agnoscuntque
1126 4605 1353 4667 dissonantiam.
1400 4599 1462 4676 Sic,
1486 4600 1557 4682 quia
1578 4619 1653 4681 pars

297 4681 317 4745 5
341 4691 373 4745 et
395 4692 461 4747 tota
483 4686 504 4752 8
527 4697 704 4765 consonant,
729 4698 796 4753 tota
818 4691 911 4770 igitur
932 4691 962 4753 io
990 4689 1029 4756 i3
1046 4692 1153 4769 divisa,
1176 4710 1248 4771 pers
1271 4689 1292 4755 5
1316 4701 1348 4756 et
1371 4709 1442 4773 pers
1466 4685 1487 4751 8
1510 4688 1654 4753 similiter

297 4774 512 4851 consonabunt,
537 4784 571 4838 at
593 4795 698 4839 sonum
722 4776 742 4842 5
766 4782 815 4842 vel
838 4778 859 4843 8
882 4799 949 4844 cum
972 4800 1046 4843 sono
1069 4781 1162 4844 totius
1189 4778 1229 4842 13
1253 4790 1458 4863 comparatum
1483 4795 1572 4840 aures
1596 4795 1651 4839 re-
