3609 5634
757 374 840 427 uon·
858 375 975 427 unm
1480 376 1548 444 203

155 546 235 587 non
256 535 405 606 respicitur
424 551 532 593 snmus
551 537 695 608 planormu
716 539 881 610 angulorum
901 539 929 593 in
951 538 1046 594 solido.
1089 539 1227 595 Fortassis
1255 539 1304 595 ille
1332 541 1440 597 coloret
1459 547 1547 597 totam

158 612 356 671 harmonion
377 633 396 671 a
415 617 514 687 quinta
534 618 561 670 in
582 624 718 689 quartam.
740 625 784 673 est
805 620 877 676 enirn
898 627 929 673 et
949 626 1038 674 motus
1059 619 1121 689 ejus
1134 620 1237 685 varius,
1259 626 1289 675 et
1302 623 1452 677 οοιιιᾶιοιι
1466 621 1548 677 mira·

160 692 253 755 bile,
274 704 308 751 ut
327 704 372 751 cst
391 713 453 767 cap.
480 698 526 752 ll.
549 698 602 751 mei
623 698 719 753 libelli.
761 698 815 754 Sed
836 718 890 755 non
912 714 1023 770 possum
1044 701 1197 765 affirmare,
1226 700 1292 772 quia
1317 703 1435 757 nondum
1455 701 1548 757 audiri

160 772 256 828 hauc
276 777 337 846 ejus
359 777 571 841 minutionem,
594 796 644 833 nec
663 779 805 835 reviviscit
817 781 1006 852 Pythagoras,
1028 781 1074 852 qui
1089 781 1141 834 hoo
1153 781 1221 836 mihi
1233 781 1347 845 referat,
1369 781 1421 836 nisi
1441 782 1465 836 si
1487 782 1548 850 eJ'us

163 856 278 910 anima
298 858 326 912 iu
347 875 390 912 me
410 857 552 929 migrarit.
595 860 690 913 Habes
711 876 842 915 summum
863 861 946 929 hujus
967 860 1175 930 disputationis,
1202 877 1258 932 qua
1279 862 1414 916 inlunem
1436 862 1548 924 emissa,

164 936 277 990 mocio
299 955 335 994 an
356 938 493 1008 Tyohouis
514 939 695 994 domunculas
716 940 882 995 chartsceae
904 942 941 995 ab
966 941 1020 994 hac
1044 941 1153 995 immani
1178 948 1359 996 concentuum
1386 942 1549 996 coelestium

164 1016 361 1074 vehementia
380 1018 516 1088 impulsae
537 1019 708 1073 corruiturus
729 1020 792 1083 siut,
815 1023 886 1093 quod
907 1029 1000 1077 ιιιιιοιι
1014 1022 1110 1075 nonin
1131 1021 1260 1076 invidiam
1281 1022 1355 1075 tenti
1375 1021 1425 1075 riri
1446 1023 1559 1079 diotum.

168 1098 257 1152 volo.
299 1101 363 1155 Jarn
384 1106 415 1152 tu
435 1101 514 1153 modo
534 1099 610 1162 ride,
638 1115 675 1154 an
702 1100 753 1154 illo
777 1101 920 1156 diminutio
947 1116 1121 1156 numerorum
1146 1103 1174 1155 in
1194 1108 1216 1170 lt
1237 1100 1303 1163 etii
1328 1101 1443 1156 tolerari
1469 1102 1550 1157 solra

171 1182 355 1236 astronomia
374 1182 473 1252 possit.

256 1326 353 1379 Similia
370 1331 423 1396 ogit
440 1330 563 1394 Kaplsrus
581 1329 675 1392 aliquot
692 1332 766 1380 aunis
790 1338 846 1394 post
869 1345 925 1381 cum
949 1332 1094 1396 Augusto
1117 1330 1265 1394 Principe
1280 1329 1478 1386 ¹Anhaltluo,
1506 1329 1548 1393 qui

177 1413 251 1448 anuo
271 1396 339 1449 1607
356 1401 420 1451 haec
438 1402 547 1466 Keploro
565 1401 675 1462 scripsit:
705 1435 800 1458 .....
819 1408 889 1451 soust
906 1404 978 1452 usias
996 1403 1037 1453 ich
1054 1402 1124 1452 nicht
1142 1403 1173 1451 ob
1191 1401 1236 1452 dor
1252 1401 1317 1451 llerr
1341 1406 1414 1465 mtgs
1437 1398 1548 1465 gescheu

178 1470 253 1520 hahn
272 1470 317 1521 das
335 1472 435 1522 bichlin
461 1487 508 1522 sou
534 1471 591 1521 dem
609 1470 781 1536 Corporalisch
799 1471 981 1524 Octocetlroute
1006 1473 1065 1524 oder
1090 1474 1130 1522 tiis
1155 1473 1231 1522 knust
1250 1471 1383 1536 Corporum
1400 1470 1549 1536 regularium

181 1542 298 1606 genault
316 1558 348 1593 ex
365 1544 474 1593 numeris
492 1543 613 1592 formalib.
633 1543 733 1593 erstlich
752 1544 886 1602 niunden,
909 1546 935 1594 iu
954 1546 1059 1597 welches
1081 1543 1182 1595 blichlin
1205 1543 1306 1593 torretis
1334 1543 1379 1592 der
1397 1543 1549 1592 Acmonensi-

182 1613 264 1663 schcn
281 1616 379 1665 musica
402 1615 451 1664 risl
474 1613 584 1680 gcdacht
605 1613 680 1669 vird.
704 1614 760 1665 seu
785 1614 847 1666 alles
871 1616 928 1666 auli
948 1615 992 1666 des
1009 1616 1166 1681 Pythagoras
1184 1613 1281 1665 Zahlen
1301 1611 1325 1662 i.
1345 1611 1370 1663 2.
1391 1611 1415 1662 6.
1434 1611 1459 1663 l.
1478 1613 1503 1661 5.
1523 1610 1549 1662 6.
1584 1646 1589 1653 .

182 1685 274 1736 maheu
294 1687 354 1743 soll.
373 1686 421 1736 vis
438 1687 464 1736 in
484 1686 583 1736 Musica
599 1698 644 1735 aus
661 1692 698 1743 ut,
717 1700 753 1742 rs,
772 1688 814 1740 mi.
834 1687 869 1749 la,
888 1688 934 1742 sol,
952 1687 987 1744 la,
1005 1689 1051 1738 nult
1068 1687 1134 1737 ihrer
1151 1686 1288 1751 perfectiori
1305 1685 1355 1735 rud
1372 1684 1549 1750 imperiectiou.

182 1756 226 1806 die
245 1756 309 1807 Zahl
328 1757 372 1807 (lor
388 1763 466 1807 uoteu
485 1756 650 1812 cumeneo.
668 1757 724 1807 ursii
743 1758 858 1822 dispason
877 1760 918 1809 ein
936 1758 1098 1810 rolkomliohs
1117 1762 1208 1808 octava
1224 1758 1250 1807 iu
1268 1757 1378 1814 Musica,
1397 1757 1445 1807 Eln
1463 1757 1552 1822 quinta

183 1829 211 1877 iu
230 1830 384 1879 utroucmla
402 1826 534 1890 (llerliuus
546 1842 586 1892 cp.
603 1823 658 1887 tt).
684 1825 797 1893 Supina
813 1831 1029 1895 imperfectissima
1045 1833 1071 1881 iu
1089 1829 1189 1879 Musica
1205 1830 1252 1880 hat
1268 1843 1315 1895 ger
1332 1828 1391 1878 heiu
1410 1842 1548 1879 consonan-

182 1900 262 1957 tiam,
281 1902 316 1950 iat
332 1901 358 1950 in
377 1901 536 1950 Asnoaomla
554 1900 692 1964 oppositum
709 1899 891 1964 planissimum,
916 1902 969 1952 suo
986 1916 1055 1953 noua
1072 1902 1165 1968 figura,
1192 1901 1225 1951 ist
1242 1898 1308 1952 auch
1326 1900 1473 1964 inperfecta
1490 1913 1550 1949 cun·

183 1973 314 2029 wuantia.
339 1972 395 2021 weil
419 1972 456 2023 sie
478 1973 516 2021 uit
533 1973 649 2021 stimmou
670 1971 724 2027 vil,
749 1987 829 2037 neque
854 1988 911 2024 cum
933 1974 1051 2030 unisono.
1077 1972 1142 2023 noch
1160 1974 1206 2022 nuit
1223 1972 1268 2023 der
1285 1976 1341 2022 sext
1358 1971 1423 2021 noch
1441 1971 1488 2020 mit
1505 1969 1550 2020 ‹lsr

184 2050 284 2093 octava
322 2042 364 2093 Da
382 2042 463 2093 diues
480 2043 538 2093 sehr
556 2041 655 2093 ehulich
676 2057 758 2094 rusum
775 2043 870 2095 ‹liscurs
888 2059 916 2095 so
934 2046 978 2095 sir
995 2045 1021 2095 in
1041 2045 1135 2095 Gtrlitu
1152 2044 1198 2094 mit
1216 2042 1337 2095 oluauder
1362 2042 1470 2107 guhabt,
1496 2041 1551 2092 sein

184 2113 321 2164 resolution
337 2113 384 2165 soll
401 2115 449 2164 mir
466 2129 512 2180 gar
529 2114 578 2165 liob
596 2113 666 2164 sein⁸⁴
687 2111 732 2164 ἀι.
1061 2114 1066 2127 “

257 2237 298 2288 sd
315 2239 379 2289 htec
397 2237 521 2303 Ksplsrua
539 2235 575 2300 (tl
596 2235 639 2287 20.
657 2237 708 2289 Jul.
731 2234 827 2299 ¹800:

263 2339 323 2392 Das
338 2337 457 2393 Bilohlin
475 2354 537 2392 vom
558 2338 789 2409 Corpornlischcu
812 2338 1012 2393 Octooedronte
1035 2338 1093 2392 hab
1114 2335 1159 2391 ioh
1179 2335 1221 2391 nit
1241 2335 1381 2408 genuen,
1404 2335 1460 2389 luuh
1482 2335 1551 2389 eber

184 2419 279 2473 selber
298 2434 350 2473 ror
371 2418 435 2473 ullu
450 2419 556 2473 Jahreu
582 2418 762 2490 dergicicheu
786 2425 889 2472 etwass
920 2418 1079 2489 aussgeheu
1110 2418 1221 2479 lusson,
1252 2418 1324 2470 vnnd
1355 2433 1385 2468 so
1413 2414 1458 2468 ioh
1478 2414 1550 2468 mich

184 2499 264 2553 recht
284 2499 408 2561 besinue,
429 2499 462 2553 Ε.
484 2500 514 2553 F.
537 2499 653 2553 (lunden
674 2516 709 2552 zu
729 2497 836 2552 Gorlitz
858 2497 982 2569 gezeigt,
1004 2498 1130 2568 genamt
1149 2496 1313 2568 Hysterium
1335 2494 1550 2566 cosmographi·

184 2596 255 2643 οιιιιι,
276 2582 376 2634 desseu
397 2577 590 2633 runterscheid
612 2595 664 2631 rou
684 2580 745 2632 dem
765 2578 860 2632 lutcnt
880 2578 953 2633 disce
969 2577 1170 2631 octooeslroutis
1191 2574 1265 2630 diser
1285 2576 1330 2636 ist,
1352 2576 1417 2628 dass
1439 2592 1470 2628 er
1490 2574 1549 2628 sich

185 2660 371 2723 servusdert,
392 2659 447 2713 wic
467 2677 497 2713 es
518 2660 637 2730 zugehe‚
659 2659 723 2712 dass
744 2658 800 2712 alle
820 2659 945 2729 Corpora
964 2657 1107 2729 regularia
1127 2673 1192 2711 auss
1213 2655 1291 2710 disen
1309 2654 1551 2727 Pythagorischen

184 2740 294 2795 Znhlcn
317 2741 342 2794 l.
365 2739 392 2794 2.
415 2739 442 2794 3.
465 2741 492 2794 4.
516 2740 543 2794 5.
566 2740 593 2793 6.
615 2738 799 2804 herluhomen,
821 2739 917 2811 gleioh
936 2740 994 2793 ulss
1015 2739 1127 2791 wilrdcn
1152 2736 1341 2806 discerpere
1365 2752 1401 2789 ex
1431 2734 1551 2788 numeris

185 2820 284 2883 creir-t,
306 2821 355 2875 leh
377 2821 446 2874 aber
466 2818 596 2891 anzeige,
619 2819 743 2889 Corpora
762 2836 824 2873 esse
845 2825 948 2874 natura
968 2818 1061 2889 priora
1081 2834 1140 2872 oum
1162 2834 1256 2871 eorum
1276 2814 1491 2885 compositione,
1519 2820 1552 2867 ut

184 2910 215 2955 et
236 2900 356 2956 musicas
377 2900 585 2970 proportiones:
606 2918 644 2953 er
669 2899 702 2953 iis
722 2905 824 2970 postea
844 2899 985 2953 conciliari
1011 2897 1176 2970 dignitatem
1203 2896 1321 2952 numeris
1340 2893 1548 2966 Pythagoricis.

185 2981 225 3036 Ut
244 2998 299 3035 nou
319 2980 381 3035 idco
402 2981 488 3034 cubus
509 2985 606 3035 motus
627 2985 671 3033 cst
691 2996 744 3034 sex
762 2979 858 3050 plana,
880 2978 946 3051 quia
965 2978 1089 3033 senarius
1110 2985 1155 3032 est
1174 2977 1315 3048 perfectus
1336 2991 1479 3038 uumerus,
1502 2975 1550 3027 sed

150 3056 155 3060 ’
187 3068 287 3115 contre
307 3061 368 3115 ideo
383 3061 508 3115 seuerius
523 3067 568 3114 est
582 3059 706 3129 pulcher,
728 3060 794 3131 quia
808 3062 902 3123 cubus,
925 3059 1041 3130 primum
1054 3075 1161 3128 corpus,
1184 3058 1271 3112 hebet
1291 3062 1335 3109 tot
1354 3057 1453 3125 plunu;
1475 3053 1552 3125 prius

188 3139 261 3194 enim
280 3148 328 3195 est
347 3157 393 3194 res
414 3141 490 3211 ipsa,
519 3146 619 3212 postea
643 3140 684 3194 rei
704 3139 780 3195 notio
801 3140 899 3195 existit
919 3139 948 3193 in
972 3146 1076 3202 mente,
1106 3154 1234 3193 uumerus
1258 3153 1325 3190 vero
1352 3143 1397 3189 est
1416 3136 1551 3205 quaedam

185 3237 277 3275 rernm
298 3220 391 3283 notio,
412 3221 512 3276 mentis
533 3237 612 3291 opus.
654 3220 699 3274 Sic
719 3220 858 3275 usuarius
880 3237 960 3275 sacer
979 3227 1024 3273 est
1044 3238 1098 3275 non
1119 3218 1294 3290 originaliter
1314 3222 1344 3269 et
1365 3214 1478 3285 propria
1497 3212 1551 3268 rir-

185 3307 260 3364 tute,
290 3302 338 3355 sed
365 3300 431 3373 quia
456 3300 590 3355 trinitatis
618 3316 753 3369 personne
783 3301 962 3371 explicantur
981 3300 1035 3354 hoo
1054 3299 1186 3375 ternepio.
1228 3299 1302 3352 Dass
1323 3312 1355 3350 er
1374 3301 1419 3360 ut,
1440 3311 1484 3358 re,
1505 3292 1550 3355 rui,

190 3380 234 3443 la,
257 3382 312 3445 sol,
334 3381 364 3434 lu
388 3382 466 3435 zehlt
485 3380 535 3435 mit
558 3382 583 3434 l.
605 3379 631 3435 2.
655 3378 682 3435 3.
705 3382 732 3435 4.
755 3380 781 3436 5.
804 3382 831 3437 6.
852 3380 1000 3453 geschicht
1024 3380 1153 3452 populari
1180 3378 1301 3441 ratione,
1327 3378 1401 3430 rnnd
1420 3376 1500 3429 hetto
1521 3391 1552 3428 er

187 3461 261 3514 eben
281 3478 313 3515 so
334 3460 460 3532 hreglioh
479 3460 579 3515 aehlcn
599 3460 748 3516 khcnden:
769 3461 807 3526 la,
828 3462 879 3525 sol.
902 3462 941 3524 fa,
962 3460 1007 3523 mi,
1029 3479 1068 3524 rc,
1091 3467 1131 3516 ut.
1162 3460 1222 3514 [llic
1242 3463 1419 3527 comparatur
1438 3471 1550 3510 acumen

189 3619 367 3684 multitudini,
388 3620 434 3675 hic
453 3619 591 3692 gravitas,
613 3628 643 3674 ct
663 3619 769 3674 meliori
785 3621 859 3690 jure.
900 3619 985 3674 Acuti
1004 3621 1077 3675 cuim
1097 3635 1184 3675 causo
1203 3616 1374 3691 geometrica
1394 3622 1439 3670 cst
1459 3613 1553 3685 perri-

189 3710 250 3764 tas‚
279 3700 375 3773 grnrh
396 3705 548 3755 causaest
567 3699 747 3773 maguitudo;
774 3700 938 3773 magrritudo
963 3717 1029 3754 vero
1053 3708 1083 3755 ct
1102 3699 1248 3755 multitudo
1269 3696 1466 3769 quodammodo
1486 3711 1551 3748 con·

188 3782 311 3836 veniunt.

267 3863 345 3917 Ater
365 3878 448 3916 waun
470 3876 552 3915 mnuu
574 3858 634 3914 will
655 3859 794 3930 exquisite
815 3860 953 3923 lundein,
982 3866 1048 3914 tuno
1072 3877 1125 3913 uon
1147 3864 1228 3914 tauto
1249 3864 1294 3912 est
1313 3855 1427 3930 grauior
1446 3871 1502 3908 uox
1521 3859 1553 3907 ut

187 3959 253 3996 reoe
274 3942 318 4007 lu,
348 3950 452 4014 quanto
477 3941 567 4010 major
588 3942 606 3996 6
628 3955 710 4011 quam
734 3943 759 3995 l.
799 3941 924 3995 Sondern
945 3941 1017 3995 nllso
1037 3941 1122 3995 lludct
1143 3958 1173 3993 es
1194 3939 1252 3992 sich
1273 3938 1301 3992 iu
1321 3934 1493 4009 geometrica
1512 3933 1552 3988 di·

186 4022 326 4078 mensione
348 4021 515 4094 quantitatis
537 4037 608 4093 quae
629 4037 723 4075 rocem
744 4022 818 4076 edit:

415 4109 518 4156 utre
607 4118 637 4156 re
679 4100 715 4155 mi
804 4100 913 4156 mila
1002 4101 1033 4155 ia
1072 4100 1115 4154 sol
1204 4100 1246 4153 sol
1287 4098 1318 4151 la

426 4178 1311 4238 98109161598109

187 4262 280 4316 Wanu
300 4278 378 4317 mans
400 4279 435 4318 au
455 4262 509 4318 sim
529 4261 745 4316 Dsuomiuatore
765 4262 902 4325 reducirt‚
924 4260 1010 4316 iudet
1030 4278 1060 4314 es
1082 4260 1141 4314 sich
1162 4259 1241 4314 ulcu:

564 4347 597 4395 ut
676 4358 708 4395 rc
787 4343 822 4398 mi
905 4341 935 4395 lo
1015 4341 1057 4395 sol
1138 4341 1260 4394 lu⁴

446 4422 451 4433 “
553 4422 608 4477 180
666 4423 722 4477 160
779 4423 837 4477 144
888 4421 944 4475 135
1008 4421 1064 4475 120
1132 4419 1186 4475 108

186 4501 222 4555 So
243 4501 281 4556 ist
301 4519 331 4556 es
354 4501 541 4566 arbitrarium,
564 4505 628 4557 dass
649 4518 712 4556 man
734 4520 786 4557 nur
806 4502 886 4557 sechs
907 4517 1007 4555 numen
1028 4503 1077 4554 der
1097 4499 1224 4554 stimmsu
1243 4498 1308 4560 hut,
1330 4496 1401 4548 rund
1423 4508 1550 4565 gezogeu

186 4600 222 4636 ex
243 4582 348 4652 hymno
366 4582 482 4637 Joaunis
502 4583 658 4654 Baptistae,
678 4595 707 4639 ut
725 4595 819 4654 queant
836 4589 899 4639 laris
925 4583 931 4649 Ι
953 4601 1069 4638 mouars
1087 4587 1159 4636 libris
1178 4580 1182 4650 Ι
1206 4586 1270 4635 mira
1287 4588 1412 4649 gestorum
1438 4572 1443 4643 Ι
1467 4578 1552 4628 lamull

187 4677 283 4721 tuorum
304 4664 311 4736 Ι
335 4671 402 4722 solve
419 4671 506 4736 polluti
529 4666 535 4731 Ι
559 4670 618 4721 latii
637 4674 743 4726 ιοιιιιιιι.
761 4668 987 4721 saucteJoauussl
1023 4660 1076 4715 Hic
1096 4666 1162 4714 sunt
1182 4661 1199 4713 6
1220 4658 1368 4728 pericopae
1389 4651 1552 4723 incipientes

186 4760 242 4798 una
262 4744 356 4799 alteru
376 4745 462 4799 altius
482 4760 538 4797 uno
558 4745 648 4817 paulu
669 4742 754 4805 vocis,
776 4760 836 4797 cum
857 4759 926 4813 ergo
948 4741 1028 4796 initia
1047 4741 1146 4795 hurum
1167 4744 1277 4793 essent:
1299 4744 1331 4790 ut
1351 4751 1382 4788 re
1402 4734 1437 4789 mi
1458 4734 1489 4788 fa
1509 4732 1551 4786 sol

185 4825 229 4888 la,
260 4824 363 4879 mansit
387 4842 486 4880 nomeu
506 4825 559 4879 hoc
586 4823 626 4880 illi
652 4824 750 4899 gradu
778 4824 870 4888 vocis,
901 4839 982 4901 quern
1010 4820 1131 4881 obtinuit
1156 4819 1270 4897 syllaba
1293 4819 1366 4875 heco
1386 4815 1414 4871 iu
1434 4813 1553 4871 melodia

184 4903 268 4981 hujus
289 4903 393 4983 hymni.
