3609 5634
765 321 877 386 Mystsrtl
897 314 1099 388 coemamus

465 482 631 546 Adamides
656 502 753 544 rernm
778 503 864 544 coras
889 483 1006 561 agitare
1031 484 1176 546 suanm?

465 572 603 651 Respicis
628 574 820 646 immeritum,
845 574 930 634 vehis
953 574 983 633 in
1008 573 1151 643 sublime,
1175 574 1307 635 Deorum

465 661 594 722 Tantum
617 682 674 722 non
699 680 793 739 genos
818 672 877 733 est,
905 671 1007 723 tantos
1032 663 1151 741 largiris
1175 663 1316 735 bonores,

465 750 714 830 Magnificumque
740 759 830 830 capot
855 750 949 830 cingis
975 752 1160 824 diademate,
1186 750 1303 829 Regem

465 837 691 920 Constituisque
715 859 804 918 super
826 858 968 902 manuum
992 849 1183 917 monumenta
1206 847 1333 902 tuarum.

447 926 553 1009 ¹Quod
578 948 669 1007 supra
692 936 783 1007 caput
807 938 868 1002 est,
894 948 1019 1005 mannos
1042 949 1108 991 cum
1131 929 1260 990 motibus
1284 930 1387 1006 orbes,

465 1015 595 1095 Subjicis
619 1017 758 1095 ingenio:
784 1018 922 1097 quicquid
947 1019 1065 1080 Tellure
1089 1028 1222 1091 creatur,

463 1106 576 1167 Natum
600 1107 699 1185 operis
722 1124 813 1184 pecus
838 1117 928 1187 atque
953 1106 1014 1167 aris
1038 1107 1223 1168 fumantibus
1246 1116 1363 1185 aptum,

464 1192 607 1275 Quaeque
632 1196 772 1256 habitent
795 1195 889 1256 silvas
913 1195 1093 1275 reliquarum
1116 1197 1220 1258 saecla
1245 1196 1389 1269 ferarum,

463 1280 609 1363 Quodque
633 1302 742 1362 genos,
768 1286 919 1357 volucres,
947 1285 1061 1346 levibns
1087 1286 1158 1346 ferit
1181 1292 1255 1346 atra
1278 1287 1398 1363 pennis,

463 1368 580 1450 Quique
605 1371 696 1433 maris
721 1382 841 1434 tractus
862 1383 987 1434 tranant
1010 1381 1042 1434 et
1065 1374 1200 1444 flumina,
1225 1374 1338 1451 pisces,

464 1458 561 1521 Ornne
581 1462 670 1541 jubes
695 1479 829 1539 premere
853 1462 977 1541 irnperio
1003 1462 1168 1540 dextraque
1191 1462 1320 1540 potenti.

433 1632 441 1647 ·
507 1618 587 1680 Jova
610 1627 694 1680 sator
718 1620 835 1693 Mundi,
861 1602 1054 1700 nostrumque
1078 1630 1204 1681 aeterna
1226 1630 1366 1700 potestas

463 1705 586 1778 Quanta
609 1716 662 1769 tua
686 1718 733 1769 est
757 1729 873 1770 omnem
898 1711 1056 1771 Terrarum
1080 1711 1160 1771 lama
1185 1728 1237 1790 per
1261 1709 1384 1770 orbem?

588 1971 630 2036 IN
655 1972 795 2037 CAPUT
818 1972 1058 2037 VICESIMUM
1080 1974 1269 2038 TERTIUM

777 2100 890 2150 noran
909 2098 1087 2151 snoroals.

330 2197 362 2270 a)
382 2204 443 2257 Non
467 2210 558 2260 tamen
582 2207 677 2262 statim
702 2210 735 2261 de
759 2208 952 2279 conjunctione
977 2209 1094 2262 omnium
1117 2209 1293 2278 planetarum
1317 2208 1368 2261 sub
1388 2207 1483 2259 eodem
1506 2203 1612 2258 zodiaci

251 2281 340 2354 gradu
355 2285 517 2346 concludere
532 2302 688 2356 possumus:
714 2289 822 2352 sufficit,
847 2290 870 2341 si
885 2289 985 2342 saltem
1005 2288 1031 2340 in
1046 2306 1151 2359 genere
1170 2288 1254 2342 fuerit
1267 2289 1363 2357 aliqua
1384 2286 1544 2340 harmonica
1556 2284 1611 2338 dis·

251 2362 352 2433 positio
373 2370 403 2417 et
424 2365 528 2420 zodiaci
548 2383 597 2435 per
617 2356 748 2437 planetas
769 2369 874 2431 divisio,
897 2370 921 2421 si
941 2386 993 2423 non
1013 2387 1049 2421 ex
1065 2370 1176 2432 Terrae,
1198 2377 1230 2423 at
1247 2369 1348 2422 saltem
1368 2384 1403 2420 ex
1419 2367 1491 2421 Solis
1505 2371 1610 2427 centro,

251 2442 312 2496 ride
327 2444 422 2497 Herm.
437 2446 486 2503 lib.
503 2447 549 2500 IV.
565 2464 626 2517 cap.
643 2449 670 2502 2.
685 2455 715 2501 et
730 2449 757 2503 3.

331 2521 361 2587 bl
383 2525 444 2579 Non
468 2526 573 2580 tolerat
587 2529 764 2592 astronomia,
791 2528 937 2598 supposita
959 2529 1133 2598 periodorum
1152 2526 1363 2598 aequabilitate,
1388 2532 1420 2580 ut
1433 2525 1610 2579 constellatio

251 2604 321 2657 baec
335 2604 493 2673 perficiatur
507 2609 596 2677 adque
609 2625 713 2661 meram
728 2609 914 2663 harmonicam
929 2608 1135 2677 dispositionem
1148 2608 1303 2679 redigatur.

331 2678 359 2750 c)
383 2685 441 2737 Nec
462 2687 516 2739 hoc
539 2687 733 2749 necessarium,
757 2707 808 2742 nec
830 2687 984 2743 auctoritas
999 2696 1123 2743 veterum
1146 2689 1236 2758 rigide
1257 2690 1383 2757 urgenda
1404 2692 1437 2740 de
1452 2686 1609 2740 creatione:

251 2763 344 2834 potuit
361 2764 432 2818 enim
455 2767 564 2837 frugum
586 2776 736 2836 proventus
756 2767 822 2833 (non
844 2768 991 2823 creatiolria
1013 2762 1158 2836 memoria)
1174 2784 1286 2821 causam
1307 2769 1382 2831 dare,
1407 2783 1455 2820 cnr
1470 2764 1533 2820 anni
1547 2765 1609 2819 finis

252 2850 398 2898 autumnus
421 2845 582 2900 haberetur.
1122 2868 1126 2877 ’

331 2920 360 2989 dl
386 2926 455 2988 Quid
470 2927 492 2979 si
507 2945 541 2979 no
556 2927 608 2980 hoc
622 2927 746 2997 quidem?
771 2929 875 2998 quidsi
891 2948 944 2982 non
960 2928 986 2982 in
1002 2929 1142 2983 absidibus
1162 2928 1249 2982 creati
1263 2928 1404 2995 planetae,
1427 2932 1460 2979 ut
1474 2925 1501 2978 iu
1515 2930 1609 2978 extre·

251 3003 309 3068 mis,
324 3006 370 3058 ubi
386 3007 516 3075 aequatio
531 3008 617 3069 nulla,
633 3010 680 3061 sed
695 3007 722 3060 io
737 3009 885 3063 intervallo
900 3010 996 3072 medio,
1012 3010 1059 3063 ubi
1074 3009 1204 3079 aequatio
1220 3007 1363 3062 maxima?
1397 3006 1495 3076 Itaque
1514 3020 1610 3073 super·

197 3122 204 3131 -
250 3093 295 3138 est
309 3086 472 3139 exercitatio
494 3087 551 3141 ista
572 3089 717 3156 proposita
741 3091 864 3143 omnibus
888 3090 1104 3144 calculatoribus
1124 3088 1322 3149 astronomicis,
1347 3093 1377 3139 et
1395 3088 1481 3155 plena
1502 3080 1610 3154 quidem

187 3190 191 3198 2
251 3164 315 3235 piae
339 3166 525 3234 persuasionis
549 3169 582 3219 de
607 3174 669 3220 ortu
690 3169 828 3236 temporis.
871 3170 1035 3224 Maestlinus
1060 3171 1156 3239 aliqua
1177 3169 1305 3221 tentarit.
1347 3167 1449 3235 Accipe
1473 3172 1502 3218 et
1526 3182 1543 3218 a
1566 3183 1609 3217 mc

252 3243 343 3307 aliam,
368 3246 414 3297 ubi
428 3262 474 3299 ‘ex
490 3255 585 3301 centro
599 3246 670 3300 Solis
695 3250 786 3302 omnia
808 3250 836 3304 in
851 3251 918 3302 locis
938 3250 1072 3320 oppositis
1096 3258 1126 3303 et
1139 3248 1290 3317 quadratis,
1315 3254 1345 3300 et
1367 3246 1476 3314 punctis
1500 3245 1608 3314 quidem

252 3324 449 3378 cardinalibus

332 3404 465 3465 Currente
487 3413 553 3459 ante
577 3421 671 3459 aeram
693 3415 815 3459 nostram
836 3408 979 3477 vulgarem
1002 3425 1074 3463 anno
1090 3407 1167 3462 3993
1181 3408 1293 3462 Juliano
1317 3414 1391 3461 retro
1414 3411 1541 3468 extenso,
1565 3405 1610 3457 die

252 3485 298 3539 24.
313 3475 436 3538 Julii‘au
450 3500 594 3556 vesperam
617 3485 764 3554 incipiente
787 3486 813 3539 in
829 3488 972 3543 Chaldaea
994 3490 1065 3543 feria
1079 3490 1207 3551 secunda,
1228 3489 1276 3542 Sol
1290 3495 1320 3542 et
1332 3489 1413 3541 Luna
1434 3486 1462 3538 iu
1477 3484 1610 3554 principio

243 3564 343 3626 ,cancri
357 3582 443 3635 prope
458 3584 504 3619 cor
519 3566 614 3627 leonis,
641 3582 732 3619 omnes
748 3567 849 3620 Lunae
866 3577 955 3622 motus
978 3570 1006 3623 in
1021 3569 1221 3640 quadrantibus
1236 3576 1308 3632 sunt,
1333 3576 1364 3621 ut
1387 3574 1416 3618 et
1430 3582 1522 3619 omnes
1546 3564 1610 3619 reli-

252 3645 310 3714 qui:
335 3646 470 3698 Satnrnus
485 3654 515 3699 et
528 3645 678 3699 Mercurius
701 3664 794 3700 versus
810 3648 898 3701 librae
914 3649 1027 3713 initium,
1052 3650 1169 3719 Jupiter,
1190 3649 1285 3703 Tellus
1300 3663 1396 3701 sersus
1412 3646 1608 3715 capricornum,

251 3725 339 3787 Luna,
363 3726 447 3787 Mars,
471 3728 565 3778 Venus
590 3742 684 3779 sersus
699 3744 836 3781 cancrum.
875 3730 905 3782 ln
920 3730 1055 3784 Mercurio
1077 3731 1221 3783 abundant
1234 3732 1340 3801 gradus
1356 3727 1470 3795 aliquot,
1494 3727 1542 3779 sed
1564 3725 1610 3795 qui

251 3804 370 3857 consumi
395 3813 510 3874 possunt
533 3805 594 3871 ejus
609 3808 774 3875 aequatione
798 3809 920 3863 maxima
942 3811 1075 3871 ablativa,
1101 3809 1124 3862 si
1146 3812 1224 3863 modo
1246 3810 1316 3862 setis
1339 3806 1467 3878 cognitus
1482 3812 1526 3859 est
1548 3805 1609 3872 ejus

251 3890 340 3936 motus
354 3885 466 3947 medius,
486 3892 520 3938 ut
533 3904 586 3938 non
600 3904 650 3955 per
663 3888 745 3955 hujus
766 3890 962 3943 correctionem
976 3896 1179 3944 consumantur.
1215 3892 1246 3944 ln
1262 3890 1369 3943 Venere
1384 3886 1467 3939 etiarn
1484 3884 1610 3939 abundat

251 3962 362 4032 aliquid,
387 3967 457 4035 quod
473 3965 638 4035 aequatione
661 3968 722 4020 tolli
743 3985 797 4020 non
812 3977 914 4036 potest.
952 3971 1034 4023 Feria
1048 3974 1167 4024 secunda
1181 3977 1225 4024 est
1238 3967 1410 4029 firmamenti,
1437 3984 1486 4019 seu
1501 3982 1608 4035 expan-

251 4042 334 4097 sionis
349 4043 421 4098 iotcr
435 4061 521 4114 aquas
536 4050 566 4097 et
580 4062 679 4114 aquas;
695 4047 773 4116 quasi
789 4049 869 4101 orbes
884 4067 934 4102 sen
949 4051 1090 4118 planetae,
1106 4068 1156 4118 per
1171 4051 1242 4103 hanc
1256 4049 1457 4118 expansionem
1471 4048 1512 4100 ire
1523 4045 1606 4114 jussi,

251 4123 346 4177 statim
359 4124 387 4177 in
402 4125 461 4194 ipso
476 4132 536 4178 ortu
552 4126 678 4194 expansi,
694 4127 835 4195 coeperint
848 4127 902 4191 ire;
918 4129 989 4183 feria
1002 4147 1068 4196 sero
1083 4136 1182 4199 quartu
1196 4132 1302 4184 demum
1322 4133 1487 4182 exornatum
1503 4128 1610 4180 coelum

250 4204 382 4257 extimum
395 4205 467 4266 fixis,
483 4211 513 4257 et
526 4204 573 4258 Sol
587 4212 617 4257 et
630 4206 710 4259 Luna
723 4215 776 4261 etc.
792 4208 889 4262 ultima
903 4226 986 4263 manu
1001 4210 1138 4279 imposita.
1148 4202 1184 4273 ⁶³)

330 4281 358 4347 e)
380 4286 491 4354 Dogma
510 4285 681 4339 innitebatur
701 4287 763 4340 huic
782 4295 813 4340 nt
832 4288 960 4357 primario
981 4290 1170 4343 fundamento:
1195 4289 1265 4358 qood
1290 4289 1362 4341 inter
1376 4287 1458 4340 orbes
1473 4286 1608 4338 coelestes

251 4363 288 4417 sit
309 4365 451 4433 proportio
475 4364 538 4428 illa,
563 4382 634 4436 quae
657 4373 701 4419 est
724 4367 828 4420 orbium
851 4368 1079 4439 geometricorum
1108 4369 1271 4438 cujuslibet,
1302 4386 1337 4420 ex
1362 4368 1480 4437 quinque
1502 4364 1608 4435 figuris.

250 4443 363 4497 Illamm
381 4445 452 4497 enim
467 4451 586 4515 quatuor
604 4446 796 4515 proportiones
816 4454 881 4501 sunt
894 4448 1058 4507 ineffabiles.
1081 4467 1139 4510 seu,
1162 4456 1193 4501 ut
1214 4447 1259 4500 hic
1281 4465 1340 4500 cnm
1357 4447 1442 4516 vulgo
1457 4444 1607 4513 appellari,

250 4522 435 4576 irrationales.
477 4525 540 4578 Jam
559 4542 624 4578 vero
644 4527 850 4580 lirndamentnm
870 4528 922 4583 hoc
936 4528 1123 4589 refutavimus,
1145 4529 1209 4598 quia
1229 4527 1371 4596 proportio
1392 4525 1552 4580 coelestium
1565 4540 1609 4576 or-

252 4601 325 4655 bium
346 4619 400 4656 non
419 4611 463 4655 est
481 4621 518 4657 ex
533 4605 598 4658 solis
620 4605 737 4675 quinque
756 4607 861 4676 liguris.
904 4608 1061 4670 Quaeritur,
1086 4607 1148 4677 quid
1167 4609 1226 4675 jam
1247 4623 1329 4675 porro
1352 4609 1385 4660 de
1405 4607 1457 4658 hoc
1478 4605 1609 4674 dogmate

252 4684 405 4744 tenendum,
422 4689 451 4735 et
464 4699 527 4736 num
542 4686 622 4737 detur
636 4685 731 4755 aliqua
745 4687 871 4755 perfecta
885 4689 1088 4758 apocatastasis
1103 4694 1223 4741 motuum
1239 4686 1377 4739 omnium?
1418 4685 1495 4746 Dico,
1516 4700 1609 4754 quarn·

251 4759 292 4812 vis
306 4761 358 4813 hoc
374 4762 551 4816 fundamento
566 4765 689 4825 subruto,
708 4766 812 4820 nnllam
827 4776 919 4821 tamen
935 4768 993 4821 dari
1013 4767 1231 4837 apocatastasin.
1275 4767 1303 4818 ld
1322 4767 1456 4835 probabo.
1498 4764 1609 4818 Certum

252 4838 339 4909 igitur
353 4846 404 4904 est,
427 4840 450 4893 si
463 4843 656 4911 proportiones
671 4847 771 4899 saltem
785 4847 985 4915 periodicorum
999 4855 1151 4917 temporum
1166 4852 1231 4901 snut
1243 4846 1377 4910 effabiles,
1388 4896 1391 4907 ,
1401 4842 1460 4898 dari
1476 4850 1608 4913 apocata-
