3609 5634
307 363 354 435 58
905 368 1066 420 Prooemium.

310 506 1113 596 Vfflrfflwreflslistursmemoqnorussoveea
1148 524 1698 586 &amnemamnem
1791 554 1792 565 ,

310 617 330 652 s.
350 603 502 654 Bararorum
520 603 655 657 salmonte,
678 602 726 651 icit
743 600 878 650 divinarum
902 599 1113 666 humanarumque
1130 614 1211 651 rerum
1228 602 1328 666 peritus.
1365 602 1437 652 Unde
1455 603 1489 652 ob
1512 596 1698 650 ambitionem

311 680 338 724 et
354 674 510 738 prudentiam
528 675 678 740 singularem
696 673 763 723 brari
780 671 928 735 principibus
944 671 1124 723 Garolomanno
1142 679 1169 722 et
1184 672 1271 737 Pipino
1288 674 1428 723 1661666666
1449 675 1475 723 16
1504 669 1577 722 auia
1597 680 1698 728 accep·
1791 685 1792 703 i

310 747 419 795 tissimus
435 746 496 795 fuit:
519 745 578 795 inde
597 744 663 808 apud
679 743 802 794 11616666
820 742 939 805 11616ιί66
963 745 1075 810 regulum
1092 745 1119 793 in
1136 757 1234 794 summa
1251 746 1399 796 6661661666
1416 744 1524 794 tetiam
1548 746 1603 791 cst·
1645 736 1698 786 Hic

309 818 377 869 idem
394 818 421 867 in
439 817 572 880 disciplinis
589 816 773 866 mathematicis
791 822 818 865 et
834 816 861 864 in
878 813 1032 880 philosophie
1049 816 1154 880 proiana
1170 817 1259 883 magia,
1277 830 1351 881 quam
1370 824 1421 866 tum
1435 812 1589 865 christiam
1608 823 1697 859 morea

310 889 423 940 terebant
441 885 477 950 (h.
491 902 513 938 e·
532 902 606 952 quam
623 887 689 937 iliius
706 886 783 937 666611
793 886 920 936 barbaries
932 884 1001 948 mit)
1020 888 1137 945 eruditus,
1157 900 1290 953 earumque
1308 888 1455 938 cerdmdine
1473 889 1575 941 statua,
1599 890 1697 931 contra

1790 612 1792 651 1

1791 720 1792 759 l

311 960 448 1025 opinionem
466 960 533 1024 vulgi
552 964 579 1009 at
596 960 672 1008 etiam
685 958 826 1023 Augustini,
844 957 973 1007 Laemffi
991 966 1017 1009 et
1035 959 1146 1017 aliorum,
1165 960 1228 1009 forte
1243 959 1369 1015 docuerat,
1388 959 1489 1009 Terram
1512 970 1579 1006 esse
1600 952 1696 1018 globo-
1791 982 1792 987 =

310 1046 373 1089 sana
392 1031 463 1095 eique
480 1031 588 1096 undique
602 1029 764 1080 circumfundi
775 1029 895 1079 homines
923 1029 960 1078 lix
978 1045 1026 1093 quo
1044 1031 1160 1095 sequitur,
1178 1030 1244 1095 quod
1261 1033 1286 1080 in
1304 1030 1383 1081 Terra
1399 1032 1450 1079 sint
1467 1026 1629 1092 antipodfl·
1650 1023 1695 1087 qui

311 1104 433 1154 conversis
450 1104 516 1152 inter
533 1115 561 1152 se
577 1102 680 1166 pedibus
698 1105 775 1156 stent,
792 1098 837 1150 &a
874 1099 929 1150 Hoc
952 1101 1044 1165 dogma
1067 1105 1104 1152 its
1127 1108 1257 1166 acceptum
1281 1109 1333 1160 est,
1358 1103 1429 1167 quasi
1446 1100 1588 1166 Vergilius
1610 1097 1695 1146 alium

310 1174 527 1225 mundum.·alios
545 1174 591 1223 sub
608 1172 687 1223 Terra
702 1173 829 1230 homiuem
854 1171 930 1221 611616
948 1171 1032 1223 Solem
1050 1178 1077 1223 et
1094 1174 1192 1223 Lunam
1211 1180 1321 1230 morat,
1347 1173 1446 1239 quidam
1465 1172 1593 1227 addunt,
1616 1168 1695 1231 quasi

311 1247 386 1297 alium
405 1244 527 1295 Christum
544 1245 662 1295 inducere
678 1245 790 1294 vehent.
823 1242 895 1293 liaeo
914 1242 1043 1294 Vinoirido
1063 1242 1118 1309 (qui
1134 1259 1165 1295 er
1183 1245 1275 1310 Angiia
1296 1244 1411 1295 enardus
1435 1242 1599 1294 altomano
1620 1238 1693 1289 Pon-

310 1318 378 1368 tifice
397 1317 531 1381 Episcopus
549 1323 576 1366 et
593 1315 705 1381 Legatos
724 1313 880 1379 apostolicus
897 1329 942 1378 per
960 1316 1118 1366 Germaniam
1137 1316 1295 1382 designatus,
1317 1322 1343 1367 et
1360 1322 1455 1366 mutato
1473 1315 1587 1364 nomine
1608 1310 1692 1359 Boni·

310 1390 390 1440 iacias
407 1387 554 1452 appellams,
571 1394 647 1453 atque
660 1402 677 1438 a
689 1387 868 1438 carolomanno
887 1394 913 1435 et
925 1385 1011 1450 Pipino
1026 1389 1224 1452 archiepiscopus
1236 1386 1395 1453 Mogontinua
1413 1386 1565 1437 declaratura
1587 1376 1692 1442 inerat)

311 1462 365 1510 risa
382 1468 441 1509 aunt
457 1461 535 1524 impie
557 1464 584 1510 et
607 1458 775 1523 philosophiae
800 1457 898 1507 diuisae
920 1459 1094 1524 repugnantia
1132 1458 1241 1523 Cumque
1258 1459 1401 1510 Bonihuus
1419 1458 1461 1508 ille
1479 1455 1635 1523 Vergilium
1656 1452 1690 1502 ad

307 1531 483 1592 revocandum,
502 1532 572 1595 quasi
588 1532 642 1580 istis
659 1532 755 1580 naeniis
773 1534 800 1579 et
817 1528 985 1578 deliramentis
1004 1531 1102 1579 sincera
1119 1537 1146 1579 et
1163 1530 1266 1594 simplex
1281 1529 1371 1581 (16ιὶ661
1389 1531 1518 1593 sapientia
1538 1526 1689 1591 polluatur.

309 1602 451 1668 pertrahere
469 1617 519 1651 non
536 1607 629 1666 posset,
646 1603 700 1665 ipse
717 1616 768 1651 rem
787 1600 821 1650 ad
836 1600 986 1650 Zachariam
997 1600 1144 1651 Pontificem
1154 1600 1295 1650 nomon
1314 1601 1401 1651 deiert.
1429 1600 1479 1651 Sed
1497 1604 1526 1650 et
1547 1599 1603 1663 ipsi
1617 1596 1689 1646 Pon·

310 1674 372 1724 tiiici
387 1673 541 1737 philosophia
558 1672 660 1738 Vergilii
677 1673 725 1723 tuit
742 1677 871 1735 wacta,
891 1672 998 1721 mandat
1014 1674 1104 1737 igitur,
1127 1680 1157 1723 ut
1173 1672 1298 1738 Vergilius
1316 1671 1485 1738 philosophus,
1512 1672 1537 1733 si
1557 1667 1689 1719 ncesdos

310 1747 359 1804 ait,
383 1760 402 1795 a
421 1744 513 1808 templo
531 1744 580 1796 Dei
598 1751 625 1795 et
642 1745 749 1796 eccieda
771 1742 923 1807 depellatur,
947 1744 1132 1808 sacerdotioque
1151 1746 1179 1794 in
1196 1744 1299 1794 concilio
1318 1744 1460 1800 abdicetur,
1484 1741 1605 1792 aiillam
1628 1752 1688 1802 per·

310 1830 407 1868 6666666
423 1816 560 1866 doctrinam
576 1817 652 1867 inerit
669 1816 804 1866 contessus.
840 1814 945 1878 Inruper
962 1814 1056 1865 Utiloni
1073 1816 1190 1878 Bojorum
1208 1815 1293 1881 regulo
1311 1816 1460 1871 denunciat,
1483 1821 1513 1863 ut
1532 1810 1688 1878 Vergilium

311 1888 418 1939 Romam
435 1889 533 1947 mittat,
551 1894 581 1938 nt
597 1888 630 1938 ihi
649 1901 733 1938 coram
750 1888 802 1951 ipso
821 1886 942 1937 Pontifice
960 1887 1083 1937 rationein
1100 1887 1189 1937 reddat
1207 1885 1252 1937 dc.

383 1960 481 2015 Annon,
501 1961 592 2023 optime
603 1960 688 2016 lector,
707 1958 867 2015 triturabis,
885 1957 930 2007 hos
947 1959 1013 2008 sedis
1031 1958 1181 2022 apostolicae
1198 1966 1224 2008 st
1236 1957 1491 2022 achiepiscopamum
1508 1956 1582 2006 illins
1602 1952 1687 2003 seculi

312 2031 445 2089 mestoc
471 2030 535 2082 adde
559 2033 635 2082 etiam
657 2030 812 2087 eudinalos,
837 2034 864 2079 et
888 2043 1046 2094 quoacunque
1065 2031 1094 2079 in
1119 2032 1268 2080 consistoriis
1286 2031 1337 2079 suia
1357 2030 1390 2080 ad
1409 2030 1550 2079 docidones
1572 2040 1685 2076 casuum

311 2103 438 2154 dubiorum
450 2103 601 2153 cendliarios
616 2102 787 2156 euhttoemnc
807 2116 837 2151 es
854 2101 932 2150 triviis
950 2101 1025 2151 irrisae
1043 2103 1157 2164 abreptos
1168 2102 1239 2151 etad
1252 2102 1349 2152 illarum
1361 2102 1510 2165 dignitatum
1529 2106 1559 2150 et
1580 2097 1683 2147 officio·

311 2189 366 2225 rum
382 2173 485 2238 lastigie
507 2172 624 2224 evectos?
648 2175 738 2238 quippe
756 2174 797 2237 qui
815 2187 846 2222 es
868 2173 1034 2223 astronomiae
1051 2173 1134 2235 primis
1151 2173 1296 2223 rudimentis
1314 2180 1340 2222 st
1357 2171 1528 2238 geographicis
1550 2169 1683 2233 aitqmbne

312 2245 485 2309 asperimontis
508 2251 606 2295 mutum
625 2244 766 2295 eruditionis
784 2259 833 2294 non
851 2243 1000 2299 hauserunt,
1027 2257 1101 2307 quam
1120 2258 1151 2294 es
1168 2245 1222 2294 sola
1239 2241 1280 2305 (ut
1298 2244 1360 2294 alias
1378 2243 1516 2292 subtiliores
1535 2254 1682 2306 argumen-

312 2319 421 2368 tationes
438 2331 522 2366 omnes
539 2317 581 2367 hic
598 2312 710 2376 mam)
736 2315 832 2366 diversa
856 2314 1010 2379 longitudine
1027 2315 1122 2364 6166666
1140 2317 1287 2366 suavorum
1305 2322 1331 2365 et
1348 2315 1502 2365 hibernorum
1519 2315 1549 2363 in
1571 2311 1683 2362 dirersis

311 2388 386 2444 locis,
405 2402 426 2435 v.
446 2403 471 2452 g.
490 2387 586 2437 1166666
603 2389 630 2438 16
647 2386 738 2443 Italia,
756 2385 901 2452 lioguntise
919 2386 946 2434 iu
964 2386 1113 2443 Germania,
1139 2393 1165 2436 ot
1187 2388 1215 2436 in
1232 2387 1324 2452 Anglia
1342 2386 1462 2436 Vinoiridi
1480 2400 1525 2434 seu
1543 2382 1680 2434 Bonifatii

311 2459 401 2525 patria.
419 2459 561 2509 ratiocinari
577 2464 687 2522 posaeut,
705 2457 797 2509 Terrae
814 2456 970 2521 superficiem
986 2473 1036 2507 non
1054 2472 1108 2508 ease
1125 2457 1235 2522 planam,
1254 2466 1281 2508 et
1297 2473 1362 2522 qnae
1376 2458 1434 2507 inde
1447 2457 1595 2506 trecenario
1615 2469 1678 2504 cou-

312 2535 455 2595 sequenter.
485 2529 589 2595 Sapiens
608 2545 666 2595 orgo
683 2531 826 2595 ignorantia
842 2530 903 2578 istos
924 2529 1050 2592 sapientes
1070 2531 1195 2591 marites
1214 2530 1320 2594 decepit,
1339 2535 1368 2579 nt
1385 2543 1418 2579 es
1435 2542 1489 2578 esse
1507 2528 1597 2591 impis,
1620 2539 1678 2588 pro·

312 2603 387 2659 iana,
417 2601 515 2651 6161666
537 2601 705 2665 philosophiae
731 2601 911 2666 repugnantia,
937 2615 991 2650 esse
1017 2602 1123 2651 naenias
1150 2608 1177 2650 et
1201 2601 1379 2660 deliramenta,
1405 2613 1468 2664 quae
1492 2601 1622 2650 sinceram
1651 2604 1677 2646 et

313 2673 448 2736 simplicem
465 2672 554 2723 (1161661
572 2673 721 2736 sapientiam
738 2672 851 2736 polluant
868 2678 895 2721 ot
913 2673 1092 2729 contaminent,
1110 2674 1308 2735 pronunciarent,
1328 2686 1392 2736 quae
1407 2674 1461 2734 iam
1479 2671 1535 2719 olim
1554 2685 1575 2720 a
1594 2667 1676 2733 pbilo-

312 2745 394 2809 sophis
411 2743 511 2793 morunt
529 2745 601 2795 docte
619 2744 789 2795 demonstrata
806 2748 833 2794 et
849 2744 875 2792 in
893 2743 1029 2793 trivialibus
1052 2743 1142 2794 scholis
1164 2744 1272 2801 666166,
1295 2742 1368 2801 hodie
1390 2757 1446 2793 vcro
1469 2743 1543 2791 nullia
1563 2739 1678 2803 amplius

313 2817 408 2881 mgutis
422 2816 651 2865 ratiocinationibus
668 2816 857 2879 investigantur,
875 2813 921 2863 sed
938 2814 1114 2878 multiplicibus
1132 2816 1304 2878 experimentis
1322 2829 1352 2865 ex
1369 2814 1468 2877 Europa
1486 2815 1512 2863 in
1529 2827 1627 2869 novas,
1647 2816 1676 2858 at

314 2892 413 2942 secant,
430 2892 509 2936 terrm
527 2888 669 2938 Amerioam
685 2892 712 2936 et
729 2885 793 2936 Peru
811 2883 887 2949 (quae
906 2884 962 2936 olim
980 2898 1031 2935 non
1048 2886 1249 2936 irrationabiliter
1267 2886 1343 2950 Ophir
1360 2886 1428 2936 diota
1445 2880 1573 2945 eamean)
1602 2881 1675 2932 navl·

313 2959 426 3024 gentinus
443 2956 514 3021 lippis
532 2966 558 3007 et
575 2958 713 3008 tonmribus
731 2964 789 3007 suut
807 2957 915 3022 cognita
946 2956 1048 3007 interim
1067 2965 1151 3008 autem
1169 2958 1246 3007 bonus
1263 2957 1305 3007 ille
1324 2964 1350 3006 et
1367 2957 1453 3007 doctus
1465 2955 1593 3021 Vergilius
1612 2954 1674 3004 hae-

312 3043 395 3080 roseos
420 3029 468 3078 init
491 3028 633 3079 damnatus.
667 3028 724 3079 Hoc
749 3028 815 3078 idern
841 3041 910 3078 nnnc
935 3027 1071 3093 (lopernioo
1096 3031 1220 3093 ipsiusque
1245 3030 1409 3080 astronomiae
1437 3042 1467 3077 es
1492 3024 1676 3090 hypothesibus

314 3099 430 3151 accidit*⁴
451 3125 486 3135 -

383 3170 441 3221 Huc
458 3185 536 3237 usque
555 3168 713 3222 Maestlinus.
751 3168 894 3219 Translmus
912 3168 946 3220 sd
964 3169 1022 3221 alia

384 3311 409 3362 J.
430 3311 459 3361 G.
478 3312 675 3362 Hervartus
701 3313 733 3363 ab
758 3310 978 3378 Hohenbnrg,
1004 3311 1133 3371 Barariae
1154 3312 1330 3370 canoessarins,
1356 3312 1434 3362 molta
1457 3327 1500 3377 per
1516 3312 1603 3361 literas
1620 3309 1676 3374 egit

317 3398 375 3435 cnm
392 3383 517 3447 Keplero,
540 3397 625 3448 quem,
651 3398 682 3433 ex
704 3399 751 3447 quo
769 3381 929 3432 Prodromnm
952 3383 1061 3447 legerat,
1086 3384 1186 3432 memmi
1212 3385 1279 3434 iecit.
1317 3383 1371 3433 Vel,
1390 3382 1431 3434 IX.
1450 3383 1674 3446 manuscriptorum

190 3446 219 3469 ”
315 3455 426 3519 Kepleri,
444 3468 509 3520 quae
522 3454 644 3518 Petropoii
657 3459 842 3512 consonanter,
860 3454 959 3504 exhibet
976 3454 1022 3503 has
1039 3454 1134 3509 literas,
1153 3470 1184 3505 ex
1195 3463 1266 3518 parte
1284 3455 1382 3520 quidem
1401 3470 1456 3505 cum
1474 3453 1674 3518 responsionibus

315 3525 432 3591 Kopion,
456 3526 528 3577 datas
546 3526 578 3576 ab
598 3526 653 3577 Oct
672 3528 733 3577 anni
753 3522 821 3576 toti
838 3540 916 3590 nsque
935 3526 968 3575 ad
986 3523 1048 3574 Dec.
1070 3521 1147 3574 16011.
1183 3526 1259 3576 Hand
1277 3528 1401 3591 ingratum
1420 3528 1466 3576 erit
1483 3525 1632 3581 lectoribus,
1652 3523 1673 3571 si

317 3612 356 3655 ea,
376 3612 441 3663 quae
459 3599 583 3663 pertinent
601 3598 716 3648 adhaec
733 3598 909 3661 manuscripta,
928 3597 1036 3660 pluribus
1055 3599 1180 3660 proposita
1196 3598 1321 3647 habeant:

386 3668 495 3732 Koplero
512 3674 607 3718 mortuo
628 3666 725 3731 (1630)
744 3669 807 3719 filius
819 3666 999 3718 Ludovicua
1017 3676 1122 3718 conatus
1140 3677 1179 3717 est
1197 3683 1236 3725 ea,
1256 3684 1320 3734 quae
1338 3676 1426 3719 notatu
1443 3670 1555 3733 digniora
1572 3670 1674 3718 inerant

317 3741 394 3803 petris
411 3739 503 3790 relictis
520 3742 710 3804 menuscriptis,
728 3740 843 3804 colligere
862 3746 888 3789 et
905 3741 969 3803 typis
987 3739 1114 3789 enudare.
1150 3740 1244 3789 Prodiit
1261 3755 1327 3789 anno
1346 3738 1414 3789 1634
1434 3755 1494 3805 opus
1511 3739 1672 3802 inscriptum:

319 3808 488 3869 ,Somnium
506 3826 552 3861 seu
567 3812 604 3861 de
623 3813 823 3862 astronomia
840 3809 965 3862 Lunari.
1002 3810 1161 3875 Divulgatom
1181 3826 1197 3861 a
1215 3811 1249 3860 M.
1269 3812 1332 3861 Lod.
1352 3812 1476 3875 chplero
1494 3810 1570 3867 sito,
1590 3808 1670 3860 Medi·

317 3883 389 3932 cinae
404 3881 567 3933 emuncto!
601 3883 739 3946 adjunctus
757 3889 797 3933 est
812 3881 869 3932 huic
881 3882 998 3946 opusculo
1019 3881 1215 3932 ..Plutarchi
1233 3882 1328 3933 libellus
1346 3884 1377 3932 66
1395 3884 1468 3941 iacis,
1487 3894 1550 3948 qnae
1569 3881 1596 3931 iu
1614 3880 1672 3930 orbe

316 3950 405 4003 Lunae
428 3960 542 4017 apparet,
569 3956 697 4005 eGraeeo
714 3954 809 4005 lacunis
828 3953 978 4014 deformato,
1004 3954 1081 4003 latine
1100 3953 1208 4003 redditus
1234 3952 1279 4004 irc.
1304 3968 1320 4003 a
1343 3954 1359 4003 J
1367 3966 1473 4003 canno
1497 3952 1670 4017 Kepplero

318 4022 527 4083 histhematice“,
546 4039 592 4075 uec
610 4041 660 4075 non
679 4026 854 4075 annotationes
871 4024 973 4088 Kopleri
991 4026 1024 4075 ed
1042 4031 1170 4088 utrumque
1188 4025 1303 4076 libellum.

389 4095 444 4146 Hoc
461 4095 522 4145 libro
540 4102 642 4160 meopte
661 4097 799 4146 Ludorioua
816 4099 987 4159 manuscripta
1003 4098 1081 4159 patris
1100 4086 1198 4158 intaeta
1214 4098 1322 4162 reliquit,
1342 4111 1421 4160 eaque
1439 4096 1499 4146 emit
1517 4095 1613 4145 celeber
1631 4092 1671 4142 isse

319 4172 473 4218 monemus
485 4167 654 4218 Dentiscacns
672 4168 687 4217 J
693 4183 716 4217 o.
736 4166 913 4227 Herelius,
932 4169 972 4232 qui
990 4167 1054 4217 haec
1072 4166 1103 4216 de
1121 4167 1169 4216 illia
1183 4168 1321 4219 Londinum
1339 4168 1479 4218 nunciavit:
1499 4167 1590 4217 Omnia
1599 4165 1669 4229 Kep-

318 4239 363 4290 leri
375 4240 545 4303 manuscripta
562 4240 593 4290 ab
609 4238 755 4289 haeredibus
773 4244 841 4289 certo
858 4240 936 4302 pretio
955 4240 1058 4299 obtinui,
1077 4246 1129 4287 tum
1149 4254 1224 4302 opera
1238 4243 1291 4302 jam
1309 4242 1384 4295 edita,
1402 4248 1455 4288 mm
1472 4238 1594 4303 quaedam
1611 4237 1667 4287 hao-

318 4316 392 4359 teum
409 4310 519 4367 inedita;
537 4311 602 4360 inter
620 4316 704 4361 cetera
720 4313 776 4374 ipsa
794 4308 952 4374 epistolarum
965 4312 1072 4359 omnium
1091 4304 1205 4375 (quarum
1218 4324 1322 4376 magnus
1334 4306 1462 4371 numeros)
1481 4310 1513 4358 ad
1532 4310 1591 4358 clar.
1610 4310 1672 4357 viros

319 4382 466 4445 scriptarum
491 4381 660 4447 autographa,
688 4396 744 4432 oum
767 4381 923 4445 plurimorum
949 4381 1014 4430 illins
1038 4382 1154 4445 temporis
1177 4383 1211 4431 ill.
1235 4384 1339 4431 virorum
1362 4382 1568 4445 responsionibus.
1604 4379 1672 4430 inter

315 4453 489 4517 manuscripta
506 4452 549 4503 illa
566 4454 722 4504 inveniuntur
739 4467 801 4503 sanc
820 4466 883 4518 quac
901 4451 983 4502 lucem
1001 4459 1139 4505 merentur.
1166 4469 1215 4503 non
1241 4453 1317 4503 solnm
1336 4453 1454 4517 plurimae
1473 4452 1606 4517 epistolae.
1628 4449 1672 4501 aod

322 4529 349 4573 et
367 4538 442 4587 opera
459 4524 582 4590 quaedam
600 4522 645 4574 ce
1047 4570 1050 4583 κ
1270 4556 1275 4566 ·

391 4593 458 4645 linio
476 4596 595 4660 epistolae
620 4593 658 4657 (in
675 4595 766 4646 Philon
785 4594 915 4644 Transact
934 4592 988 4651 1x,
1012 4590 1062 4641 102
1086 4609 1144 4645 ann.
1170 4591 1250 4657 1672)
1275 4595 1370 4646 addida
1391 4596 1508 4646 Herelius
1532 4594 1670 4658 catalogum

322 4678 415 4724 eorum,
436 4681 516 4730 ,quae
533 4667 646 4717 fasciculi
665 4665 715 4715 22⁸
735 4666 887 4717 conducant
923 4665 953 4714 ln
972 4663 1175 4727 literisrejusdem
1195 4666 1228 4716 ad
1246 4666 1302 4716 Chr.
1322 4666 1469 4724 l’iaotzium,
1488 4666 1556 4729 Lips.
1575 4664 1670 4714 Profes-

323 4749 403 4786 sorem
421 4733 458 4799 (d
477 4737 500 4787 d
521 4735 556 4787 20
573 4737 636 4789 Dec.
658 4735 753 4800 1681),
770 4737 835 4788 haec
852 4737 968 4802 legimus:
996 4735 1166 4801 hianuseripta
1183 4737 1229 4787 oei
1247 4737 1271 4788 J.
1290 4739 1405 4804 Kepleri,
1424 4754 1488 4804 quae
1505 4738 1589 4787 labore
1605 4734 1671 4786 haud

322 4807 390 4857 iacili
417 4823 465 4858 ncc
487 4808 625 4859 leviusculia
649 4810 769 4860 sumtibus
795 4810 827 4858 ab
845 4812 898 4872 eina
917 4807 1063 4857 haeredibus
1081 4821 1098 4858 a
1118 4806 1226 4871 plurimis
1247 4812 1301 4873 jam
1325 4811 1396 4859 annis
1413 4814 1448 4860 rei
1466 4810 1591 4860 literariae
1610 4808 1671 4858 boue

323 4879 465 4943 moroso,
490 4880 664 4939 concederem
689 4881 710 4930 si
734 4881 848 4933 nimirum
875 4881 1002 4947 quisquam
1023 4879 1150 4931 literarum
1168 4878 1343 4932 hiaecenabrm
1366 4882 1404 4933 rel
1426 4881 1557 4945 bibliopola
1574 4879 1671 4945 quidam
