3609 5634
775 366 857 431 crpus
874 368 895 418 1.
1055 415 1066 424 .
1449 375 1511 443 113

143 521 321 598 respondeo
344 522 480 600 primum,
506 522 646 602 antiquas
666 522 849 604 hypotheses
863 526 1090 606 praecipuorum
1110 528 1226 611 aliquot
1246 532 1379 612 capitum
1399 535 1513 599 nnllam

143 608 242 686 plane
267 610 416 674 rationem
439 612 575 672 reddere.
624 610 801 691 Cujusmodi
826 622 883 686 est,
910 615 987 693 quod
1012 615 1152 695 ignorant
1174 620 1299 690 numeri,
1323 623 1513 701 quantitatis,

146 697 357 778 temporisque
386 699 677 780 retrogradationum
705 720 833 762 causas:
869 709 901 763 et
929 721 1021 782 quare
1050 704 1119 766 illae
1148 707 1187 767 ad
1211 709 1354 771 amussim
1377 710 1422 772 ita
1445 731 1513 775 cnm

146 784 220 846 loco
246 795 279 848 et
300 797 383 850 motu
407 786 488 851 Solis
517 788 615 851 medio
644 788 833 853 conveniant.
851 793 876 864 ο)
924 789 1040 861 Quibus
1073 794 1210 856 omnibus
1242 796 1271 856 in
1305 798 1412 875 rebus,
1446 818 1513 862 cum

146 876 232 953 apud
257 874 455 957 Copernicum
479 877 551 939 ordo
574 877 792 958 pulcherrimus
816 888 978 958 appareat,
1004 900 1126 942 causam
1150 882 1242 945 etiam
1265 884 1364 946 inesse
1389 906 1513 950 necesse

146 973 211 1026 est.
244 964 361 1026 Deinde
385 985 487 1028 earum
502 966 596 1028 etiam
609 966 829 1048 hypothesium,
854 986 931 1048 quae
955 977 1146 1033 constantem
1169 972 1415 1051 apparentiarum
1439 996 1519 1040 eau-.

148 1072 219 1114 sam
243 1054 381 1128 reddunt,
407 1063 528 1117 etcum
552 1056 618 1118 visu
642 1056 842 1129 consentiunt,
866 1056 941 1119 nihil
963 1066 1058 1137 negat
1072 1057 1264 1138 Cepernicus,
1289 1061 1390 1140 potius
1414 1063 1515 1124 omnia

149 1140 247 1203 sumit
269 1150 302 1203 et
324 1143 467 1222 explicat.
501 1144 581 1206 Nam
605 1144 684 1224 qnod
707 1144 803 1205 multa
825 1144 854 1205 in
878 1146 1095 1228 hypothesibus
1118 1147 1240 1209 usitatis
1263 1147 1440 1212 immutasse
1462 1151 1512 1211 vi·

147 1230 250 1303 detur,
275 1229 305 1291 id
329 1250 435 1294 revera
458 1250 517 1294 non
541 1232 586 1295 ita
609 1252 641 1293 se
666 1232 768 1294 habet.
806 1233 885 1295 Fieri
910 1254 1037 1315 namque
1060 1243 1172 1314 potest,
1197 1244 1231 1298 ut
1252 1236 1331 1299 idem
1355 1237 1514 1320 contingat

148 1318 269 1381 dnobus
284 1321 384 1399 specie
399 1321 605 1383 differentibus
619 1321 869 1401 praesuppositis,
893 1330 1058 1402 propterea
1072 1326 1149 1403 quod
1171 1325 1223 1385 illa
1246 1324 1304 1387 duo
1328 1326 1383 1388 snb
1407 1329 1514 1390 eodem

148 1425 264 1487 genere
293 1418 376 1486 sunt,
406 1410 490 1489 cujus
519 1410 620 1488 gratia
643 1409 761 1489 generis
790 1410 886 1489 primo
914 1411 945 1472 id
973 1411 1134 1492 contingit,
1163 1414 1281 1492 dequo
1306 1414 1414 1493 agitur.
1461 1415 1513 1479 Sic

149 1495 347 1558 Ptolemaeus
371 1498 528 1560 stellarum
552 1505 635 1560 onus
659 1506 691 1559 et
714 1498 814 1560 obitus
837 1500 1070 1575 demonstravit,
1102 1519 1159 1561 non
1184 1501 1239 1563 hoc
1263 1502 1361 1566 medio
1384 1505 1513 1567 termino

149 1584 289 1663 proximo
313 1591 345 1646 et
369 1596 545 1666 coaequato,
570 1587 640 1667 qnia
663 1587 758 1648 Terra
781 1585 823 1648 sit
845 1587 874 1650 in
898 1588 996 1650 medio
1020 1589 1189 1652 immobilis.
1232 1590 1337 1670 Neque
1362 1590 1512 1672 Copemi·
1554 1617 1560 1632 ⁸

150 1692 206 1734 cus
230 1673 309 1736 idem
333 1673 388 1737 hoc
412 1676 509 1736 medio
533 1677 731 1749 demonstrat,
757 1675 827 1756 quia
841 1676 936 1737 Terra
952 1696 971 1737 a
985 1678 1083 1739 medio
1103 1676 1221 1739 distans
1244 1678 1391 1742 volvatur.
1425 1680 1511 1744 Utri-

151 1781 210 1840 que
235 1761 314 1823 enim
338 1765 455 1826 suffecit
478 1765 577 1826 dicere
601 1765 694 1844 (qnod
719 1773 750 1826 et
780 1773 903 1846 uterque
932 1765 1023 1840 dixit)
1055 1766 1123 1828 ideo
1152 1766 1225 1828 haec
1253 1766 1298 1829 ita
1328 1768 1412 1842 lieri,
1445 1769 1514 1850 quia

151 1850 234 1911 inter
257 1850 373 1913 coelum
396 1859 429 1914 et
451 1852 576 1915 Terram
598 1852 769 1915 intercedat
792 1852 892 1933 aliqua
919 1862 1051 1916 motuum
1080 1855 1248 1935 separatio,
1278 1865 1310 1917 et
1339 1856 1408 1937 quia
1430 1857 1514 1920 nulla

153 1939 233 2001 inter
255 1939 331 2002 lixas
355 1941 503 2004 sentiatur
527 1941 656 2004 Telluris
681 1942 820 2004 emedio
844 1940 999 2005 distantia
1038 1943 1133 2024 Igitur
1155 1944 1350 2006 Ptolemaeus
1374 1963 1432 2007 non
1456 1944 1512 2006 de-

153 2028 338 2090 monstravit
359 2030 437 2092 falso
454 2038 486 2092 et
500 2031 703 2093 accidentaria
718 2029 825 2105 medio,
851 2030 876 2091 si
900 2050 976 2111 quae
1001 2031 1220 2095 demonstravit
1243 2053 1412 2111 canopaea.
1446 2033 1513 2096 Hoc

151 2125 274 2178 tantum
287 2117 318 2178 in
333 2118 431 2199 legem
445 2118 505 2181 κατ’
521 2119 594 2182 αὐτο
609 2118 757 2200 peccavit,
782 2120 861 2201 qnod
876 2118 1071 2196 existimavit,
1096 2122 1171 2183 haec
1185 2121 1229 2183 ita
1242 2131 1367 2203 propter
1381 2121 1514 2203 speciem

152 2204 284 2281 euenire,
310 2224 386 2286 qnae
399 2216 525 2288 propter
543 2227 637 2289 genus
656 2207 805 2272 eveniunt.
839 2207 927 2271 Unde
943 2217 1080 2290 apparet,
1101 2230 1139 2272 ex
1157 2229 1202 2285 eo,
1228 2212 1306 2290 quod
1319 2211 1513 2273 Ptolemaeus

152 2313 193 2355 ex
216 2294 296 2357 falsa
318 2297 420 2358 mundi
443 2297 640 2378 dispositione
663 2315 737 2358 vera
759 2305 860 2359 tamen
892 2304 924 2359 et
952 2298 1036 2360 coelo
1067 2300 1237 2379 nostrisque
1265 2298 1359 2361 oculis
1382 2317 1515 2362 consona

152 2383 385 2458 demonstravit,
400 2404 439 2446 ex
453 2405 498 2461 eo,
514 2387 644 2466 inquam,
657 2386 770 2449 nullam
785 2406 852 2449 esse
868 2404 1000 2461 causam,
1017 2387 1112 2451 simile
1127 2387 1196 2469 quid
1211 2387 1303 2449 etiam
1318 2388 1355 2450 de
1364 2385 1513 2468 Copemi·

152 2469 241 2533 mnis
263 2472 480 2554 hypothesibus
505 2473 687 2555 suspicandi.
735 2473 814 2546 Quin
838 2475 940 2555 potius
962 2485 1075 2550 manet,
1100 2476 1178 2556 quod
1201 2474 1285 2537 initio
1309 2475 1422 2537 dictum
1445 2483 1511 2539 est:

154 2578 215 2621 non
238 2578 329 2639 posse
344 2562 423 2624 falsa
437 2581 506 2624 esse
521 2561 681 2643 Copemici
695 2562 851 2643 principia,
876 2582 914 2623 ex
938 2563 1045 2644 quihus
1067 2572 1132 2625 tam
1155 2571 1297 2624 constans
1320 2562 1515 2641 plurimorum

154 2669 341 2725 canopum
363 2651 458 2725 ratio,
489 2651 594 2730 ignota
616 2652 787 2725 veteribus,
817 2651 980 2726 reddatur,
1010 2660 1158 2732 quatenus
1182 2671 1220 2713 ex
1243 2650 1303 2712 illis
1326 2650 1470 2714 redditur.
1485 2647 1515 2725 d)

155 2735 246 2799 Vidit
268 2739 324 2800 hoc
348 2738 538 2802 felicissimus
562 2741 611 2802 ille
627 2740 728 2821 Tycho
744 2741 854 2816 Brahe,
879 2748 1069 2802 astronomus
1088 2741 1168 2802 omni
1183 2739 1384 2801 celebratione
1407 2738 1512 2819 major,

156 2826 207 2905 qni
232 2827 367 2907 quamvis
390 2828 510 2890 omnino
534 2828 661 2891 deloco
685 2829 797 2891 Terrae
821 2850 840 2891 a
863 2827 1031 2909 Cepernicp
1060 2827 1253 2902 dissentiret,
1287 2836 1389 2890 tamen
1417 2846 1456 2888 ex
1479 2832 1535 2888 eo'

156 2913 282 2977 retinuit
304 2915 343 2992 id,
368 2918 453 2997 cnjus
477 2917 577 2997 gratia
594 2937 694 2980 rernm
708 2918 854 2979 hactenus
867 2916 1086 2996 incognitarum
1101 2936 1209 2979 causas
1223 2916 1387 2979 habemus:
1411 2913 1531 2986 Solem¹

157 3022 265 3082 nempe
288 3023 356 3066 esse
371 3013 507 3067 centrum
520 3006 650 3086 quinque
665 3007 863 3086 planetarum.
897 3006 977 3068 Nam
1002 3012 1034 3067 et
1056 3006 1111 3067 hoc
1135 3004 1292 3085 angustius
1316 3011 1364 3066 est
1385 3002 1516 3065 medium

158 3092 197 3152 ud
221 3091 471 3156 demonstrandas
494 3094 727 3173 repedationes:
758 3117 792 3155 ao
816 3092 870 3156 Sol
894 3094 924 3155 in
949 3104 1053 3155 centro
1076 3092 1247 3156 immobilis.
1292 3090 1413 3155 Sufficit
1435 3091 1515 3153 enim

157 3182 299 3259 generale
322 3181 412 3245 illud:
438 3181 493 3245 Sol
515 3182 545 3245 iu
570 3192 673 3244 centro
696 3184 885 3262 planetarum
910 3181 1046 3263 quinque.
1096 3180 1158 3244 Cur
1182 3191 1282 3243 autem
1306 3180 1438 3261 speciem
1460 3199 1515 3260 pro

157 3288 268 3349 genere
293 3281 425 3334 sumeret
439 3270 633 3351 Copemicus,
659 3279 691 3332 et
705 3269 809 3334 Solem
831 3270 954 3351 insuper
977 3270 1006 3332 in
1031 3278 1133 3333 centro
1152 3268 1263 3344 mundi,
1288 3270 1413 3331 Terram
1436 3268 1516 3331 circa

158 3377 228 3420 eum
250 3358 389 3421 mobilem
414 3360 537 3433 faceret,
563 3359 641 3422 aliae
665 3379 775 3422 causae
800 3361 928 3422 fuerunt.
965 3358 1046 3423 Nam
1069 3367 1104 3422 ut
1127 3379 1166 3420 ex
1184 3358 1369 3424 astronomia
1383 3358 1422 3419 ad
1440 3358 1519 3440 phy-

159 3446 253 3508 sicam
282 3447 345 3509 sive
372 3448 634 3528 cosmographiam
663 3448 835 3523 deveniam,
866 3449 924 3511 hae
949 3446 1110 3529 Cepernici
1133 3447 1319 3530 hypotheses
1342 3465 1402 3509 nou
1425 3446 1521 3508 solum

113 3593 121 3606 ,
159 3535 188 3595 in
213 3543 350 3598 naturam
373 3556 471 3599 rerum
494 3556 552 3598 non
576 3544 718 3616 peccant,
751 3538 805 3598 sed
833 3537 916 3598 illam
944 3538 1039 3598 multo
1063 3536 1161 3616 magis
1185 3536 1303 3616 juvant.
1350 3536 1446 3597 Amat
1468 3534 1523 3596 illa

160 3622 394 3704 simplicitatem,
418 3633 503 3687 amat
515 3625 672 3687 unitatem.
705 3625 865 3705 Nunquam
889 3625 918 3686 in
942 3626 1011 3705 ipsa
1025 3623 1182 3706 quicquam
1196 3623 1325 3686 otiosum
1340 3631 1392 3686 ant
1414 3641 1522 3703 snper-

161 3711 251 3774 fluum
274 3713 396 3776 extitit:
421 3722 454 3776 at
478 3713 598 3794 saepius
623 3733 682 3776 una
704 3733 754 3775 res
777 3713 881 3775 multis
906 3715 945 3775 ab
968 3713 1021 3775 ills
1040 3713 1210 3775 destinatur
1224 3711 1390 3775 effectibus.
1427 3710 1523 3792 Atqui
1624 3768 1627 3776 .

160 3819 254 3879 penes
277 3802 407 3865 usitatas
430 3803 615 3885 hypotheses
640 3801 761 3863 orbinm'
777 3802 984 3882 fingendorum
1006 3800 1074 3863 finis
1088 3802 1187 3863 nullus
1202 3811 1269 3863 est:
1294 3819 1388 3880 penes
1404 3798 1521 3879 Ceper-

161 3888 259 3951 nicum
283 3891 402 3969 plurimi
426 3901 525 3953 motus
548 3910 587 3952 ex
610 3890 802 3971 paucissimis
826 3900 991 3970 sequuntur
1018 3888 1157 3962 orbibus,
1190 3898 1224 3951 ut
1254 3889 1375 3951 interim
1404 3895 1523 3950 taceam

163 3978 405 4055 penetrationem
419 3979 536 4043 orbium
551 3979 682 4041 Veneris
697 3988 730 4040 et
743 3978 895 4053 Mercurii,
921 3987 953 4040 et
976 3977 1045 4053 alia,
1071 3976 1177 4058 quibus
1196 3976 1320 4057 antiqua
1338 3975 1524 4039 astronomia

160 4065 191 4126 in
219 4073 309 4129 tanta
342 4067 457 4130 orbium
487 4068 694 4148 fingendorum
727 4067 868 4130 libertate
900 4066 1062 4129 etiamnum
1094 4067 1224 4128 laborat.
1271 4067 1374 4145 Atque
1407 4065 1450 4125 sic
1478 4062 1524 4124 vir

162 4154 221 4216 iste
244 4174 303 4217 non
326 4163 446 4219 tantum
460 4165 599 4219 naturam
613 4174 742 4219 onerosa
764 4157 819 4218 illa
841 4163 874 4217 et
896 4155 994 4218 inutili
1012 4153 1220 4235 suppellectile
1243 4160 1292 4214 tot
1313 4152 1525 4213 immensorum

163 4243 279 4306 orbium
307 4244 467 4307 liberavit:
502 4247 555 4307 sed
583 4245 707 4325 insuper
734 4245 825 4306 etiam
853 4244 1065 4306 inexhaustum
1093 4241 1178 4303 nohis
1206 4242 1381 4303 thesaurum
1406 4237 1525 4317 aperuit

163 4331 417 4396 divinissimorum
435 4333 659 4412 ratiociniorum
682 4334 719 4395 de
747 4332 840 4395 totius
866 4332 966 4395 mnndi
990 4330 1178 4410 omniumque
1202 4346 1359 4408 corporum
1382 4325 1524 4407 pulcher-

164 4420 240 4482 rima
263 4422 441 4503 aptitudine.
487 4423 593 4503 Neque
617 4421 720 4484 dubito
750 4422 915 4495 affirmare,
945 4419 1083 4503 quicquid
1113 4439 1132 4480 a
1154 4415 1314 4497 posteriori
1338 4413 1524 4496 Oopernicus

165 4509 289 4590 collegit
311 4519 343 4574 et
364 4511 432 4573 visu
455 4510 694 4583 demonstravit,
726 4508 928 4571 mediantibus
952 4505 1144 4587 geometricis
1167 4504 1345 4580 axiomatis,
1379 4504 1411 4566 id
1439 4520 1526 4566 omns

165 4598 213 4661 vel
236 4599 303 4679 ipso
316 4600 484 4663 Aristotele
500 4607 590 4676 teste,
615 4597 640 4659 si
662 4595 779 4659 viveret
802 4598 896 4678 (quod
911 4597 1084 4677 frequenter
1097 4602 1184 4675 optat
1198 4592 1370 4668 Rheticus),
1395 4613 1415 4654 a
1433 4589 1527 4674 priori

165 4686 256 4749 nullis
279 4688 458 4769 ambagibus
481 4685 681 4750 demonstrari
704 4704 805 4765 posse.
851 4683 967 4746 Verum
991 4685 1027 4745 de
1055 4681 1103 4744 his
1131 4682 1267 4744 omnibus
1297 4681 1392 4743 fusius
1416 4688 1449 4744 et
1470 4697 1527 4762 pro

167 4775 316 4855 dignitate
338 4778 456 4858 pridem
478 4773 677 4858 sgitRhetici
691 4772 836 4847 narratio,
861 4780 893 4833 et
908 4771 1093 4852 Copemicus
1113 4770 1199 4851 ipse:
1223 4777 1255 4832 et
1277 4769 1304 4832 si
1328 4771 1398 4850 quid
1421 4769 1526 4850 copio-

167 4863 231 4930 sius
253 4866 398 4946 explicari
415 4873 532 4948 potest,
556 4865 634 4929 alius
655 4863 687 4926 id
710 4864 768 4927 loci
792 4871 825 4925 et
846 4861 992 4942 temporis
1015 4860 1083 4935 erit,
1098 4863 1126 4935 ⁸)
1150 4880 1226 4923 nunc
1245 4858 1387 4940 attigisse
1403 4858 1527 4922 sufficit:

238 4969 327 5022 :aaa
340 4972 440 5024 our-t
803 5019 806 5027 ,
1013 5017 1019 5026 ,
1298 4963 1316 5020 e
