3609 5634
792 290 876 356 coo
892 290 983 342 xxm.
1159 311 1166 319 ·
1437 254 1440 261 ’
1507 289 1569 357 rer

148 444 285 508 stasim,
322 449 354 503 si
373 449 539 515 ineffabiles,
559 468 613 506 non
628 453 696 507 dari.
724 454 788 507 Jsrn
802 452 928 508 estabiles
943 456 1044 508 dentur
1059 471 1094 508 an
1113 452 1276 516 ineffabiles,
1299 453 1339 506 sic
1359 452 1571 521 dijudicandum:

151 542 282 580 omues
304 539 440 585 motuum
454 548 643 603 apogseorum
657 540 687 587 et
700 533 896 605 perigaeerum
912 536 1113 604 proportiones,
1139 543 1196 587 tem
1220 534 1353 598 binorum,
1379 548 1460 603 quum
1481 534 1574 604 singu-

152 605 288 670 lorum,
312 618 388 666 sunt
401 613 535 676 effabiles,
557 620 623 667 sunt
636 614 707 669 enim
735 616 877 667 desumtee
893 633 930 668 ex
944 615 1107 678 harmoniis,
1130 621 1160 667 et
1174 613 1240 667 illae
1255 622 1319 668 sunt
1334 629 1427 667 omnes
1441 613 1574 676 effabiles,

156 691 198 739 ut
216 694 259 741 et
280 692 433 746 concinna
447 700 477 747 ct
491 692 627 746 concinnis
642 693 820 747 inservientia
835 695 986 748 intervalla
1000 695 1099 748 omnia.
1121 693 1218 763 Itaque
1236 694 1283 747 lib.
1299 695 1334 747 V.
1351 693 1575 748 Harmonicorum

158 782 242 835 cap.
266 768 307 822 9.
331 787 411 841 prop.
427 772 475 827 48.
492 789 583 826 omnes
599 773 625 826 hi
641 782 731 831 motus
747 774 803 827 suis
818 774 936 827 numeris
951 774 1076 844 expressi
1092 780 1122 827 et
1137 772 1212 827 effati
1228 780 1300 826 sunt.
1321 772 1434 827 Numeri
1449 774 1521 827 enim
1535 772 1576 827 illi

160 847 329 915 praecisi
350 860 416 904 sunt
435 851 618 922 intelligendi.
646 854 707 906 iarn
729 871 795 906 rere
818 854 1017 923 periodicorum
1039 861 1191 923 temporum
1216 853 1288 907 inter
1312 870 1342 906 se
1365 853 1509 923 proportio
1532 859 1577 906 est

163 928 296 981 eadem
330 931 501 1000 quantitate,
527 949 597 1001 quae
621 939 664 987 est
687 940 716 986 et
738 940 858 987 motuum
880 934 1038 989 mediorum.
1066 935 1240 988 Motusvero
1262 932 1342 988 rnedii
1357 933 1528 1002 participant
1541 935 1575 986 de

165 1009 287 1061 medio
310 1012 487 1065 arithmetico
502 1010 574 1066 inter
588 1019 736 1076 extremas,
753 1014 892 1083 aphelium
908 1021 937 1068 et
951 1015 1131 1084 perihelium;
1147 1015 1217 1084 quod
1232 1013 1349 1067 medium
1364 1020 1408 1066 est
1423 1013 1494 1066 iuter
1508 1015 1575 1066 elle·

167 1086 263 1140 biles
285 1089 347 1143 hos
362 1092 500 1154 terminos,
516 1092 643 1146 effabile:
659 1093 828 1163 participant
841 1100 871 1147 et
885 1097 918 1147 de
933 1094 1021 1149 medio
1034 1094 1108 1149 inter
1121 1095 1230 1147 eosdem
1245 1092 1424 1164 geometrico.
1450 1096 1489 1146 At
1503 1092 1574 1151 iuter

171 1168 487 1225 effabiles'termiuos
508 1189 561 1225 non
583 1180 628 1226 est
645 1190 753 1242 semper
773 1174 884 1227 effabile
908 1176 1025 1228 medium
1045 1175 1251 1245 geometricum.
1282 1173 1352 1227 Sunt
1376 1172 1463 1242 igitur
1484 1181 1574 1225 motus

171 1247 388 1317 planetarum
402 1251 481 1305 medii
496 1251 648 1306 ineffabiles
670 1259 699 1307 et
730 1253 1016 1309 incommensurabiles
1037 1254 1156 1308 motibus
1176 1253 1309 1306 extremis
1322 1252 1498 1321 planetarum
1518 1269 1586 1309 om·.

178 1327 289 1381 nium.
313 1330 383 1385 Vide
398 1333 529 1386 Hermon.
544 1333 592 1385 lib.
609 1334 642 1385 V.
658 1350 720 1403 cap.
738 1334 765 1387 9.
782 1351 859 1403 prop.
876 1335 922 1388 48.
943 1336 1008 1389 Cum
1024 1341 1117 1388 autem
1132 1350 1150 1387 a
1164 1331 1247 1402 priori
1262 1332 1340 1385 nulla
1354 1330 1391 1383 ait
1405 1331 1486 1393 ratio,
1503 1348 1573 1400 quae

177 1407 308 1461 formet
322 1417 412 1464 motus
427 1412 538 1475 medios,
562 1415 609 1467 sed
631 1430 690 1466 cum
709 1413 837 1468 resiliant
858 1414 961 1485 singuli
982 1433 1019 1468 ex
1038 1414 1094 1469 suis
1116 1412 1233 1467 motibus
1252 1410 1393 1472 extremis,
1420 1428 1473 1464 non
1493 1418 1575 1464 erunt

181 1488 288 1541 medii
303 1497 395 1545 motus
411 1509 444 1544 ne
458 1492 531 1545 inter
545 1480 696 1562 sequidem
711 1494 985 1557 commensurabilem
1010 1494 1115 1548 nullum
1129 1492 1200 1545 enim
1215 1491 1384 1551 ordinatum.
1408 1496 1440 1543 ut
1454 1489 1572 1543 effabili·

184 1578 254 1632 tas,
288 1587 357 1624 casu
380 1571 501 1624 existere
525 1574 605 1626 solet.
643 1573 734 1634 Quare
759 1591 847 1643 neque
872 1574 978 1644 periodi
1002 1582 1153 1643 temporum
1173 1573 1293 1625 interae
1313 1570 1571 1623 commensurabiles

184 1656 300 1704 erunt.
331 1651 417 1705 Nulla
431 1650 517 1722 igitur
532 1653 600 1707 data
616 1653 742 1722 perlecta
760 1662 880 1707 motuum
903 1655 1117 1723 apoontastasis,
1143 1669 1213 1722 quae
1238 1669 1287 1721 pre
1304 1651 1359 1704 fine
1377 1655 1498 1704 motuum
1517 1648 1571 1703 ior-

189 1727 274 1781 mali
291 1747 342 1783 seu
356 1731 486 1785 rationali
500 1732 599 1786 haberi
614 1733 712 1802 possit.

289 1811 387 1863 Habes
401 1810 496 1883 igitur,
520 1812 616 1876 lector,
641 1829 759 1866 examen
779 1812 866 1866 libelli
887 1813 949 1877 mei,
973 1813 1017 1867 cui
1037 1813 1135 1867 titulus
1150 1827 1168 1865 a
1181 1809 1315 1880 Mysterio
1330 1807 1572 1880 cosmographico,

194 1889 374 1957 promissum
387 1898 453 1945 aute
468 1908 553 1945 annos
572 1894 607 1947 10
621 1893 649 1946 in
665 1895 764 1947 Corum.
780 1892 878 1947 Martis
892 1900 966 1963 part.
984 1894 1031 1958 ΙΙΙ,
1046 1910 1141 1951 rerum
1155 1898 1221 1945 anto
1236 1889 1462 1955 Harmonieornm
1475 1888 1571 1943 editio·

197 1972 271 2021 nem
286 1970 364 2023 locus
379 1971 442 2025 huic
456 1971 576 2026 examini
592 1989 646 2026 non
661 1974 722 2027 luit.
752 1974 843 2035 Quare
858 1974 911 2028 fine
933 1972 1153 2029 commentationi
1173 1970 1300 2040 imposito
1321 1978 1514 2025 convertamur
1537 1970 1572 2022 ad

195 2048 354 2118 hymnum,
377 2051 422 2121 qui
443 2051 543 2106 librum
563 2053 676 2107 claudit
