3609 5634
1540 355 1601 406 Xlll

242 530 309 577 rum
331 512 457 595 Kepleri
478 532 569 577 manu
592 510 771 595 scriptorum
794 512 990 586 collectione,
1025 532 1115 595 qnae,
1145 532 1234 596 quum
1257 520 1350 578 autea
1371 513 1527 596 Petropoli
1549 514 1599 578 la-

240 621 346 698 tuerit,
369 641 446 685 nunc
469 621 621 684 Pulcovae
645 627 794 684 servatur.
841 641 843 645 ’

330 727 449 792 Editori
474 729 593 810 quidem
614 747 792 810 persuasum
824 732 890 802 est,
926 745 978 790 eos
1012 745 1080 791 esse
1110 725 1235 807 Kepleri
1266 727 1379 806 libros,
1409 728 1516 811 quibus
1539 748 1599 792 uon

242 840 436 898 astronomus
459 843 577 898 tantum
596 836 743 916 capiatur,
763 834 818 897 sed
835 840 960 916 propter
976 834 1159 898 varietatem
1178 836 1358 915 argumenti,
1382 836 1461 917 quod
1480 836 1519 899 ad
1538 835 1601 899 alia

126 929 139 944 ⁸
240 958 358 1025 quoque
381 942 537 1005 literarum
559 960 672 1023 genera
694 942 841 1022 pertinet,
866 942 958 1004 etiam
981 940 1194 1022 philosophus,
1217 940 1395 1013 historicus,
1417 942 1599 1023 philologus,

239 1048 369 1130 denique
392 1067 557 1112 remonon
580 1049 735 1112 literarum
757 1068 863 1111 amans
888 1049 1048 1124 doceatur,
1080 1046 1191 1129 aliique
1213 1048 1371 1128 proposita
1392 1048 1485 1129 prisci
1507 1048 1599 1112 moris
1661 1086 1666 1097 .

240 1162 275 1216 at
297 1154 524 1219 consuetudinis
554 1154 685 1236 imagine
713 1155 911 1218 delectentur.
955 1155 1043 1218 Hauc
1070 1171 1142 1218 vero
1175 1152 1362 1235 ingeniorum
1389 1155 1599 1219 diversitatem

240 1260 417 1341 'spectantes
440 1261 676 1343 colligendorum
698 1260 824 1342 Kepleri
846 1262 989 1325 librorum
1011 1259 1161 1336 rationem
1183 1242 1414 1341 disposuimus.'

328 1369 454 1449 Kepleri
477 1368 592 1451 scripta
614 1374 821 1443 conmutata,
845 1368 1092 1450 quemadmodum
1112 1368 1176 1447 ipse
1196 1366 1277 1449 typis
1296 1368 1491 1448 exprimenda
1508 1388 1599 1431 cura·
1680 1423 1682 1426 a

238 1472 295 1549 vit,
314 1483 497 1556 repetentur,
519 1483 661 1552 servato,
681 1494 739 1557 quo
754 1475 836 1538 edita
850 1481 930 1546 suut,
951 1482 1117 1555 tcmpomm
1134 1473 1248 1550 ordine,
1264 1474 1322 1536 nisi
1337 1475 1415 1555 quod
1430 1476 1600 1556 argumenti

236 1577 405 1644 similitudo
428 1582 571 1645 nonnulla
593 1582 693 1645 suasit
714 1582 869 1645 mutanda.
924 1580 1136 1644 Praefatioues
1161 1580 1287 1661 singulis
1308 1580 1392 1644 libris
1411 1581 1598 1662 praemissae

238 1686 346 1772 paucis
367 1689 502 1752 referunt
524 1687 755 1770 uniuscujusque
779 1688 847 1751 libri
871 1696 1090 1768 argumentum,
1126 1694 1158 1750 et
1180 1687 1288 1771 quibus
1308 1689 1345 1751 de
1365 1687 1465 1750 causis
1483 1706 1599 1769 quoque

242 1793 385 1872 consilio,
419 1802 563 1878 quantum
596 1814 635 1859 ex
657 1793 778 1857 auxiliis
801 1794 831 1856 in
854 1803 973 1874 promtu
996 1794 1184 1875 positisssaut
1206 1813 1245 1857 ex
1268 1793 1344 1858 libro
1367 1794 1434 1875 ipso
1457 1793 1599 1874 cognosci

213 1908 357 1982 potest,
382 1901 459 1966 liber
482 1902 523 1966 sit
546 1899 748 1982 conscriptus,
773 1908 927 1964 euamant.
952 1932 994 1944 -
1017 1899 1069 1962 Ad
1095 1899 1172 1964 haec
1198 1900 1384 1963 enucleanda
1406 1920 1474 1965 cum
1497 1901 1599 1980 magni

240 2009 385 2071 momenti
404 2009 465 2072 siut
484 2009 606 2084 multae,
626 2026 702 2089 quae
722 2007 819 2070 adhuc
839 2015 961 2082 extant,-
976 2002 1101 2087 Kepleri
1120 2005 1278 2087 epistolae,
1303 2007 1359 2069 bas
1378 2025 1437 2068 uon
1459 2006 1602 2069 continuo

241 2115 329 2190 serie,
350 2116 429 2196 quod
446 2116 476 2177 in
497 2115 565 2178 aliis
584 2114 755 2195 hujusmodi
770 2113 997 2177 collectionibus
1012 2114 1125 2177 factum
1140 2122 1197 2188 est,
1220 2113 1438 2194 proponendas,
1461 2113 1524 2188 sed,
1544 2130 1598 2193 pro

242 2238 297 2282 suo
312 2221 453 2302 cujusque
468 2229 655 2301 argumento,
676 2220 770 2297 libris,
791 2239 866 2301 quos
880 2226 1030 2301 spectant,
1050 2220 1287 2300 praemittendas
1297 2218 1510 2300 judicavimus.
1539 2217 1600 2280 Pro

243 2327 412 2405 argumenti
434 2326 528 2407 igitur
550 2327 727 2389 diversitate
752 2326 896 2389 diremtae
914 2332 985 2388 sunt
1003 2326 1150 2405 ejusmodi
1172 2326 1329 2407 epistolae,
1353 2325 1398 2388 ita
1420 2331 1532 2394 tamen,
1557 2331 1599 2398 ut,

242 2432 293 2514 qui
315 2432 467 2514 epistolas·
482 2434 583 2514 legere
606 2433 756 2495 voluerint
777 2432 946 2506 continuas,
965 2440 1079 2495 certum
1104 2435 1143 2495 ad
1167 2434 1198 2496 id
1217 2435 1321 2496 ducem
1341 2442 1399 2496 nou
1418 2431 1600 2494 desiderent.

328 2540 553 2603 Anuotationea
577 2540 703 2603 editoris
726 2548 758 2602 et
779 2538 985 2620 praefationes
1009 2538 1230 2621 latiualiugua
1252 2539 1446 2619 adjicientur,
1478 2556 1543 2599 cum
1568 2542 1600 2598 et

240 2644 393 2728 Keplems
422 2645 452 2708 in
476 2646 562 2709 libris
585 2655 618 2709 et
641 2646 779 2728 epistolis
802 2646 860 2707 hac
882 2643 985 2725 lingua
1008 2664 1081 2707 usus
1105 2644 1164 2721 sit,
1193 2654 1225 2707 et
1254 2643 1354 2708 editor
1376 2664 1461 2726 spem
1485 2644 1598 2718 foveat,

223 2751 304 2845 flore
328 2758 434 2816 utres
457 2752 496 2814 ab
519 2753 585 2833 ipso
608 2762 752 2834 suscepta
774 2771 833 2815 uon
857 2752 945 2814 modo
969 2749 1152 2827 Germanis,
1185 2751 1241 2815 sed
1272 2751 1366 2813 etiam
1388 2749 1501 2817 exteris
1523 2768 1597 2830 pro·

239 2856 336 2920 betur.
368 2857 609 2922 Anuotationum
628 2868 729 2931 autem
748 2858 827 2922 aliae
851 2877 950 2922 rerum
973 2865 1197 2940 temporumque
1221 2865 1254 2921 et
1276 2858 1429 2920 literarum
1454 2854 1600 2919 rationem

241 2964 410 3042 habebunt,
440 2966 519 3027 aliae
542 2967 637 3028 verba
660 2974 693 3029 et
713 2966 860 3028 dictiones
889 2963 1123 3028 mathematicas
1150 2972 1184 3027 et
1206 2964 1426 3027 astronomicas
1449 2962 1599 3041 interpre-

242 3069 398 3147 tabuutur,
424 3090 499 3154 quae
522 3082 576 3136 aut
598 3072 723 3153 Kepleri
746 3079 849 3135 aetate
873 3072 1023 3134 diversam
1047 3071 1086 3135 ab
1109 3091 1165 3149 ea,
1188 3089 1265 3153 quae
1287 3090 1365 3135 nunc
1388 3078 1449 3145 est,
1474 3068 1600 3131 formam

243 3177 425 3255 retulerunt,
450 3186 522 3255 aut,
554 3185 590 3240 ut
611 3177 684 3242 viria
707 3177 737 3241 iu
760 3178 816 3242 boc
839 3197 949 3259 genere
972 3178 1103 3242 versatis
1126 3177 1157 3243 in
1179 3174 1236 3241 usu
1259 3184 1348 3253 sunt,
1380 3178 1426 3242 ita
1457 3175 1496 3238 ab
1520 3174 1597 3250 aliis,

241 3280 300 3345 uisi
324 3284 380 3345 tali
403 3284 661 3365 interpretatione,
686 3284 815 3365 intelligi
837 3304 896 3347 uon
919 3292 1056 3366 possunt.

330 3388 488 3471 Epistolas
511 3390 636 3473 Kepleri
658 3393 930 3475 responsionesque
960 3390 1123 3455 amicorum
1151 3407 1211 3454 nou
1234 3389 1272 3453 ob
1295 3407 1363 3453 eam
1385 3405 1490 3464 uuam,
1523 3405 1599 3468 quoe

243 3492 331 3558 modo
346 3497 428 3560 dicta
442 3507 501 3575 est,
516 3490 640 3562 causam
655 3504 794 3580 exparte
808 3499 954 3579 integras,
970 3517 1008 3561 ex
1021 3496 1131 3578 majori
1144 3515 1216 3560 vero
1230 3503 1318 3579 parte
1335 3512 1409 3576 „pro
1424 3512 1478 3556 suo
1493 3493 1597 3572 cujus-

243 3619 300 3683 que
321 3602 519 3684 arguiueuto“
539 3604 728 3683 membratim
748 3605 902 3669 addendas
921 3604 1101 3680 censuimus,
1124 3604 1179 3667 sed
1192 3603 1256 3684 ejus
1273 3601 1318 3667 rei
1336 3601 1469 3682 potiores
1488 3619 1599 3664 causae
1703 3603 1707 3612 '

244 3708 374 3785 fuerunt,
397 3711 503 3788 altera,
529 3711 608 3792 quod
626 3712 698 3775 illae
712 3712 863 3793 longiores
878 3720 949 3776 sunt
967 3712 1086 3787 (insunt
1103 3709 1239 3774 collectis
1254 3709 1460 3790 Stuttgartiae
1479 3716 1511 3770 et
1524 3707 1600 3770 Pul·

245 3832 338 3878 covae
361 3816 499 3899 epistolis
532 3818 698 3900 quaedam,
731 3838 808 3900 quae
840 3825 1019 3881 excrescunt
1046 3818 1085 3880 ad
1113 3817 1241 3899 paginas
1264 3812 1308 3881 40
1331 3824 1365 3885 et
1385 3816 1453 3898 plus
1477 3814 1600 3877 minutis

243 3921 340 3985 literis
362 3924 519 4004 scriptas),
544 3924 650 4000 altera,
676 3927 754 4005 quod
778 3925 946 4009 disputavit
968 3924 998 3987 in
1021 3924 1082 3987 illis
1104 3925 1254 4005 Keplerus
1277 3924 1315 3986 de
1339 3920 1428 3986 rebus
1452 3918 1598 3983 diversis-

244 4027 338 4100 simis,
363 4048 422 4093 uou
444 4031 588 4095 continua
610 4032 746 4095 oratioue
770 4032 937 4115 conjunctis
961 4033 1003 4105 (e.
1027 4049 1058 4112 g.
1081 4030 1112 4094 in
1135 4029 1233 4094 literis
1256 4028 1295 4092 ad
1317 4026 1466 4090 Davidem
1489 4024 1598 4088 Fabri-
1672 4112 1679 4122 ,

244 4135 322 4197 cium
345 4135 375 4199 d.
406 4134 452 4200 ll.
478 4136 547 4202 Oct.
576 4133 670 4204 1605.
700 4140 781 4231 datis
804 4139 843 4201 ad
866 4138 998 4202 Fabricii
1028 4138 1222 4220 quaestiones
1243 4136 1409 4217 respondet
1436 4132 1596 4213 Keplerns,

243 4243 468 4323 responsionem
496 4245 632 4309 dividens
654 4246 685 4310 io
708 4246 918 4327 paragraphus
940 4264 1061 4308 numero
1086 4240 1154 4335 74).
1188 4241 1275 4315 Quae
1299 4260 1388 4324 quum
1409 4238 1530 4319 integra
1548 4238 1598 4300 vix

246 4346 402 4429 quisquam
421 4351 552 4414 lecturus
571 4353 690 4427 fuisset,
714 4372 879 4434 speramus,
902 4371 950 4429 ea,
973 4370 1050 4434 quae
1073 4352 1159 4415 nobis
1182 4348 1306 4432 placuit,
1334 4346 1452 4411 ratione
1471 4346 1546 4423 lore,
1565 4351 1600 4408 ut

244 4452 406 4518 incitentur
424 4458 562 4535 lectores,
587 4466 621 4521 ut
642 4459 765 4542 pmpius
788 4459 952 4542 inspiciant
971 4478 1016 4536 ea,
1047 4477 1123 4542 quae
1142 4457 1292 4537 Keplerus
1315 4453 1378 4535 egit
1396 4472 1463 4516 cum
1481 4448 1598 4515 amicis.

244 4561 393 4642 Keplerus
417 4564 537 4645 quidem
558 4564 624 4646 ipse
646 4567 725 4630 viam
743 4566 885 4648 praeivit,
910 4565 960 4648 qui
978 4567 1009 4629 in
1027 4565 1103 4629 libro
1122 4561 1342 4643 chronologico,
1368 4559 1418 4643 qui
1436 4557 1599 4639 inscriptus

175 4678 179 4681 “
247 4674 295 4729 est
318 4668 474 4751 „Eclogae
497 4670 695 4750 Chronicac“,
723 4693 761 4736 ea
783 4691 860 4754 quae
882 4671 980 4736 literis
1004 4671 1044 4734 ad
1075 4671 1211 4735 diversos
1239 4670 1321 4732 datis
1350 4668 1525 4747 illorumque
1548 4683 1599 4729 re-

146 4863 147 4867 *
246 4774 456 4854 sponsionibus
482 4778 603 4843 inerant
629 4780 842 4861 chronologica
864 4779 1051 4862 excerpserit
1072 4784 1106 4842 et
1127 4778 1208 4862 typis
1232 4775 1427 4860 exprimenda
1449 4769 1601 4837 curaverit
1700 4848 1710 4855 ,

246 4879 343 4959 forma
365 4880 561 4966 dialogorum.
