3609 5634
339 350 379 417 ra
706 436 713 453 ι
919 347 1080 402 rm

337 522 382 576 tor
405 509 606 575 astronomiae
629 510 852 592 Goperuicauae
875 509 1020 572 scientiae
1042 509 1182 592 inopiam.
1228 508 1345 571 Licebit
1366 507 1420 570 tibi
1452 508 1569 579 limare,
1613 521 1705 565 mn-

267 648 270 653 ·
336 614 410 677 tare,
435 601 550 674 tollere,
574 620 706 672 censere,
729 600 897 661 admonere.
943 599 1065 669 Nullam
1087 599 1206 661 literam
1229 597 1358 661 scribere
1382 595 1608 677 quoquomodo
1628 608 1706 672 po-

336 692 429 766 teris,
462 709 537 770 quae
566 688 638 752 milri
660 709 717 751 nou
741 689 841 750 futura
862 687 904 750 eit
925 689 1108 766 gradssima.
1154 686 1249 751 Orare
1272 696 1302 750 te
1325 686 1523 761 institissem,
1555 684 1581 746 si
1608 678 1704 744 mihi

336 800 394 843 uon
418 788 502 843 esset
522 785 676 858 comperta
697 786 750 841 tua
776 777 824 839 hic
851 778 1042 856 promtitudo.
1089 777 1165 840 lllud
1197 776 1305 839 saltem
1332 774 1387 837 tibi
1414 776 1480 838 loco
1505 773 1704 837 luculentae

336 868 500 951 rogationis
524 887 590 930 ease
613 867 738 946 poterit,
769 866 847 946 quod
875 884 943 928 uror
969 867 1088 946 penitus
1117 866 1266 929 desiderio
1288 874 1405 928 tuarum
1428 866 1600 935 literarum,
1638 854 1703 939 qui

336 968 398 1021 tam
421 958 471 1020 din
491 956 555 1036 jam
578 956 659 1018 silea.
706 955 788 1018 Male
810 954 853 1017 sit
875 955 1043 1030 tabellario,
1067 955 1093 1017 si
1116 957 1181 1035 ipse
1203 956 1232 1018 iu
1256 974 1349 1020 causa
1371 961 1428 1017 est.
1465 953 1567 1033 Atque
1590 949 1702 1021 adem

335 1049 404 1129 qnia
427 1045 589 1109 familiares
612 1045 671 1108 mei
694 1063 796 1106 omnes
819 1043 848 1105 iu
871 1043 973 1124 patrii
994 1046 1129 1119 aberunt,
1154 1044 1204 1107 ubi
1226 1043 1401 1107 adolescens
1424 1045 1482 1106 iste
1497 1041 1605 1105 advos
1625 1056 1700 1118 ap-

336 1136 462 1218 pulerit,
495 1134 633 1196 omittere
655 1152 715 1196 non
736 1152 869 1214 possum,
894 1132 963 1212 quin
986 1135 1034 1196 vel
1058 1154 1095 1197 ex
1116 1135 1156 1197 D.
1180 1141 1372 1215 praeceptore
1394 1152 1510 1214 rogem,
1542 1131 1699 1193 advene·

335 1227 412 1288 ritne
436 1225 542 1287 advos
557 1223 607 1285 ille
622 1220 842 1302 Saetliugensis
864 1223 997 1299 nuncius,
1021 1223 1216 1286 wandelinus
1238 1224 1365 1298 nomine,
1389 1222 1438 1303 qui
1460 1218 1580 1285 8-18.
1603 1215 1699 1282 Julii

336 1315 404 1377 hinc
426 1312 510 1385 abiit,
534 1330 600 1373 cum
623 1311 765 1374 mediocri
786 1329 902 1374 summa
925 1313 997 1388 auri,
1022 1313 1099 1395 qnod
1122 1331 1187 1375 meo
1210 1313 1326 1375 nomine
1340 1310 1547 1374 Stoccardiam
1565 1310 1697 1391 depor-

334 1412 400 1466 tare
424 1400 534 1465 debuit
579 1399 685 1481 Anger
708 1401 745 1463 de
768 1400 831 1480 ejus
854 1398 921 1463 fide.
969 1402 1069 1465 Velim
1100 1409 1201 1465 antem
1228 1420 1363 1475 rursum,
1395 1409 1430 1464 nt
1452 1399 1517 1481 jam
1539 1398 1586 1462 bis
1611 1395 1697 1466 feci,
1769 1448 1771 1455 ,

335 1493 378 1554 tui
396 1490 502 1573 judicii
526 1489 563 1550 do
586 1488 633 1551 bis
655 1490 744 1552 rebus
767 1489 898 1573 aliquam
921 1492 1030 1554 saltem
1054 1490 1283 1554 delineationem
1305 1508 1436 1553 cernere.
1481 1490 1574 1571 quue
1598 1487 1693 1557 ideo,

334 1582 404 1662 qnia
425 1577 619 1661 pulcherrime
642 1578 788 1657 placuerit
810 1578 1002 1657 magistratui
1023 1600 1104 1656 meo,
1136 1580 1190 1643 sub
1219 1579 1349 1661 ipsorum
1371 1579 1488 1642 nomine
1511 1579 1573 1641 tale
1596 1575 1694 1659 quid,

334 1671 411 1733 tanti
434 1666 611 1750 praesertim
632 1668 790 1742 momenti,
815 1669 918 1748 quanti
941 1688 997 1751 ego
1020 1689 1137 1745 censeo,
1162 1670 1260 1733 edere.
1308 1669 1351 1731 At
1372 1669 1437 1731 siue
1459 1676 1511 1731 tuo
1534 1666 1693 1731 testimo·

336 1760 383 1821 nio
406 1777 461 1821 nec
483 1756 541 1837 ipsi
563 1755 750 1818 nobilitatem
772 1754 945 1838 intelligent
968 1760 1129 1830 materiae,
1153 1779 1207 1821 nce
1231 1759 1301 1822 mihi
1324 1759 1492 1822 consultum
1514 1758 1545 1820 iu
1567 1757 1692 1819 docto-

335 1867 397 1911 rum
421 1855 574 1928 aspectum
596 1845 724 1926 prodire.
770 1846 816 1908 De
838 1844 1001 1924 Mercurio,
1031 1850 1099 1930 qnia
1122 1849 1190 1912 novi
1214 1848 1283 1929 quid
1301 1849 1390 1911 ¹uides
1412 1848 1444 1911 iu
1468 1846 1692 1911 ecoentrioita·

558 1966 605 2015 ne.
619 1965 640 2007 a
774 1982 778 1987 ι
865 1946 928 2001 tem
958 1940 1121 2014 intrusum,
1159 1939 1203 2003 sic
1234 1940 1337 2021 accipe
1369 1938 1506 2019 amplius.
1556 1932 1691 2003 ASol,

341 2033 774 2126 BWJJ-m„
782 2075 808 2123 A
867 2026 924 2090 AB
948 2028 1094 2091 distantia
1116 2048 1153 2091 ox
1174 2038 1228 2092 tna
1249 2029 1355 2091 tabula
1376 2046 1418 2091 sc.
1434 2023 1488 2092 29‘
1505 2023 1579 2089 24⁰.
1619 2020 1691 2087 AC

390 2157 803 2236 5W„A
868 2117 1014 2180 distantia
1036 2136 1074 2179 ex
1095 2118 1228 2181 ocaedri
1250 2118 1396 2200 quadrato
1418 2116 1569 2191 desumto,
1593 2113 1690 2176 scili·

301 2230 305 2239 ¹
869 2214 919 2268 eet
932 2201 985 2269 28¹
994 2202 1068 2271 461¹.
1092 2207 1148 2269 BD
1162 2214 1230 2269 tota
1238 2207 1392 2270 crassities
1406 2203 1689 2269 orbiaMercmialis
1799 2213 1800 2282 l

335 2319 378 2361 se.
398 2295 449 2359 ll‘
463 2294 538 2360 221‘.
560 2296 642 2378 Ergo
657 2297 683 2358 si
698 2295 755 2359 AB
770 2296 824 2358 dat
836 2296 907 2357 BD:
927 2294 984 2359 AO
995 2296 1079 2359 dabit
1092 2295 1146 2360 OE
1164 2296 1214 2360 11¹
1225 2296 1277 2359 71‘.
1302 2297 1457 2359 Hactenus
1471 2296 1586 2369 eadem,
1602 2310 1688 2375 quae
1799 2286 1800 2293 '

335 2388 365 2449 iu
389 2387 457 2448 aliis
480 2386 622 2466 planetis.
649 2385 718 2447 Jam
737 2386 793 2449 AF
806 2384 952 2447 distantia
961 2405 998 2447 ex
1011 2386 1075 2466 ipso
1088 2386 1229 2449 octaedro
1239 2388 1378 2449 desumta
1387 2405 1430 2447 ac.
1441 2382 1495 2449 23‘
1505 2381 1580 2450 29⁴¹.
1610 2383 1687 2445 Non

336 2484 435 2539 autern
458 2483 507 2537 est
528 2474 707 2551 verisimile,
735 2474 815 2538 orbis
838 2473 1028 2538 Mercurialis
1056 2476 1168 2539 nullam
1191 2496 1258 2538 ease
1281 2474 1465 2538 crassitiem:
1497 2480 1532 2537 ut
1556 2473 1600 2535 sie
1623 2471 1688 2534 AF
1799 2485 1800 2490 ’

335 2573 419 2628 esset
442 2563 588 2627 distantia
610 2564 717 2625 media.
761 2562 841 2625 Nam
863 2561 916 2625 FC
940 2583 997 2626 uon
1021 2572 1069 2627 est
1091 2565 1212 2627 dimidia
1233 2565 1389 2628 crassitiee
1412 2562 1492 2626 orbis
1510 2561 1685 2625 Mercuria-

337 2655 383 2727 lis,
406 2672 473 2716 eum
492 2654 554 2734 jam
578 2653 688 2714 dietum
711 2650 762 2727 sit,
787 2651 925 2731 quicquid
947 2655 988 2716 sit
1010 2671 1100 2734 snpra
1113 2656 1139 2717 F
1153 2672 1256 2716 versus
1270 2653 1306 2727 (l,
1329 2654 1360 2716 id
1382 2654 1421 2715 ab
1440 2652 1582 2715 octaedro
1597 2649 1683 2725 elidi,

336 2762 390 2805 uec
411 2742 496 2804 ullibi
521 2742 615 2805 locum
637 2740 789 2813 iuvenire,
821 2739 878 2804 uisi
906 2742 935 2804 in
963 2743 1029 2823 ipae
1057 2744 1202 2824 quadrato
1230 2762 1319 2823 super
1344 2742 1472 2805 medium
1505 2740 1682 2803 oetabdurm

337 2839 519 2896 nauseante.
565 2830 667 2903 Quare
689 2838 724 2892 ut
745 2837 900 2893 constaret
922 2832 985 2895 orbi
1009 2834 1063 2893 s'ua
1086 2832 1254 2905 crassities,
1277 2832 1372 2895 demsi
1396 2831 1434 2893 ab
1455 2830 1483 2892 Ε
1507 2848 1624 2892 versum
1649 2826 1680 2890 G

336 2929 461 2995 tautum,
485 2928 627 3002 qnantum
650 2927 698 2981 est
720 2940 740 2980 a
762 2916 788 2981 0
812 2936 931 2981 versum
951 2922 985 2983 F.
1030 2920 1196 2984 Residuum
1218 2920 1275 2984 FG
1297 2929 1346 2983 est
1368 2918 1443 2996 33¹¹,
1467 2919 1620 2981 dimidium
1637 2918 1680 2993 H,

335 3030 379 3073 sc.
403 3009 492 3071 modo
515 3014 649 3072 correcto
672 3007 773 3071 media
795 3006 950 3083 distantia,
973 3011 999 3072 F
1020 3010 1113 3090 igitur
1133 3030 1256 3086 summa,
1281 3018 1423 3092 quantam
1445 3010 1560 3090 patitur
1581 3009 1681 3087 ipsum

336 3098 469 3161 eomedri
492 3117 618 3179 corpus,
642 3095 667 3160 Ο
692 3115 822 3170 summa,
847 3106 988 3179 quautam
1010 3100 1124 3178 patitur
1147 3100 1333 3181 quadratum.
1378 3099 1479 3169 naseu.
1493 3098 1582 3178 igitur
1603 3097 1682 3158 haec

494 3209 590 3267 ι.ῃ,.
606 3209 628 3251 u
841 3188 937 3250 forma
959 3188 1039 3249 orbis
1061 3187 1258 3251 Mercurialis.
1304 3188 1377 3263 AB,
1401 3186 1458 3252 Ac
1480 3186 1714 3268 perpendito,
1799 3202 1800 3219 ¹

570 3265 598 3312 ¹
839 3277 918 3338 lares
950 3276 979 3339 in
1012 3276 1134 3340 basibus
1162 3277 1312 3351 octaedri,
1344 3297 1420 3359 quae
1453 3276 1567 3339 faciunt
1596 3276 1626 3338 in
1648 3275 1680 3337 A

840 3364 906 3438 (ubi
928 3384 1017 3427 uuum
1039 3367 1117 3428 latus
1140 3367 1290 3440 bisecaut)
1313 3368 1451 3448 angulum
1473 3367 1563 3447 paulo
1579 3364 1680 3443 majo·

840 3473 901 3516 rem
925 3461 1018 3517 recto
1063 3455 1158 3534 Igitur
1185 3457 1281 3519 miuus
1312 3456 1486 3539 epieyelium
1518 3454 1592 3531 ΟΕ,
1624 3453 1681 3515 DF

841 3542 917 3605 lecit
939 3543 1107 3606 crassitiem
1129 3548 1160 3622 Q,
1184 3565 1242 3627 quo
1265 3548 1287 3623 ζὶ
1309 3545 1347 3608 ad
1361 3553 1479 3608 tautam
1492 3544 1680 3607 altitudinem

839 3631 985 3705 euehitur,
1009 3642 1151 3714 quautam
1174 3636 1336 3703 admittant
1358 3633 1397 3710 G,
1420 3635 1461 3710 H,
1484 3641 1588 3697 centra
1609 3633 1678 3712 pla-

749 3791 750 3795 Ἰ
802 3726 825 3774 ff
837 3739 940 3783 norum
981 3722 1227 3786 ocoedricorum.
1286 3724 1332 3788 ΑΙ
1364 3724 1492 3788 altitudo
1528 3721 1677 3804 quadrati.

823 3808 907 3884 ΟΛ,
930 3810 990 3873 DK
1012 3811 1090 3874 radii
1112 3813 1234 3893 majoris
1258 3814 1408 3894 epioyclii,
1431 3810 1491 3893 pcr
1508 3813 1586 3892 quod
1607 3811 1677 3892 pla·

838 3906 910 3962 neta
931 3901 969 3962 ad
991 3899 1023 3962 A
1044 3920 1137 3982 nsque
1161 3902 1305 3965 ascendit.
1335 3899 1407 3964 1110
1422 3909 1470 3964 est
1488 3901 1516 3963 iu
1531 3918 1677 3982 apogaeo,

837 3987 886 4050 vel
909 3987 1037 4068 ἀφηλιῳ,
1064 3991 1094 4052 in
1116 3991 1145 4053 D
1171 3991 1201 4052 in
1228 3993 1361 4070 repulsu
1388 3998 1521 4053 centrum
1552 3987 1676 4072 epioycli

837 4079 970 4159 majoris.
1016 4079 1053 4151 L,
1075 4080 1109 4142 M
1131 4079 1200 4160 poli.
1243 4078 1420 4142 LGOHMF
1446 4080 1527 4142 orbiu
1550 4080 1676 4160 integer.

837 4166 997 4250 Epieyclus
1021 4169 1115 4249 major
1136 4170 1227 4247 igitur
1249 4170 1367 4231 eminet.

421 4252 468 4313 De
491 4249 677 4330 digressione
702 4253 793 4316 etiam
815 4255 944 4318 Veneris
967 4264 999 4319 et
1019 4257 1160 4320 Mercurii
1183 4258 1327 4333 maxima,
1359 4257 1446 4319 velim
1473 4257 1576 4331 scire„
1601 4274 1676 4337 quae

335 4360 427 4404 causa
448 4340 491 4403 sit
511 4339 798 4408 diversitatisdnter
819 4351 901 4406 tuam
913 4346 1049 4408 tabulam
1062 4353 1094 4407 et
1107 4346 1385 4415 iuterPruteuicas.
1409 4347 1458 4409 An
1470 4365 1540 4408 vero
1555 4345 1674 4407 distan-

336 4431 380 4492 tia
401 4430 432 4492 in
455 4429 537 4491 ainus
559 4446 703 4492 conversa
726 4431 816 4510 (quae
839 4442 888 4496 eet
910 4431 963 4498 29‘
987 4431 1066 4508 W)
1091 4454 1148 4498 non
1172 4436 1294 4499 exhibet
1314 4435 1387 4497 mihi
1410 4455 1510 4498 arcum
1533 4434 1675 4515 longissi-

337 4538 403 4580 mae
425 4515 620 4599 digressionis
643 4539 663 4581 a
685 4520 782 4582 medio
804 4521 870 4584 loco
895 4522 996 4586 Solis?
1040 4524 1108 4587 Nisi
1136 4531 1169 4587 tu
1191 4525 1264 4588 milri
1287 4523 1411 4597 dixeris,
1442 4543 1590 4604 nunquam
1619 4542 1675 4604 ego

93 4622 96 4629 “
206 4604 213 4613 ’
337 4608 476 4670 didicero.
521 4606 571 4668 An
595 4625 650 4687 ego
673 4609 750 4672 sorte
773 4629 838 4673 erro
861 4610 891 4674 in
915 4614 1157 4693 computatione?
1171 4611 1307 4685 'Quanta
1328 4613 1418 4693 igitur
1440 4622 1489 4675 est
1510 4614 1541 4675 iu
1565 4613 1673 4674 Prete-

212 4766 213 4771 ἵ
337 4695 434 4758 nicia?
465 4693 620 4767 Quomodo
643 4699 810 4779 capienda?
842 4697 966 4771 Quanta
982 4703 1012 4763 in
1036 4702 1166 4766 maxima
1188 4703 1372 4781 digressione
1394 4702 1545 4767 anomalia
1567 4720 1674 4764 eccen-

337 4784 401 4848 tri?
437 4781 560 4855 Quanta
581 4787 838 4851 commutationis?
874 4790 919 4852 Tu
948 4791 1023 4854 haec
1044 4791 1116 4854 milri
1138 4791 1234 4854 tribus
1256 4790 1356 4853 verbis
1379 4791 1518 4871 expedire
1540 4789 1672 4871 potoris:

338 4892 393 4942 neo
415 4874 445 4939 iu
468 4872 615 4955 ingratum
638 4875 811 4941 beneficium
833 4879 980 4948 conferes.
1016 4880 1082 4967 Ego
1097 4882 1141 4951 sic
1154 4899 1273 4966 censeo,
1292 4880 1323 4945 iu
1337 4879 1537 4973 superioribus
1550 4879 1673 4964 prosth-
