3609 5634
457 1439 510 1514 IN
538 1438 843 1516 MYSTERJUM
870 1436 1349 1513 COSMOGRAPHICUM

716 1598 860 1661 norae
883 1595 1094 1665 ourionis.

299 1911 325 1976 1)
343 1930 367 1980 p.
388 1910 412 1962 3.
448 1913 517 1964 Inter
540 1914 705 1966 Maestlini
728 1915 898 1979 manuscripts
920 1914 1078 1965 nativitatem
1102 1913 1232 1977 cujusdam
1257 1914 1362 1964 ioannis
1380 1911 1475 1963 alberti
1497 1911 1584 1974 depre-
1628 1951 1632 1955 .

224 1986 368 2043 bandinius,
395 1988 466 2048 cujus
485 1986 548 2036 calci
565 1988 689 2052 inscripsit
706 1986 853 2036 Maestlinus
876 1986 940 2035 haec
957 1986 1047 2035 verba:
1073 1984 1247 2049 astrologicam
1268 1985 1403 2048 judicium.
1429 1982 1494 2048 quod
1513 1997 1529 2032 a
1545 1997 1586 2031 ms

222 2059 303 2121 petis,
323 2070 369 2123 ego
387 2058 494 2125 scribere
513 2073 563 2108 nou
580 2074 693 2123 possum,
718 2072 765 2108 neo
783 2057 843 2107 seio.
881 2057 1026 2120 arnologus
1044 2072 1069 2106 u.
1089 2072 1138 2107 non
1158 2072 1225 2114 sonr,
1250 2057 1315 2121 quod
1333 2064 1360 2105 et
1377 2055 1474 2119 publice
1493 2060 1519 2103 ct
1535 2054 1585 2116 pri·

225 2129 303 2178 ratim
320 2142 396 2191 saepe
414 2134 565 2193 protestatus
583 2144 645 2179 sum
682 2127 727 2178 Ich
744 2128 794 2178 hab
812 2127 877 2178 mich
901 2128 944 2177 der
962 2128 1115 2193 astrologis,
1141 2142 1216 2192 quam
1240 2134 1325 2179 nmen
1350 2134 1418 2178 recte
1441 2130 1587 2188 usurpatam

224 2200 309 2265 magui
328 2198 406 2256 isoio,
425 2200 517 2250 meruel
534 2200 636 2252 konnen
653 2200 833 2265 underiangen.

296 2338 324 2401 2)
342 2356 366 2405 p.
387 2337 411 2389 6.
449 2338 476 2389 Si
499 2342 553 2405 quis
574 2341 713 2391 uberiorem
735 2340 809 2404 hujus
827 2341 862 2389 rai
881 2340 1116 2391 demonstrationem
1141 2340 1279 2398 desideret,
1303 2354 1360 2390 eum
1384 2338 1527 2404 ablegamus
1552 2335 1586 2388 ad

225 2426 286 2475 opus
313 2411 343 2461 G.
363 2410 568 2477 selegerit,
593 2414 754 2476 inscriptum:
791 2411 912 2461 Mathoni.
931 2411 1108 2469 Wirterbuoh.
1135 2425 1183 2462 neo
1205 2426 1255 2462 non
1278 2411 1311 2463 ad
1330 2409 1490 2462 Delsmbri
1507 2408 1584 2460 histe-

112 2520 113 2527 1
224 2484 287 2534 nam
306 2484 472 2533 astronomiae
490 2485 634 2533 recentioris
653 2483 712 2546 Vol„
729 2482 749 2533 L
769 2499 794 2547 p.
814 2479 866 2531 321
884 2498 920 2548 sq.

295 2620 324 2684 3)
342 2638 367 2688 p.
389 2621 429 2672 16.
468 2624 586 2684 Cometa,
612 2641 686 2690 quem
703 2626 800 2675 indicat
817 2624 956 2688 Koplorns,
976 2632 1124 2689 conspectus
1142 2631 1181 2674 ost
1200 2638 1265 2673 anno
1287 2620 1371 2679 157⁷.
1395 2622 1460 2671 idem
1478 2620 1533 2678 ille,
1553 2620 1585 2671 ds
1690 2674 1698 2685 ,

224 2709 272 2759 quo
291 2693 394 2758 Tycho
412 2686 514 2745 Brshe
532 2695 619 2746 librum
638 2698 706 2747 illum
725 2712 796 2746 suum
815 2696 939 2746 celebrem
957 2699 1116 2761 conscripsit:
1135 2694 1176 2746 De
1187 2696 1274 2745 mundi
1286 2694 1397 2749 aetherei
1409 2692 1586 2743 recentioribus

224 2765 402 2830 phoenomenis
421 2766 483 2817 liber
500 2766 633 2817 secundus.
669 2769 739 2818 Inter
756 2783 857 2824 omnes„
869 2781 930 2832 quos
949 2767 1033 2829 Tyeho
1051 2769 1078 2818 ln
1095 2768 1143 2819 hoc
1162 2781 1235 2830 opere
1252 2772 1380 2823 recenset,
1399 2763 1586 2815 Maestliuo

225 2837 359 2887 maximam
372 2838 458 2887 tribuit
474 2837 582 2897 laudem,
603 2854 658 2888 cum
671 2841 702 2889 ob
716 2840 847 2904 diligentes
860 2839 1052 2896 observationes.
1072 2847 1126 2889 tum
1139 2839 1170 2888 ob
1188 2838 1350 2887 eruditionem
1369 2841 1395 2887 et
1413 2835 1586 2900 hypothesium

224 2908 431 2966 concinnitatem
452 2910 601 2968 „neminem
620 2912 665 2968 ait,
680 2911 745 2961 inter
760 2926 853 2967 omnes,
872 2925 974 2975 quorum
987 2911 1081 2975 scripta
1092 2910 1233 2973 inspexerit,
1253 2907 1372 2958 enrditlus
1385 2915 1412 2958 st
1424 2904 1585 2971 ingeniosius.

223 2980 348 3030 neminem
366 2981 443 3030 etiam
461 2982 647 3030 convenientius
666 2988 692 3031 et
709 2982 860 3045 probabilius
884 2981 916 3031 de
938 2980 987 3030 hoo
1010 2988 1109 3032 cometa
1131 2981 1280 3030 sententiam
1297 2978 1453 3043 protulisra“
1493 2975 1582 3026 Obser-

223 3051 336 3101 vationes
354 3064 413 3100 suas
432 3050 580 3101 Maestiinus
597 3053 623 3101 in
642 3052 729 3117 oppido
748 3052 889 3116 Bachnsng
912 3053 938 3102 in
962 3053 1055 3103 ducatu
1073 3051 1301 3115 wirtembergensi
1325 3050 1447 3106 institnit,
1472 3048 1514 3098 ubi
1532 3055 1586 3096 tum

223 3123 341 3185 temporis
357 3122 460 3185 parochi
477 3137 578 3172 munere
597 3123 746 3187 fungebatur
765 3121 843 3185 (anno
859 3120 927 3172 1586
941 3124 966 3173 1η
980 3124 1136 3175 academiam
1147 3121 1383 3187 Heidelbergensem
1396 3128 1500 3172 stanno
1515 3113 1583 3168 158⁴

224 3190 365 3259 Tubingam
377 3199 481 3242 vocatus
495 3199 541 3249 est,
560 3194 602 3242 uhi
614 3192 809 3244 mathematicae
822 3199 848 3243 et
861 3196 1027 3244 astronomiae
1046 3196 1173 3246 docendae
1192 3195 1288 3244 muneri
1306 3192 1412 3256 praefuit
1431 3191 1464 3242 ad
1481 3196 1586 3240 mortem

223 3278 316 3329 usqum
335 3269 410 3313 natus
428 3270 467 3313 est
483 3264 510 3312 in
529 3264 616 3327 oppido
635 3265 782 3330 Goeppinga
800 3279 866 3315 auno
889 3262 964 3321 ¹⁵50,
983 3274 1093 3317 mortuus
1112 3267 1136 3317 d
1160 3262 1198 3314 16.
1219 3263 1275 3316 Oct.
1297 3260 1375 3321 1631,
1394 3278 1488 3314 aunum
1507 3276 1585 3326 agens

224 3332 329 3395 61ηιη);
349 3334 534 3385 obssmtionos
551 3334 607 3384 illas
624 3334 716 3397 publici
730 3337 792 3398 juris
811 3336 871 3386 tecit
888 3337 1036 3399 inscriptas:
1068 3336 1213 3388 observatio
1232 3341 1259 3386 et
1276 3335 1453 3387 demonstratio
1472 3339 1586 3385 cometa

225 3406 350 3464 ιοίοοηοὶ,
377 3406 418 3470 qni
446 3406 518 3456 mnis
538 3403 571 3453 77
590 3411 617 3456 et
635 3403 669 3453 78
688 3408 836 3457 constitutus
862 3408 888 3457 in
911 3408 1019 3471 sphaera
1037 3408 1174 3465 „Veneris“
1200 3408 1330 3473 apparuit.
1355 3422 1413 3456 eum
1435 3404 1585 3457 mmsis

225 3480 278 3541 sins
296 3477 461 3543 pusionibus,
480 3478 601 3527 varietus
620 3491 654 3526 so.
674 3485 763 3535 metus,
782 3478 840 3528 loco
856 3476 902 3530 dte.
931 3478 994 3529 Tub.
1015 3478 1092 3530 1578.
1128 3480 1167 3530 Ex
1183 3478 1232 3530 hac
1250 3478 1409 3543 inscriptione
1428 3477 1518 3535 elnam,
1536 3489 1588 3541 qna

225 3562 252 3597 rs
268 3556 349 3600 motus
368 3547 492 3613 Keplsrus
513 3548 560 3606 „de
579 3547 684 3598 Cometa
700 3555 758 3599 tuo
776 3548 907 3600 Venereo“
928 3552 1059 3614 scripserit

296 3684 324 3749 1)
341 3704 365 3753 p.
387 3687 428 3738 11.
465 3689 697 3741 Hoheuielderi
715 3691 809 3741 nobiles
827 3692 953 3742 austriaci
972 3688 1029 3753 (filii
1046 3692 1129 3743 Aestii
1147 3690 1323 3757 Hohenielden'
1341 3693 1366 3741 in
1379 3688 1542 3741 Aistersheim
1560 3694 1586 3738 et

226 3757 343 3824 alnegk)
362 3766 415 3809 tnnr
432 3762 550 3825 temporis
568 3757 583 3810 3
601 3762 697 3820 trane,
717 3761 888 3828 wolfgangus,
908 3762 1055 3821 hadericus,
1075 3769 1101 3812 et
1112 3762 1222 3819 Marcus,
1242 3762 1372 3826 Tubingae
1389 3760 1466 3811 literis
1485 3772 1586 3824 operam

227 3827 333 3892 dabant,
353 3833 553 3896 praeceptoribus
565 3839 665 3883 utentes
677 3831 753 3883 Mich.
768 3834 943 3898 Zieglero‚
966 3834 1079 3897 physices
1095 3835 1240 3898 proterrere,
1263 3832 1356 3883 etVito
1369 3832 1511 3889 Miliare,
1529 3844 1585 3895 pro-

225 3899 434 3967 iessorslinguae
451 3903 546 3954 latinae
565 3910 591 3954 et
608 3918 725 3970 graecae.
755 3904 894 3956 Ludoricus
909 3906 936 3956 in
947 3904 1075 3955 Hanschio
1093 3907 1192 3969 saepius
1210 3906 1324 3959 occurrit.
1342 3906 1407 3954 inter
1424 3902 1522 3968 legatos
1540 3916 1585 3951 no·

225 3970 335 4020 minatur
344 3985 472 4035 procerum
485 3976 616 4033 insariam
636 3974 798 4040 Woligangns
813 3983 839 4026 et
851 3976 991 4026 Ludovious
1004 3989 1071 4026 anno
1085 3973 1153 4025 1592
1165 3976 1279 4040 praeside
1297 3974 1469 4025 Mssstlino
1488 3972 1586 4038 publice

225 4050 403 4117 proposuerunt
419 4051 469 4094 tres
487 4047 681 4110 disputationes:
694 4043 734 4108 Ι1)
753 4046 793 4097 De
813 4047 968 4104 climatibus.
985 4048 1105 4111 perioscis
1123 4045 1168 4097 6ο.
1206 4045 1235 4105 2)
1253 4046 1293 4097 De
1312 4047 1397 4096 diebus
1416 4043 1587 4096 artificialibus

226 4118 253 4163 st
269 4113 431 4164 naturalibus.
467 4112 495 4177 3)
514 4117 553 4168 De
572 4119 656 4175 renisi
675 4119 736 4169 itam
754 4133 820 4169 anno
835 4115 902 4168 reta
923 4119 986 4183 disp.
1000 4119 1032 4168 de
1044 4121 1137 4177 anima,
1156 4119 1270 4183 praeside
1288 4117 1434 4168 Lishlero
1451 4117 1512 4181 phll.
1530 4122 1583 4167 nat

225 4183 304 4247 prol.;
323 4190 349 4235 et
366 4185 427 4248 disp.
448 4187 568 4252 logicam:
587 4190 618 4240 ds
636 4189 854 4246 demonstratione,
872 4205 954 4253 praes.
975 4191 1005 4239 Δ.
1020 4189 1183 4247 Planero.
1202 4190 1267 4240 med.
1288 4195 1314 4240 et
1332 4188 1420 4253 philos.
1439 4187 1584 4251 professore.

226 4251 326 4305 Marem
343 4258 469 4319 proposuit
487 4271 511 4308 a
532 4257 600 4309 1536
622 4260 737 4325 praeside
754 4260 942 4311 Maestlino
965 4261 1026 4325 disp.
1052 4261 1083 4311 de
1102 4261 1251 4325 Eolipsibus‚
1276 4267 1302 4310 et
1324 4273 1405 4324 praes.
1425 4259 1586 4324 Zieglero

228 4324 289 4390 disp.
307 4325 437 4391 physicam
454 4328 486 4379 de
504 4329 577 4381 Visa.

297 4463 326 4527 5)
344 4482 368 4531 p.
390 4467 432 4517 11.
468 4468 707 4536 christophorus
725 4470 894 4530 Essemus,
920 4472 1022 4536 Keplen'
1045 4472 1126 4522 affinis
1152 4470 1219 4535 (ride
1237 4472 1322 4523 literas
1341 4471 1442 4523 Beseldi
1460 4473 1486 4521 iu
1504 4468 1586 4535 prael.

226 4536 261 4586 sd
279 4533 368 4601 opt).
390 4539 511 4603 professor
537 4541 578 4591 ille
599 4542 763 4608 Tubingensis
791 4540 861 4604 (inde
884 4542 916 4593 ab
939 4557 1004 4593 anno
1027 4539 1126 4606 1610),
1154 4545 1195 4609 qui
1219 4551 1319 4594 mumta
1342 4544 1392 4594 fide
1419 4556 1486 4593 anno
1519 4538 1587 4591 1636

228 4606 301 4665 olam,
320 4620 385 4658 anuo
406 4606 474 4659 1631
491 4612 576 4675 palam
594 4614 723 4674 formulam
733 4612 891 4685 §melleam
906 4615 1033 4679 amplexus
1049 4622 1095 4664 est
1125 4615 1275 4678 Disputatio,
1293 4629 1369 4680 quam
1381 4615 1442 4664 dloit
1452 4614 1585 4678 chlemn

228 4692 278 4727 πω
294 4679 359 4741 trel·
377 4680 497 4743 imorum
514 4696 569 4732 σου
586 4684 697 4741 mesura
715 4685 781 4750 nere
799 4685 832 4737 se
851 4698 909 4736 orm
920 4684 1044 4749 merom
1062 4687 1087 4735 rr
1106 4685 1290 4737 emmaum
1308 4700 1364 4736 eum
1381 4686 1473 4736 omen
1490 4685 1585 4735 serre

229 4753 255 4798 et
272 4749 299 4797 in
314 4749 413 4798 Astron.
427 4751 529 4812 Leman,
547 4752 653 4819 indeque
670 4762 749 4818 patet,
769 4755 906 4820 Keplorum
923 4757 949 4805 in
967 4757 1019 4815 illa,
1038 4756 1207 4823 Pythagoram
1225 4765 1251 4807 st
1263 4756 1422 4809 Plutarchum
1441 4754 1586 4819 (dohanas

227 4815 306 4881 asie)
323 4825 448 4879 soentnm.
469 4821 500 4872 de
517 4822 607 4875 Lunae
625 4839 738 4891 corpore,
758 4828 877 4885 materis,
895 4827 984 4878 incohs
1001 4826 1097 4878 lusisse.
1297 4822 1300 4829 ’
