3609 5634
719 341 938 428 'aarum
1121 333 1122 336 Ὺ
1451 373 1518 448 245

131 535 220 586 auur
247 538 365 608 quoque
388 525 553 602 concludit,
587 529 664 609 qnod
688 531 892 594 consideranti
923 531 1011 596 facile
1034 540 1131 614 patet.
1177 534 1329 600 Numerus
1353 539 1517 616 quaeritur,

132 610 202 690 qui
228 612 350 693 legibus
372 615 528 696 imperatis
552 625 704 682 tractatus
727 627 844 684 certum
866 622 937 701 qnid
964 622 1085 688 efficiat
1132 622 1288 705 Arripitur
1312 625 1416 687 obvius
1431 628 1517 707 quis..

132 717 226 776 quc,
263 711 412 768 naeuus
434 706 500 785 lege
524 705 682 786 imperata
707 710 734 770 si
758 710 836 790 quod
855 710 981 789 jubetur
1004 712 1113 788 eflicit,
1138 713 1223 792 ipsus
1243 720 1292 774 est
1314 712 1365 794 qui
1388 733 1518 795 quaere·

132 787 261 867 batur,
284 793 333 855 sin
354 793 461 868 minus,
486 794 582 857 falsus
605 804 663 862 est.
708 798 776 860 Hoc
799 799 879 861 idem
902 799 933 864 in
950 801 1048 862 altaro
1072 809 1217 875 tentatur,
1242 802 1360 881 utrique
1383 803 1462 867 inter
1484 825 1517 868 se

133 887 368 959 compassum
395 891 427 945 et
449 890 639 965 utrorumque
669 897 812 966 peccata,
852 907 976 968 qunmm
999 889 1109 952 intuitu
1131 908 1221 952 verus
1243 891 1366 953 tandem
1389 892 1519 956 elicitur.

133 965 235 1031 Huic
258 970 329 1049 quid
353 971 383 1032 iu
404 973 615 1038 astronomicis
640 976 856 1057 hypothesibus
878 976 978 1042 simile
1002 977 1052 1052 sit,
1077 978 1184 1040 iisdem
1207 977 1364 1041 verborum
1378 981 1518 1061 vestigiis

136 1056 267 1122 dicam
314 1057 507 1141 Hypetbeses
531 1072 831 1145 quamcumquae
856 1065 932 1128 coeli
954 1066 1085 1132 motibus
1115 1067 1327 1146 respondeant.
1374 1068 1517 1148 Alphen-

137 1145 242 1209 sinae
264 1167 392 1229 peccare
416 1149 692 1230 deprehenduntur,
716 1152 944 1233 Copemicauae
967 1155 1082 1217 itidem.
1128 1156 1175 1217 At
1196 1156 1293 1218 solers
1317 1157 1429 1219 artifex
1451 1158 1517 1229 col-

138 1234 271 1300 latione
300 1245 492 1320 utrarumque
518 1239 662 1304 instituta
689 1250 720 1304 et
750 1242 906 1306 subductis
935 1243 1158 1307 aberraticnnm
1191 1243 1359 1307 rationibus
1394 1246 1518 1310 tertium

139 1323 270 1405 aliquid
293 1328 412 1402 statuit,
437 1328 515 1409 quod
539 1347 670 1394 errorem
692 1350 810 1396 omnem
833 1331 915 1394 circa
936 1332 1155 1411 praedicendus
1179 1333 1256 1394 coeli
1277 1340 1378 1396 motus
1400 1335 1515 1416 effugit,

141 1432 251 1496 eoque
273 1416 362 1478 modo
385 1424 528 1496 utrasque
551 1417 619 1482 illae
642 1420 826 1501 hypotheses
841 1421 976 1503 corrigit.
1023 1419 1103 1492 Quid
1118 1422 1173 1498 bic
1190 1430 1248 1495 est,
1273 1421 1350 1502 quod
1369 1442 1422 1502 pro
1438 1424 1517 1490 Urso

143 1502 270 1566 faciat?
316 1505 497 1585 Proponitnr
527 1507 613 1572 nobis
641 1509 672 1570 in
700 1509 766 1589 ejus
789 1509 927 1589 exemplo
955 1510 1061 1572 modus
1084 1528 1178 1583 uuus,
1210 1511 1294 1590 ieqne
1324 1511 1462 1591 obliquus
1485 1519 1518 1580 et
1622 1518 1626 1525 “

142 1589 291 1674 hapso,
315 1611 371 1673 quo
386 1593 485 1656 solent
508 1596 672 1660 astronomi
697 1597 880 1680 hypotheses
904 1599 1099 1679 investigare.
1145 1597 1231 1660 Atis
1255 1599 1413 1660 ostendere
1428 1599 1515 1661 vole-

141 1679 221 1754 bat,
256 1682 402 1762 quomodo
430 1702 469 1744 ex
496 1684 561 1764 jain
592 1687 760 1750 constituta
793 1687 872 1750 falsa
903 1687 1063 1769 hypothesi
1091 1705 1193 1749 verum
1225 1695 1257 1748 et
1285 1687 1362 1749 coeli
1385 1687 1516 1750 motibus

143 1770 305 1851 ucalegon
329 1771 559 1836 demonstretur.
607 1775 643 1836 In
665 1777 772 1858 regula
799 1775 871 1837 falsi
895 1795 1036 1842 numerus
1065 1776 1160 1838 falsus
1188 1776 1296 1837 falsum
1325 1776 1395 1857 quid
1425 1777 1516 1840 etiam

144 1858 317 1922 concludit.
351 1859 448 1923 Ursus
463 1862 619 1924 contendit
637 1883 674 1925 ex
689 1864 775 1926 falsis
790 1863 1009 1948 hypothesibus
1024 1864 1235 1946 astrnpomicis
1250 1883 1353 1928 verum
1366 1865 1514 1930 concludi.

241 1948 376 2022 Decimo,
406 1956 566 2030 postquam
580 1971 665 2016 suam
682 1953 780 2016 Uram
794 1954 976 2016 sententiam
996 1955 1027 2024 iu
1043 1954 1140 2016 aciem
1153 1952 1304 2033 produxit,
1321 1972 1389 2018 eam
1402 1962 1513 2016 aucto·

145 2036 243 2099 ritate
267 2038 363 2100 munit
383 2038 520 2103 ridicula.
568 2038 650 2111 Quid
675 2041 755 2108 euim
777 2061 824 2106 me
838 2050 961 2104 moveat
979 2042 1123 2122 ignotus?
1169 2043 1276 2123 Itaque
1291 2042 1388 2105 Ursus
1403 2051 1512 2105 ancto-

147 2125 237 2188 ritati
260 2144 334 2188 suae
357 2127 570 2190 auctoritatem
602 2128 667 2208 ipse
699 2131 855 2199 conciliat,
894 2139 1047 2192 auctorem
1071 2132 1175 2193 dicem
1198 2149 1266 2192 esse
1299 2130 1513 2209 pereruditum,

145 2212 270 2276 Juvabo
284 2215 472 2278 laborantem
486 2216 613 2292 Ursnm;
646 2218 704 2282 fuit
718 2220 784 2298 ejus
798 2219 998 2299 praefationis
1017 2227 1131 2291 auctor,
1156 2219 1182 2280 si
1201 2218 1316 2292 nescis,
1340 2218 1514 2282 Andreas

149 2300 356 2377 ostender,
379 2305 417 2367 utx
426 2304 600 2389 Hieronymi
614 2306 789 2371 Schneiheri
811 2307 1044 2387 Noribergensis
1069 2308 1123 2380 (ad
1147 2325 1234 2387 quern
1248 2305 1394 2368 Schoneri
1417 2326 1512 2386 quac-

148 2391 222 2454 dam
245 2393 451 2472 praefationes
475 2399 613 2470 exutam)
636 2415 742 2458 manus
766 2396 796 2458 in
819 2415 885 2468 meo
901 2396 1064 2477 exemplari
1080 2396 1207 2458 visenda
1226 2389 1408 2466 testatur.')
1454 2393 1515 2466 Qui

62 2538 76 2553 ,
149 2500 331 2562 quamquam
355 2481 425 2546 Ursi
448 2483 618 2546 sententiae
643 2484 889 2565 quamproxime
913 2485 1112 2562 suffragatur,
1137 2491 1239 2545 tamen
1263 2492 1294 2543 et
1317 2481 1442 2562 aequior
1466 2491 1515 2545 est

149 2589 187 2634 eo
211 2579 245 2632 et
267 2569 427 2633 dilucidius
450 2591 485 2633 se
507 2573 650 2653 explicat.
697 2572 777 2644 Quid
801 2573 899 2653 ipsum
913 2573 1051 2645 moverit,
1074 2591 1132 2634 nnn
1149 2581 1197 2633 est
1212 2572 1380 2636 obscurum.
1418 2571 1512 2634 Nori·

149 2660 262 2739 burgae
287 2658 536 2734 domiciliabatur,
563 2661 612 2723 nbi
635 2671 699 2724 tum
723 2661 869 2728 edebatur
884 2680 959 2741 opus
974 2659 1144 2740 Onpemiei.
1193 2658 1268 2723 Cum
1289 2658 1380 2737 igitur
1394 2668 1536 2722 amaret

150 2749 356 2820 mathemata,
386 2767 445 2810 uon
474 2750 575 2830 potuit
603 2769 662 2814 non
690 2769 792 2813 amare
820 2758 885 2813 tam
911 2750 1099 2830 praeclarum
1127 2767 1218 2828 opus,
1248 2755 1371 2812 etcum
1394 2749 1513 2811 videret

148 2835 397 2916 aquicinenses
419 2842 513 2919 doypu
542 2839 578 2899 de
602 2847 684 2901 motu
708 2841 833 2913 Terrae,
864 2841 908 2902 sic
931 2838 1041 2901 statuit
1068 2837 1290 2916 infringendam
1312 2836 1510 2917 cupiditatem

150 2927 181 2989 in
211 2926 374 2988 lectoribus
397 2945 494 2989 rerum
518 2945 671 2991 normam.
717 2927 853 3008 Atquin
877 2925 1043 3001 Osiander,
1074 2925 1144 3006 quid
1167 2944 1203 2987 eo
1232 2933 1262 2986 te
1290 2924 1509 3008 desperationis

149 3016 264 3094 adegit,
289 3022 323 3077 nt
344 3034 383 3076 ex
407 3015 592 3077 astronomia
614 3017 652 3084 de
675 3036 748 3078 vera
770 3015 871 3077 mundi
895 3016 973 3076 facie
998 3014 1161 3077 nihilcerti
1184 3012 1285 3091 colligi
1308 3031 1399 3093 posse
1424 3013 1509 3074 dicc-

149 3104 224 3168 resi
247 3105 308 3180 An,
332 3105 382 3184 qui
405 3103 608 3183 peritissimus
631 3123 699 3167 cras
722 3104 829 3168 harum
852 3115 960 3173 rernm,
987 3104 1149 3166 etiamnum
1173 3100 1335 3164 dubitabas
1358 3101 1395 3162 de
1419 3100 1509 3166 rebus

149 3192 406 3254 evidentissimis?
461 3194 583 3256 Incerta
613 3194 669 3257 tibi
707 3194 869 3256 etiamnum
908 3200 975 3254 crat
1011 3191 1165 3272 proportio
1198 3189 1281 3252 Solis
1313 3189 1352 3251 ad
1384 3189 1508 3256 Terram

148 3280 272 3362 prodita
295 3281 334 3343 ab
358 3283 540 3344 astronomis
565 3289 595 3344 et
618 3291 764 3344 sexcenta
786 3282 976 3360 hujusmodi?
1023 3279 1057 3343 Si
1082 3280 1157 3342 haec
1177 3299 1227 3340 ars
1251 3298 1360 3342 causas
1375 3285 1509 3350 motuum

148 3369 327 3449 simpliciter
349 3369 478 3450 ignorem,
502 3380 667 3451 propterea
692 3372 762 3451 qnia
783 3370 857 3431 nihil
881 3371 990 3445 credis,
1015 3369 1073 3431 nisi
1096 3368 1174 3448 quod
1197 3367 1292 3440 vides,
1317 3366 1388 3449 quid
1410 3366 1509 3430 meni-

149 3458 327 3532 uincebat,
361 3459 391 3521 iu
415 3460 563 3541 qusquis
587 3480 716 3540 unquam
740 3459 872 3522 medicus
896 3479 1020 3522 cansam
1043 3458 1138 3520 morbi
1160 3457 1238 3520 vidit
1259 3457 1340 3518 intus
1363 3457 1509 3522 latentem

149 3549 252 3620 aliter,
282 3546 340 3610 nisi
365 3567 403 3610 cx
425 3548 522 3629 siguis
546 3558 578 3610 et
600 3550 810 3630 symptomatis
834 3558 923 3609 extra
949 3566 1057 3626 corpus
1086 3547 1114 3608 iu
1143 3564 1250 3606 sensus
1278 3543 1506 3618 incurrentibus,

149 3636 273 3717 perinde
290 3644 331 3703 ,ut
353 3643 544 3700 astronomus
568 3657 606 3700 ex
629 3639 786 3699 stellarum
810 3637 869 3698 situ
893 3634 1073 3716 aspectabili
1098 3634 1135 3696 de
1163 3634 1259 3694 forma
1282 3641 1382 3694 motus
1405 3650 1506 3695 eornm

150 3726 357 3788 ratiocinatur.
405 3724 468 3787 Sed
491 3727 531 3787 ad
553 3727 663 3789 Ursum
686 3735 889 3789 revertamur:
923 3724 971 3786 cui
1000 3724 1055 3785 boc
1079 3723 1116 3784 de
1139 3731 1220 3785 teste
1249 3739 1303 3783 sno
1332 3721 1413 3796 dico,
1447 3738 1508 3782 uon

151 3833 220 3876 esse
257 3813 337 3874 omni
371 3814 549 3895 exceptione
581 3815 735 3894 majorem.
791 3812 869 3874 Vult
901 3812 931 3874 iu
965 3812 1070 3874 eadem
1101 3808 1290 3890 praefatione
1326 3809 1508 3888 persuadere

152 3902 268 3977 lectori,
293 3920 354 3964 non
377 3902 470 3966 fuisse
494 3903 524 3965 in
549 3904 605 3966 hac
630 3902 783 3966 sententia
806 3900 1016 3981 Copernicum,
1041 3917 1110 3962 vere
1126 3898 1249 3960 Terram
1272 3896 1394 3959 moveri.
1432 3895 1509 3959 Sta-

150 3991 206 4054 tim
229 3990 326 4071 ipsum
350 3991 380 4051 in
404 3989 503 4052 limine
522 3992 635 4060 refutat
656 3992 722 4072 ipse
738 3990 933 4071 Cepernicns.
980 3987 1142 4069 Snggessit
1155 3986 1285 4049 Fnuccio
1305 3983 1506 4063 Chronologn,

151 4082 180 4142 si
202 4080 277 4142 fides
300 4078 342 4140 illi
365 4079 429 4141 viro
452 4079 620 4155 tribuenda,
644 4100 704 4143 non
726 4089 945 4159 retrogressum
960 4097 1027 4140 esse
1043 4077 1145 4140 Solem
1159 4077 1187 4136 in
1203 4074 1333 4154 gratiam
1347 4073 1506 4146 Ezechiae,

150 4169 206 4232 sed
236 4175 354 4234 tantum
384 4169 520 4232 umbram
547 4171 712 4249 gnomonis.
760 4167 857 4240 Quasi
884 4169 960 4230 haec
993 4168 1031 4229 ab
1063 4166 1190 4228 invicem
1222 4162 1358 4242 separari
1386 4166 1506 4242 queant,

150 4276 218 4320 oum
248 4263 370 4319 constet
393 4277 431 4318 ex
459 4258 587 4319 lectione
614 4257 648 4321 S.
678 4257 866 4338 Scripturas,
901 4255 1112 4319 universaliter
1144 4252 1383 4314 animadversum
1415 4247 1507 4309 fuisse

151 4345 338 4408 miraculum.
385 4343 535 4408 Graviora
557 4347 701 4419 absurda,
735 4365 812 4426 quae
835 4346 890 4407 hoo
915 4345 1006 4406 etiam
1029 4342 1181 4422 ingenium
1203 4356 1349 4418 occupare
1372 4343 1506 4417 potuere,

152 4434 288 4513 relinquo
311 4433 380 4496 aliis
404 4435 597 4513 exquirenda.
644 4433 726 4505 Quid
748 4435 852 4496 mirum
876 4432 1022 4512 ergo,si
1051 4432 1080 4492 iu
1105 4428 1234 4492 mathesi
1258 4444 1388 4507 qunque,
1419 4442 1509 4504 quum

152 4524 269 4586 amavit
291 4540 349 4583 non
374 4524 527 4601 professus
546 4531 605 4599 est,
630 4522 821 4585 exorbitavit.
869 4520 987 4584 Contra
1010 4540 1078 4582 euru
1099 4520 1175 4582 sisto
1190 4515 1397 4587 Aristotelem,
1422 4512 1508 4591 cnjus

152 4611 407 4674 existimationem
429 4611 466 4672 de
490 4611 670 4674 astronomis
694 4611 782 4690 louge
804 4609 1036 4689 praeclariorem
1060 4625 1151 4686 supra
1173 4604 1272 4682 tetigi.
1425 4673 1426 4676 Ἴ
1505 4605 1513 4620 “

242 4700 311 4763 Non
335 4708 506 4762 esttamen
530 4699 779 4781 praetereundum
803 4706 835 4760 ct
858 4698 1032 4766 notandum,
1056 4693 1149 4757 videri
1169 4691 1353 4768 Osiandruuy
1368 4688 1507 4751 simulato

153 4789 313 4870 scripsisse
345 4806 404 4849 non
432 4807 470 4852 ex
500 4789 592 4851 animi
613 4787 783 4862 sententia,
811 4806 896 4852 usum
921 4803 1026 4864 nempe
1049 4780 1255 4848 Ciceronianis
1279 4779 1317 4864 de
1325 4776 1509 4856 Republica

154 4877 310 4953 consiliis,
343 4895 408 4939 cum
433 4875 598 4960 Cepernico
628 4883 775 4940 metueret
797 4897 816 4937 a
839 4876 929 4955 vulgo
959 4871 1219 4960 philosophorum,
1253 4887 1290 4930 ne
1319 4861 1507 4941 absurditate
