3609 5634
732 329 822 376 matrs
839 323 937 378 Um.

646 527 660 548 ⁶
734 537 855 638 Caput
879 535 929 612 Π.

588 699 646 763 De
668 697 817 763 Hectoris
837 698 1078 784 Hypotbesirsoa

222 839 263 902 In
299 840 441 906 historia
476 845 686 927 hypothesium
718 846 852 909 texenda
873 845 971 909 Ursus
1013 844 1141 907 artificio
1172 843 1269 907 utitur
1299 861 1359 906 uon
1390 843 1511 908 inscito.

130 927 161 990 A
183 928 273 991 ueris
300 931 388 994 enim
411 942 534 997 exortus
557 935 724 998 rationibus
746 935 835 998 fidem
850 935 908 998 sibi
932 934 1006 997 iacit
1020 933 1202 1015 cognitionis
1222 932 1430 996 historiarum:
1455 952 1515 1014 qua

131 1017 288 1093 obtenta,
326 1021 406 1084 nihil
432 1031 548 1086 manto
571 1024 620 1086 filu
643 1025 789 1088 orationis
812 1026 852 1087 ad
875 1031 1044 1088 commenta
1071 1043 1128 1084 sua
1152 1022 1314 1096 delabitur,
1350 1040 1444 1102 eaque
1468 1023 1515 1085 le

131 1104 211 1168 cturi
235 1125 299 1187 pro
331 1111 531 1175 relationibus
553 1114 706 1177 historicis
727 1114 871 1178 obtrudit.
919 1114 966 1175 De
990 1114 1160 1187 Thalete,
1194 1112 1243 1193 qui
1265 1111 1379 1191 primus
1407 1118 1457 1174 est
1485 1112 1515 1173 in

131 1196 193 1258 bau
221 1205 478 1263 astronomorum
508 1201 585 1264 sarie
614 1204 643 1265 in
667 1192 799 1268 Graecia
822 1203 975 1284 (quamvis
999 1203 1128 1264 Linum
1156 1209 1189 1263 et
1211 1201 1400 1262 Musaeum
1430 1201 1514 1262 auti

133 1284 324 1366 quissimus,
352 1288 430 1352 huuc
453 1289 639 1354 inuentorem
658 1293 816 1373 sphaeras,
840 1294 924 1355 illum
947 1299 1081 1354 motuum
1096 1290 1177 1354 Solis
1201 1299 1232 1352 et
1254 1290 1359 1352 Lunae
1383 1289 1517 1352 celebret

134 1375 304 1453 Diogenes
330 1377 507 1453 Latmius),
535 1381 562 1442 si
584 1400 658 1443 sera
679 1391 764 1456 sunt,
795 1401 871 1463 quae
894 1383 932 1443 de
955 1380 1160 1460 praedictione
1185 1378 1334 1459 eclipseos
1356 1379 1515 1461 prodidere

134 1463 258 1527 Plinius
285 1474 324 1528 et
348 1467 539 1531 Ηιιιιιιιιι
570 1480 653 1532 certe
677 1471 816 1551 equidem
838 1473 917 1534 hanc
941 1468 1144 1533 astronomiae
1174 1475 1292 1549 partam
1316 1477 1424 1530 exacte
1448 1469 1514 1529 cal
1525 1531 1526 1534 ,

137 1554 234 1617 luisse
260 1573 395 1618 necesse
418 1566 477 1620 est.
524 1558 567 1620 Et
589 1560 732 1622 Laertius
755 1560 888 1641 quidem,
919 1560 1045 1639 primurn
1069 1558 1253 1638 astrologiae
1277 1564 1397 1619 secreta
1418 1557 1516 1619 rima·

136 1651 214 1717 tum,
239 1641 336 1707 Solis
359 1664 479 1718 cursum
501 1667 521 1708 a
543 1648 675 1711 solstitio
698 1649 729 1710 in
752 1649 916 1713 solstitium
939 1648 1104 1727 reperisse,
1129 1647 1199 1709 anui
1223 1647 1426 1728 quantitatem
1450 1642 1516 1710 365

138 1732 260 1796 dierum
299 1734 512 1810 constituisse,
546 1739 582 1800 ds
610 1738 754 1801 solstitiis
785 1747 817 1800 et
840 1737 1040 1819 aequinoctiis
1072 1736 1249 1816 scripsisse,
1283 1735 1352 1797 anni
1380 1743 1518 1817 tempora

138 1840 287 1885 mensum
319 1843 404 1895 esse,
438 1823 522 1888 Solis
546 1833 579 1888 et
600 1828 706 1890 Lunae
735 1827 958 1908 magnitudines
990 1844 1183 1907 comparasse
1217 1825 1357 1905 Solisque
1381 1824 1518 1888 deiectus

139 1911 346 1992 praedixisse
370 1915 492 1976 asserit
538 1916 646 1996 Neque
670 1926 771 1980 tamen
795 1917 968 1980 methodum
991 1916 1121 1996 eclipses
1135 1915 1328 1996 praedicendi
1353 1935 1372 1974 a
1395 1914 1518 1993 seipso

140 2008 254 2081 petere
279 2003 399 2082 potuit,
433 2022 500 2066 cum
517 2006 575 2066 hoc
597 2024 656 2067 non
680 2007 722 2069 sit
744 2007 831 2070 unius
854 2007 982 2082 aetatis,
1017 2007 1179 2069 observare
1202 2004 1388 2067 sufficientes
1411 2003 1517 2065 Lunae

146 2089 328 2154 anomaliae
351 2092 390 2154 sd
414 2093 540 2175 eclipsin
564 2093 646 2157 Sulis
670 2095 915 2174 praedicendam.

241 2176 401 2243 Credibile
424 2182 526 2262 igitur,
549 2202 618 2247 cum
632 2185 722 2264 paulo
747 2193 818 2248 aute
842 2205 910 2247 eam
924 2184 1020 2265 ipsam
1035 2181 1162 2261 eclipsin
1185 2181 1325 2260 bellaque
1348 2199 1424 2261 quae
1448 2188 1520 2244 tunc

144 2276 240 2347 gesta
265 2279 483 2334 commemorat
505 2272 692 2351 Herodotus,
720 2292 782 2354 pax
804 2275 907 2355 ntique
932 2271 1022 2336 fuerit
1040 2271 1143 2352 Lydos
1166 2269 1245 2332 inter
1268 2275 1301 2330 et
1322 2267 1519 2350 Babylonios,

146 2357 267 2421 'l'hales
298 2377 371 2422 vero
394 2359 489 2441 Lydis
516 2360 632 2424 vicinus
660 2363 690 2425 in
714 2364 821 2426 Mileto
848 2362 1017 2436 habitaret,
1050 2367 1147 2423 artem
1175 2358 1304 2439 eclipses
1328 2358 1520 2436 computandi

152 2446 306 2510 didicisse
329 2468 349 2508 a
374 2448 563 2531 Babyloniis
611 2452 653 2513 Et
675 2452 817 2514 Laertius
841 2452 962 2531 quidem
990 2455 1174 2521 auctorest,
1198 2448 1372 2538 Aegyptum
1396 2446 1517 2510 adiisse.

148 2536 230 2598 Ac
220 2556 292 2616 ipse
316 2537 428 2600 Thales
455 2540 534 2618 apud
558 2549 711 2604 auctorem
734 2541 866 2606 illum'
840 2561 884 2602 ιιι
913 2540 952 2602 ad
967 2537 1172 2619 Pherecydem
1185 2535 1223 2597 de
1238 2554 1292 2597 se.
1317 2519 1518 2615 „Aegyptum

147 2626 389 2706 penetrauimus,
413 2636 448 2689 ut
470 2628 561 2691 isthic
574 2630 782 2692 sacerdotibus
798 2638 829 2692 et
844 2628 1026 2692 astronomis
1040 2624 1323 2707 congrederemur-‘⁴
1370 2622 1431 2695 Qui
1448 2624 1517 2685 ina·

148 2715 212 2778 riut
236 2721 340 2778 autem
359 2714 404 2776 illi
422 2719 596 2792 astronomi,
615 2718 785 2781 Laertius'
775 2738 806 2781 sn
820 2719 996 2801 Pythagora
1011 2715 1114 2789 innuit,
1140 2733 1227 2801 quem
1247 2713 1374 2777 eundum
1389 2714 1517 2795 Aegyp·
1597 2734 1600 2740 ⁴

152 2812 220 2867 tum
243 2806 416 2885 proiectum
440 2815 545 2869 namet
566 2808 646 2887 apud
670 2806 843 2871 Chaldaeos
866 2813 1088 2870 conversatum.
1133 2804 1212 2866 Erat
1234 2821 1341 2879 nempe
1358 2804 1521 2884 Aegyptus

153 2894 210 2956 suh
234 2892 472 2976 Babyloniorum
490 2895 575 2975 jugo.
622 2897 656 2959 Iu
679 2899 737 2959 ilus
760 2915 832 2960 veru
856 2895 1004 2976 epistolae
1023 2894 1089 2975 jam
1112 2892 1266 2973 allegatae
1282 2891 1395 2955 Thales
1419 2892 1519 2955 addite

153 2991 211 3056 „st
225 3001 283 3044 nos
297 2983 346 3063 qui
362 2982 404 3044 uil
418 2984 586 3059 scribimus,
611 2984 775 3048 Graeciam
792 2987 960 3065 Asiamque
975 2982 1205 3065 peragramus.“
1227 2983 1276 3043 lta
1290 2982 1354 3043 sive
1374 2980 1403 3042 in
1423 2978 1519 3043 Chal-

153 3072 267 3133 daeam
289 3089 344 3147 per
365 3073 583 3149 coutinentem,
596 3074 672 3137 'sive
697 3075 773 3137 mari
795 3076 826 3138 iu
849 3077 1025 3156 Aegyptum
1046 3071 1150 3146 iverit,
1176 3070 1398 3134 Chaldaeorum
1420 3068 1519 3132 utriu-

155 3178 214 3240 que
238 3159 357 3239 copiam
380 3161 486 3223 habuit
509 3171 539 3224 et
564 3164 780 3226 astronomiam
802 3164 872 3227 inde
895 3165 925 3225 in
943 3161 1104 3226 Graeciam
1120 3160 1225 3224 efferre
1245 3157 1355 3239 potuit.
1401 3157 1523 3222 Etenim

156 3249 277 3311 consuli
300 3249 407 3310 solitus
431 3270 450 3311 a
473 3249 603 3314 Graecis
624 3253 810 3336 Babylonios
834 3254 871 3315 de
894 3259 975 3316 motu
1000 3252 1120 3325 Lunae,
1143 3249 1217 3312 illud
1239 3247 1418 3329 persuadet,
1442 3247 1521 3328 qnod

157 3356 263 3400 omues
285 3356 362 3417 pene
386 3336 525 3402 Graecae
548 3341 688 3404 nationes
711 3361 789 3404 auno
808 3343 922 3406 Lunsri
946 3347 1112 3405 uterentur.
1160 3340 1227 3400 Huc
1240 3339 1320 3402 refer
1335 3336 1427 3398 verba
1446 3336 1521 3399 Ari-

157 3426 281 3490 stotelis
304 3426 373 3498 (lib.
398 3428 440 3490 ll.
466 3429 503 3490 de
527 3428 622 3492 Coelo
644 3450 711 3512 cap
741 3428 822 3506 m:
852 3431 943 3494 simili
967 3430 1084 3493 ratione
1109 3428 1146 3491 de
1170 3427 1280 3489 ceteris
1309 3426 1400 3488 etiam
1423 3425 1522 3488 stellis

158 3515 330 3596 lequuntur,
354 3516 402 3595 qui
427 3536 529 3579 earum
553 3519 701 3583 rationem
720 3521 871 3602 quondam
884 3519 1020 3601 plurimis
1036 3516 1122 3580 annis
1138 3516 1346 3588 observarunt,
1373 3513 1521 3598 Aegyptii

162 3612 195 3666 et
215 3604 388 3686 Babylonii,
413 3625 432 3667 a
455 3606 562 3687 quibus
585 3609 681 3671 multa
705 3610 763 3671 lide
787 3610 878 3690 digna
902 3611 940 3671 de
963 3607 1089 3687 singulis
1113 3603 1262 3667 sideribus
1285 3601 1468 3682 accepimus.

249 3691 336 3764 Quas
368 3713 452 3757 meas
475 3697 666 3777 conjecturas
695 3698 744 3759 hic
767 3717 834 3760 cum
857 3699 928 3760 Ursi
951 3693 1132 3775 conjecturis
1156 3693 1300 3757 conferre
1317 3691 1418 3766 libuit,
1451 3691 1521 3772 quia

159 3782 186 3844 is
209 3801 269 3844 non
293 3801 372 3857 sum,
402 3783 452 3863 qui
475 3783 551 3847 bene
575 3786 657 3848 dicta
680 3804 803 3867 carpere
825 3786 956 3848 uelim.
974 3783 1074 3847 Sed'
1060 3800 1124 3862 Jam
1148 3781 1254 3844 statim
1283 3788 1392 3862 peccat
1413 3780 1520 3852 Ursus,

160 3872 356 3955 hypotheses,
381 3889 455 3952 quas
478 3873 669 3956 physicorum
692 3893 761 3937 esse
784 3874 839 3948 ait,
861 3874 1037 3955 paulopost
1060 3880 1197 3951 tempora
1210 3869 1389 3933 Aristotelis
1405 3867 1522 3931 demum

163 3960 350 4022 constitutas
374 3961 567 4037 existimaus,
591 3982 647 4025 uec
669 3963 733 4026 ulla
755 3964 872 4026 ratione
896 3963 966 4025 sciri
989 3979 1090 4042 posse,
1114 3960 1289 4041 qualesnam
1309 3958 1420 4021 inerint
1443 3965 1521 4019 tem-

161 4048 285 4129 poribus
310 4049 447 4112 Thaletis
480 4059 513 4113 et
539 4051 733 4134 Pythagorae
765 4060 1004 4115 astronomorum
1034 4050 1228 4132 hypotheses.
1276 4047 1344 4119 Quo
1368 4047 1434 4108 loco
1463 4062 1521 4106 nun

162 4138 282 4200 videtur
311 4138 438 4201 Plinium
465 4140 578 4219 legisse
606 4140 657 4203 lib
682 4142 723 4203 11.
755 4160 822 4221 cap.
847 4140 900 4205 22.
946 4140 1067 4222 Etenim
1096 4139 1165 4201 illas
1193 4138 1355 4200 hodiernae
1377 4134 1522 4215 physico·

138 665 143 700 l

164 4245 239 4301 rum,
263 4233 297 4288 ut
319 4234 411 4288 vocat
428 4228 535 4304 Ursus,
560 4229 756 4311 hypotheses,
781 4249 836 4292 seu
859 4231 913 4292 illa
936 4209 1133 4309 sphaerarum
1158 4226 1318 4294 ordinatio,
1343 4241 1431 4302 quam
1445 4222 1523 4284 Pto-
1612 4291 1616 4296 ,

164 4317 298 4378 lemaeus
325 4322 375 4377 est
397 4275 568 4398 amplexis,
592 4318 784 4398 Pythagorae
811 4319 929 4381 usitata
959 4318 1026 4380 luit.
1072 4315 1154 4382 Audi
1182 4315 1278 4377 lector
1301 4314 1394 4375 verba
1417 4310 1523 4373 Plinii:

165 4402 228 4467 Sed
250 4403 464 4485 Pythagoras,
475 4405 581 4486 iuquit,
605 4405 756 4470 interdum
778 4425 816 4468 ex
839 4407 955 4470 musica
977 4406 1095 4468 ratione
1119 4402 1253 4482 appellat
1274 4411 1392 4475 tonum,
1425 4417 1524 4478 quan-

165 4500 230 4556 tum
253 4492 334 4554 absit
356 4514 376 4555 a
398 4494 493 4557 Terra
515 4495 611 4556 Luna.
658 4495 710 4558 Ab
732 4514 769 4559 ea
796 4497 835 4558 ad
858 4495 1055 4568 Mercurium,
1088 4491 1180 4572 spatii
1205 4490 1271 4570 ejus
1294 4489 1461 4561 dimidium,
1493 4495 1525 4548 et

96 4621 103 4629 -
166 4581 206 4644 ab
229 4599 266 4643 eo
289 4581 329 4644 ad
351 4582 503 4645 Venerem
526 4583 588 4646 iere
612 4585 809 4657 tantundem,
832 4604 852 4645 a
874 4603 933 4665 qua
956 4583 994 4646 ad
1011 4581 1114 4645 Solem
1138 4579 1331 4660 sesquiplum,
1356 4576 1466 4640 aSole
1485 4576 1525 4638 ad

165 4671 299 4734 Martem
317 4677 429 4746 tonum,
454 4672 493 4734 ab
515 4691 552 4736 eo
575 4673 614 4736 ad
628 4672 737 4737 Juvem
759 4673 913 4736 dimidium
935 4681 968 4735 et
991 4672 1030 4733 ab
1053 4689 1090 4732 eo
1114 4670 1154 4730 ad
1173 4666 1337 4731 Saturnum
1360 4665 1524 4739 dimidium,

167 4767 201 4825 et
221 4759 291 4821 iude
313 4760 499 4841 sesquiplnm
521 4761 561 4824 ad
583 4761 768 4843 siguiiemna

255 4847 355 4914 Audis
377 4848 512 4914 ominem
534 4850 727 4981 sphaerarum
751 4852 846 4916 lectur
868 4867 907 4914 ax
929 4847 1037 4914 Plinio.
1080 4844 1145 4909 Aut
1171 4844 1265 4929 igitur
1286 4842 1403 4908 Plinius
1426 4841 1524 4966 malae
