3609 5634
691 352 698 361 ‘
782 368 934 432 sura
1454 372 1541 468 rm

130 520 256 588 istim
288 545 381 608 quem
403 527 484 591 illins
507 536 607 591 neon
631 527 753 600 fortior,
768 528 842 589 sire
865 528 1003 599 citatior,
1027 529 1091 591 sire
1110 529 1268 610 pernicior,
1292 530 1356 594 eius
1380 530 1539 612 vigentior,

132 630 206 674 seu
240 632 431 697 quocunque
455 616 548 679 uerbo
571 636 635 679 rem
658 617 827 696 exprimere
850 616 963 696 placet.
1000 619 1046 680 At
1069 626 1182 698 quanto
1205 619 1287 682 orbis
1307 620 1379 683 urhe
1403 621 1539 701 amplior,

132 706 257 764 tanto
288 706 358 785 plns
381 705 526 784 temporis
550 705 641 768 etiarn
666 704 791 785 requirit
813 705 852 766 ad
881 704 1046 781 ambitum,
1081 708 1140 769 etsi
1168 707 1306 788 utrinque
1335 707 1377 773 sit
1404 712 1539 812 aequalis

133 789 196 852 vis
229 804 357 857 motus.
390 793 472 872 Ergo
495 794 564 856 hinc
587 795 730 875 sequitur,
756 813 844 855 unam
869 795 1091 875 elongationem
1109 797 1251 875 planetae
1270 795 1375 860 sSole
1395 800 1539 879 majorem

61 903 67 915 ·
134 879 201 943 bis
235 884 349 946 facere
373 883 413 946 ad
436 883 605 962 aagendam
627 881 800 962 periodum:
834 890 866 944 et
889 892 1007 959 contra,
1038 883 1255 948 incrementum
1278 878 1393 965 periodi
1418 888 1539 973 duplum

82 1036 87 1042 ,
136 987 235 1034 esse
268 971 351 1034 ad’
334 991 532 1047 αποςημαιωι
556 970 762 1033 differentiam.
778 969 803 1043 )

264 1061 428 1123 Dimidium
451 1058 544 1141 igitur
566 1060 741 1122 incrementi
764 1060 899 1123 additum
922 1060 1046 1142 periodo
1070 1061 1176 1123 minori
1196 1062 1336 1124 exhihere
1356 1062 1448 1127 debet
1464 1084 1538 1144 pro·

142 1150 348 1228 portionem
372 1168 475 1210 reram
499 1147 729 1211 distantiarum:
755 1149 798 1210 sic
824 1157 856 1211 ut
879 1155 1079 1229 aggregatum
1102 1149 1152 1224 sit,
1177 1158 1211 1212 ut
1230 1150 1377 1213 distantia
1401 1153 1538 1232 superio-

143 1239 203 1300 ris
238 1248 276 1300 et
297 1239 426 1318 simplex
443 1237 539 1299 minor
552 1238 693 1318 periodus
707 1246 917 1317 repraesentet
932 1237 1089 1313 inferioris,
1115 1256 1159 1299 se.
1183 1238 1326 1319 planetae
1350 1240 1396 1303 sui
1420 1240 1539 1304 distan-

146 1328 251 1390 tiam
282 1330 312 1391 in
341 1327 447 1389 eadem
475 1327 654 1407 quantitate.
699 1325 898 1405 Exemplum:
933 1330 955 1405 p
986 1335 1085 1388 motus
1117 1328 1288 1406 periodicas
1321 1337 1370 1390 eut
1401 1325 1445 1393 88
1477 1331 1540 1393 fere

149 1415 304 1493 dierum,
330 1414 459 1481 Veneris
483 1412 547 1477 224
570 1434 638 1477 com
658 1416 746 1478 besse
766 1417 869 1490 t'ernre,
895 1415 1065 1478 differentia
1094 1412 1154 1478 136
1178 1425 1210 1478 et
1234 1418 1296 1493 hes,
1321 1416 1474 1481 dimidium
1497 1416 1542 1482 68

152 1515 196 1567 et
226 1503 429 1586 parstertia.
476 1504 541 1565 Hoc
560 1505 698 1584 junctum
723 1523 790 1566 cum
813 1499 857 1567 88
881 1503 971 1565 efficit
999 1499 1060 1569 156
1083 1513 1115 1565 et
1136 1504 1288 1568 trientem.
1334 1505 1417 1587 Ergo
1441 1519 1475 1569 ut
1496 1506 1541 1572 88

156 1597 210 1657 ad
244 1591 308 1657 156
332 1613 398 1656 uum
421 1591 532 1666 tertia,
566 1595 610 1654 sic
640 1592 865 1654 semidiameter
891 1593 995 1656 circuli
1019 1593 1208 1656 Mercurialis
1233 1594 1322 1656 medii
1346 1597 1386 1657 ad
1409 1597 1539 1659 mediam

158 1683 322 1747 Veneris.
358 1683 425 1745 Hoc
447 1680 537 1743 modo
560 1680 585 1744 si
604 1681 634 1742 iu
653 1680 779 1761 singulis
794 1682 938 1760 opererio,
964 1690 1054 1762 atque
1078 1683 1290 1762 provenientes
1314 1683 1401 1746 binas
1420 1686 1539 1749 distan-

159 1772 238 1835 tias
263 1790 318 1853 per
340 1788 479 1833 numeros
503 1770 620 1832 sinuum
644 1770 787 1850 exphces,
813 1769 857 1832 sie
881 1779 914 1832 ut
937 1790 1057 1851 semper
1076 1770 1238 1853 superioris
1258 1772 1481 1851 semidiameter
1500 1772 1541 1837 sit
1626 1816 1630 1823 ·

163 1861 263 1927 sinus
287 1869 390 1924 totus:

752 1995 871 2073 11574
1177 1997 1244 2064 572

508 2087 666 2167 proveniet
753 2085 870 2158 0'274
971 2090 1014 2151 At
1038 2083 1086 2149 est
1125 2153 1133 2158 ,
1177 2086 1243 2152 290

463 2172 702 2238 semidiameter
753 2173 897 2253 5694
1016 2176 1046 2238 1ιι
1095 2182 1098 2187 ’
1177 2175 1243 2241 658

548 2264 629 2326 orbis
753 2262 868 2339 0762
944 2263 1009 2347 Cup
1012 2264 1112 2328 ernioo
1177 2262 1242 2330 719

758 2357 780 2431 b
804 2351 868 2416 563
1177 2350 1243 2419 500
1263 2348 1307 2428 ⁶⁰)

268 2479 414 2560 Propius,
443 2479 604 2555 atrides,
633 2479 671 2541 ad
695 2478 855 2541 veritatem
879 2476 1071 2542 accessimus.
1086 2482 1116 2551 t)
1160 2479 1230 2541 Etsi
1254 2499 1324 2542 vero
1348 2479 1471 2556 dubito,
1502 2502 1546 2545 ao

179 2568 419 2631 demonstrativa
440 2568 598 2639 methodo,
629 2568 707 2648 quud
731 2568 887 2629 theorema
910 2565 1099 2641 instituerat,
1129 2569 1232 2647 praxis
1255 2569 1317 2630 ista
1340 2568 1454 2631 divisae
1479 2570 1540 2632 dil-

179 2657 328 2720 ferentiae
352 2666 493 2721 assecuta
516 2657 607 2719 luerit
633 2676 687 2737 per
715 2656 814 2718 omnia
827 2654 877 2729 ¹²):
911 2663 1012 2717 tamen
1046 2674 1104 2717 non
1137 2656 1256 2719 omniuo
1289 2656 1361 2718 nihil
1394 2657 1424 2718 in
1458 2657 1539 2721 hisce

178 2745 312 2811 numeris
335 2747 440 2821 latere,
465 2747 586 2810 credere
612 2766 658 2807 me
677 2745 766 2825 jubet
788 2745 850 2807 alia
873 2742 1048 2809 numerandi
1071 2745 1248 2820 methodus,
1273 2766 1332 2827 qua
1356 2747 1395 2808 ad
1419 2747 1541 2809 eosdem

179 2855 322 2898 numeros
343 2836 490 2899 revolvar.
529 2833 609 2907 Quia
630 2833 708 2897 enim
727 2833 882 2914 probabile
897 2841 954 2908 est,
979 2833 1184 2895 tortitudinem
1208 2843 1306 2897 motus
1330 2853 1395 2897 eum
1420 2835 1540 2898 distan-

180 2924 232 2987 tiis
256 2945 324 2987 esse
347 2925 377 2986 in
400 2925 610 3004 proportione:
635 2923 694 2985 erit
716 2932 747 2985 et
770 2922 827 2984 hoc
845 2921 1010 3002 probabile,
1035 2923 1113 3001 quod
1138 2922 1263 3002 quilibet
1285 2920 1417 3004 planeta,
1443 2943 1540 3005 quan-

180 3024 245 3076 tum
268 3021 393 3093 superat
421 3013 604 3093 superiorem
632 3012 806 3075 fortitudine
839 3020 957 3085 motus,
991 3018 1108 3073 tanturn
1141 3020 1299 3092 superetur
1326 3013 1356 3074 in
1382 3012 1539 3077 distantia.

181 3101 260 3165 Esto
288 3100 397 3182 igitur,
432 3102 560 3181 exempli
592 3100 711 3181 gratia,
744 3100 855 3162 Martis
880 3109 914 3162 et
940 3100 1089 3162 distantia
1116 3109 1148 3162 et
1171 3101 1268 3163 uirtus
1291 3102 1399 3164 unitas.
1445 3100 1541 3181 Igitur

180 3191 277 3272 quoth
299 3190 449 3271 particuli
470 3190 592 3253 uirtutis
615 3191 747 3255 Martiae
771 3189 875 3251 Tellus
897 3189 998 3251 Marte
1022 3189 1128 3252 fortior
1155 3195 1221 3252 est:
1251 3198 1348 3253 totum
1376 3190 1540 3253 distantiae
1579 3256 1582 3261 ⁴

181 3279 313 3342 Martiae
336 3280 515 3359 particulam
535 3280 666 3343 amittet.
704 3280 770 3341 Hoc
794 3277 882 3340 facile
905 3278 940 3339 fit
962 3295 1016 3358 per
1038 3279 1173 3357 regulam
1196 3278 1286 3341 falsi:
1310 3298 1389 3359 pono
1412 3296 1540 3360 namque

181 3369 300 3430 radium
323 3369 451 3431 Telluris
475 3368 514 3429 ad
536 3367 680 3431 Martium
704 3385 771 3429 esse
795 3375 829 3429 ut
851 3362 919 3431 694
941 3368 980 3429 ad
1007 3364 1105 3443 1000,
1129 3385 1214 3446 ergo,
1238 3369 1353 3450 inquio,
1378 3368 1403 3431 si
1428 3369 1538 3449 ampli-

182 3459 255 3519 tudo
279 3458 381 3520 circuli
404 3475 458 3537 per
475 3453 560 3520 1000
584 3465 692 3519 notata
713 3456 941 3537 perambulator
962 3476 981 3516 a
1003 3457 1034 3517 iri
1056 3458 1182 3519 metrice
1197 3457 1312 3519 Martia
1335 3454 1399 3520 687
1423 3457 1539 3531 diebus,

182 3545 440 3626 perambulabitur
463 3546 570 3608 eadem
593 3547 624 3607 vi
646 3544 913 3608 Martiacirculus
936 3543 1048 3618 minor,
1082 3563 1137 3625 per
1167 3542 1232 3610 694
1260 3553 1402 3620 notatus,
1434 3545 1539 3609 diebus

180 3634 259 3699 477.
306 3636 375 3697 Jam
400 3635 469 3715 quia
492 3643 609 3697 certum
631 3643 688 3708 est,
714 3634 825 3696 Terrae
849 3632 1003 3695 circuitum
1027 3653 1173 3696 essenon
1197 3630 1279 3711 477,
1305 3635 1360 3696 sed
1383 3631 1447 3699 365
1472 3635 1538 3697 die·

181 3745 266 3787 rum:
295 3743 388 3804 pergo
415 3743 469 3804 per
496 3723 631 3804 regulam
654 3725 804 3785 inversam
832 3722 894 3784 sic:
924 3722 989 3784 dies
1012 3718 1076 3785 477
1101 3733 1346 3786 consumerentur
1368 3745 1388 3786 a
1410 3724 1538 3806 simplici

181 3814 212 3875 ui
234 3813 366 3887 Martia3
400 3821 543 3894 quantum
570 3813 607 3875 de
637 3813 666 3873 vi
689 3810 803 3874 Martia
828 3809 977 3872 consumit
1005 3810 1159 3873 circuitum
1184 3809 1249 3875 365
1280 3832 1346 3877 cum
1370 3814 1538 3893 quadrante

182 3898 295 3965 dierum
317 3922 372 3983 per
395 3902 521 3964 eundem
544 3900 699 3975 ambitum,
724 3919 810 3980 quem
833 3900 919 3961 Mars
942 3900 1102 3961 conficeret
1123 3895 1188 3964 477
1212 3901 1341 3964 diebus?
1376 3902 1457 3965 Nam
1480 3903 1538 3965 du·

181 3991 263 4054 bium
289 4010 348 4054 non
382 3997 448 4065 est,
483 3990 551 4071 quin
585 3990 690 4052 fortior
716 3989 813 4051 virtus
841 3988 1010 4068 requiratur
1037 4006 1126 4069 quam
1156 3997 1203 4051 est
1225 3990 1349 4053 Martia.
1396 3991 1540 4052 Provenit

181 4080 274 4159 igitur
305 4098 397 4159 oupra
427 4080 577 4159 integram
610 4079 670 4140 vim
693 4078 838 4140 Martiam
857 4078 964 4146 ,adhuc
994 4072 1114 4158 mim„
1147 4098 1219 4159 pars
1248 4079 1383 4159 ejusdem
1403 4080 1537 4141 virtutis.

168 4169 223 4232 ,Ει
244 4178 361 4231 tantum
376 4168 480 4229 Tellus
494 4168 597 4231 Marte
619 4167 726 4229 fortior
749 4176 815 4228 est:
841 4167 931 4228 debet
953 4165 1045 4245 igitur
1069 4176 1101 4228 et
1123 4175 1209 4230 tauto
1232 4168 1353 4249 propior
1371 4185 1440 4229 esse
1455 4166 1538 4241 Soli;

180 4277 287 4338 nempe
310 4259 338 4320 si
359 4259 444 4320 Mars
468 4276 522 4336 per
549 4254 633 4320 1000
657 4277 675 4317 a
700 4255 772 4317 Sole
796 4257 923 4317 recessit
949 4254 1110 4328 (distantia
1133 4257 1212 4318 enim
1234 4256 1396 4336 superioris
1420 4275 1538 4336 semper
1628 4250 1633 4257 “

181 4356 229 4410 est
252 4351 400 4428 integrum
424 4346 509 4426 quid)
534 4345 635 4407 Tellus
653 4364 709 4424 per
723 4339 787 4407 306
802 4363 906 4405 earum
928 4345 1058 4423 partium
1080 4344 1203 4423 propior
1226 4344 1302 4406 erit:
1326 4354 1359 4406 et
1382 4345 1536 4407 subtracto

181 4436 326 4518 superiori
349 4431 414 4499 306
438 4436 476 4497 ab
499 4434 631 4496 interiori
654 4430 747 4506 1000,
773 4433 863 4493 debet
884 4433 1042 4535 provenire
1066 4450 1205 4494 numerus
1228 4433 1314 4496 initio
1337 4434 1464 4513 positus,
1488 4433 1537 4495 vi·

181 4527 290 4588 delicet
311 4520 386 4599 694,
411 4523 437 4586 si
460 4543 534 4586 vera
557 4522 614 4585 fuit
637 4522 691 4583 illa
712 4520 843 4600 positi03
867 4521 913 4582 sin
937 4522 1016 4583 falsa
1036 4521 1123 4596 foret,
1148 4540 1219 4602 ergo
1239 4522 1407 4602 operareris
1426 4542 1537 4586 neonu-

180 4616 248 4677 dum
271 4622 435 4697 praecepta
457 4613 593 4693 regulae,
618 4618 650 4671 et
672 4609 796 4671 eliceres
820 4626 923 4683 veram
945 4608 1134 4690 positionem.

268 4703 364 4766 Vides
388 4702 444 4765 hoo
467 4702 562 4764 altero
587 4700 773 4762 theoremate
796 4696 953 4777 provenire
976 4716 1034 4759 non
1058 4698 1149 4775 alios,
1174 4717 1263 4781 quam
1285 4699 1455 4779 superiores
1478 4718 1537 4764 rru-

178 4813 291 4861 meros:
316 4792 393 4857 unde
408 4801 523 4856 certum
536 4797 585 4854 est
599 4790 656 4852 duo
675 4770 737 4852 ista
750 4785 941 4850 theoremata
955 4787 1051 4850 forma
1073 4788 1193 4870 quidem
1208 4788 1337 4866 differre,
1361 4786 1417 4853 sed
1430 4808 1538 4855 reuera
