3609 5634
305 344 415 418 ὅθ’
506 380 508 385 >
902 351 1064 404 mnarum.

306 534 362 577 sua
386 513 497 576 alicubi
520 513 687 588 addixerit,
711 530 806 594 eaque
830 513 869 574 ad
890 521 1008 593 tempus
1032 520 1183 594 praestet,
1207 522 1332 595 umoqm
1354 514 1449 575 modo
1478 517 1596 573 totam
1621 506 1707 568 hanc
1793 592 1794 595 Ἴ

304 623 368 668 rem
391 603 448 684 ipsi
472 603 600 665 utilitati
624 603 696 665 iore.
743 600 805 664 Sed
833 602 920 677 ride,
953 601 1023 681 quid
1051 610 1148 664 metus
1178 602 1270 665 iaciat
1296 603 1478 665 immanium
1512 596 1704 659 verberum.

306 692 441 757 Obsecro
456 701 497 765 te,
511 692 695 772 Praeceptor
710 691 891 766 honorande,
917 691 1040 762 enitere,
1065 700 1099 753 ut
1116 692 1143 753 si
1158 712 1216 773 qua
1230 692 1362 754 conditio
1381 692 1470 773 apud
1498 707 1566 749 vos
1593 694 1702 759 vacet,

305 783 336 846 in
361 802 426 844 earn
451 800 507 862 ego
531 783 701 844 succedam.
749 780 867 861 Ubique
890 780 935 842 ita
957 799 1005 842 me
1028 800 1140 861 geram,
1165 789 1198 844 nt
1221 789 1339 862 gratum
1363 779 1565 863 discipulum
1594 775 1701 837 decet

306 870 403 936 Crede
419 870 499 945 mihi,
516 871 542 932 si
556 870 723 950 Tubingarn
739 879 855 932 mature
869 888 988 944 venero,
1013 871 1123 932 multos
1138 869 1299 953 Styrenses
1315 870 1430 934 nobiles
1446 888 1492 933 eo
1510 875 1701 941 adtraxero,

306 963 363 1043 qni
380 961 522 1023 aliorsum
545 960 753 1022 concederent.
800 958 847 1021 De
874 959 997 1039 negotio
1024 960 1180 1040 eclipsium
1206 961 1338 1041 gaudeo,
1370 960 1426 1023 tibi
1455 965 1601 1023 cautum
1628 953 1701 1035 jam

307 1050 433 1131 pridem.
460 1070 500 1092 ⁴-
525 1049 627 1132 'l'ycho
649 1049 723 1111 mire
745 1048 991 1131 philosophatur,
1014 1049 1156 1111 utendum
1179 1049 1297 1122 canali,
1328 1069 1366 1111 ne
1389 1068 1441 1112 aer
1468 1049 1700 1111 intercurrens

306 1139 471 1202 confundat
494 1145 526 1200 et
549 1138 691 1200 obliteret
713 1138 849 1200 radium:
873 1138 989 1218 optices
1012 1138 1060 1201 hic
1083 1138 1216 1200 nonnihil
1235 1138 1382 1219 indigens.
1416 1141 1510 1203 idem
1527 1134 1699 1197 aestima·

304 1229 387 1290 tione
411 1229 477 1295 sine
501 1227 612 1290 circino
637 1229 729 1303 iacta,
753 1224 774 1291 5
797 1227 928 1314 testibus
951 1228 1217 1300 consentientibus,
1243 1228 1407 1303 contendit,
1432 1225 1577 1307 eclipsin
1606 1222 1696 1286 Solis

305 1314 358 1382 30.
370 1317 440 1380 Jnn.
453 1319 561 1391 (nst.)
577 1316 669 1379 fuisse
685 1325 803 1379 tantum
817 1314 837 1380 5
849 1317 909 1397 dig.
922 1335 1009 1398 quam
1019 1316 1167 1379 Jostelius
1178 1318 1373 1398 Witebergae
1388 1315 1584 1379 aestimavit
1599 1314 1695 1375 simi-

304 1407 374 1469 liter
388 1407 452 1469 sine
467 1406 578 1470 circino
594 1405 613 1470 7
629 1414 661 1469 et
679 1407 759 1469 ultra
778 1406 949 1486 digitorum,
971 1425 1028 1485 ego
1044 1405 1163 1469 Graetii
1182 1407 1220 1468 ad
1236 1415 1303 1469 octo
1324 1396 1386 1468 f'ere
1400 1405 1534 1469 extendi
1552 1403 1692 1465 demon-

306 1497 412 1572 stravi,
436 1516 504 1560 cum
527 1503 609 1559 certo
634 1502 795 1578 appareret
816 1495 846 1556 in
870 1495 955 1557 radio
979 1496 1123 1575 ampliato
1147 1489 1222 1578 fils,
1247 1504 1279 1558 tt
1300 1505 1334 1558 tn
1348 1495 1509 1575 'lubingae
1537 1493 1695 1555 similiter

304 1586 464 1649 artificiose
497 1604 555 1648 noo
588 1578 776 1647 aestimairdo
809 1584 912 1647 vidisti
944 1585 1025 1647 ultra
1063 1585 1216 1647 dimidium
1245 1586 1382 1648 defleam.
1440 1584 1509 1647 Sed
1542 1590 1583 1644 ut
1615 1581 1691 1644 illuc

304 1675 440 1751 redeam,
466 1674 683 1737 demonstratio
707 1673 800 1736 totius
824 1674 868 1736 rei
892 1692 958 1736 oum
982 1676 1025 1736 sit
1045 1675 1170 1756 pulchra
1193 1683 1226 1737 et
1248 1674 1588 1750 artificiosmidetur
1613 1672 1690 1733 mibi

305 1764 415 1844 digna,
444 1784 533 1845 qnam
561 1763 642 1847 typis
672 1763 829 1836 mandem,
859 1771 893 1826 nt
923 1764 1064 1827 hederam
1092 1766 1292 1845 suspendam,
1321 1783 1387 1827 enm
1408 1764 1470 1844 jam
1496 1760 1689 1825 absolutum

305 1853 377 1916 nihil
393 1853 521 1915 habeam
537 1854 627 1916 alind.
661 1854 768 1934 Itaque
792 1852 817 1915 si
842 1854 883 1915 sit
899 1855 1114 1936 typographus,
1138 1853 1248 1916 curabo
1263 1853 1401 1935 imprimi.
1439 1853 1575 1916 Interea
1601 1852 1685 1925 vale,

305 1950 337 2007 et
359 1943 418 2006 mei
440 1960 552 2005 memor
575 1944 629 2014 sis,
653 1945 722 2005 dnm
744 1942 774 2004 iu
798 1943 1023 2005 calamitatibus
1046 1943 1129 2007 hisce
1153 1961 1265 2019 versor,
1290 1945 1339 2024 qni
1361 1962 1408 2006 me
1429 1943 1579 2006 ioclioem
1595 1959 1687 2003 aem·

304 2050 361 2114 per
383 2033 504 2096 amasti.

393 2117 567 2203 Pragaed.
596 2116 942 2185 16.Dec.an.1600.
1197 2122 1236 2183 Η.
1261 2121 1295 2182 Τ.
1342 2120 1430 2184 Grat.
1456 2120 1636 2201 discipulus

1276 2209 1538 2294 mamm

393 2334 431 2396 D.
456 2333 659 2416 D..Zieglero
690 2334 849 2415 plurimam
881 2334 1017 2397 salutem.
1042 2336 1091 2407 (nt
1119 2343 1151 2395 et
1178 2336 1287 2397 ceteris
1315 2335 1568 2416 praeceptoribus
1599 2333 1680 2395 meis

306 2424 457 2499 omuibus)
481 2422 557 2486 dico.
600 2421 759 2495 Quartana
782 2443 840 2485 non
865 2424 925 2485 fert
946 2424 1047 2504 plures
1071 2423 1227 2502 epistolas.
1268 2421 1330 2487 Oro
1354 2433 1464 2497 minen,
1487 2432 1523 2486 ut
1548 2422 1678 2486 ailinem

305 2533 391 2576 sunm
414 2512 453 2576 D.
477 2512 703 2594 Engelhardum
726 2511 923 2576 Stnccardiae
948 2512 1107 2593 degentem
1135 2513 1285 2591 hortetur,
1315 2533 1352 2576 ne
1381 2514 1453 2576 mihi
1481 2533 1541 2575 sua
1578 2531 1677 2593 opera

306 2604 388 2666 desit
410 2604 440 2666 in
463 2621 511 2677 re,
545 2622 633 2683 quam
664 2602 702 2664 ab
726 2603 798 2683 ipso
820 2602 1015 2683 Engclhardo
1037 2622 1093 2685 per
1114 2602 1221 2664 literas
1244 2604 1338 2683 petii,
1374 2604 1465 2666 etde
1489 2623 1551 2683 qua
1578 2602 1676 2681 Zieg-

304 2692 367 2756 lero
399 2700 541 2755 constat:
575 2712 617 2755 sc.
649 2699 682 2753 nt
711 2691 750 2756 D.
776 2692 917 2754 Doldinm
948 2700 1087 2768 moneat,
1122 2700 1155 2754 et
1186 2692 1290 2754 literas
1319 2712 1374 2774 per
1400 2700 1521 2774 postam
1553 2693 1596 2754 ad
1625 2709 1675 2752 me

236 2811 239 2823 ·
306 2782 459 2844 emendet.
544 2778 547 2785 '

378 2940 419 2992 Ad
436 2941 499 2991 baec
511 2938 657 2991 Maertlinns
674 2940 725 2990 'non
743 2940 876 3005 respondit,
896 2941 1042 3006 penitusque
1061 2941 1190 3003 obmutuit,
1209 2943 1320 3008 quamvis
1338 2944 1437 3006 saepius
1456 2942 1600 3007 aKeplero
1619 2954 1673 2990 mo-

305 3014 381 3071 nitus.
396 3027 474 3076 usque
487 3012 520 3062 ad
529 3026 621 3062 aunum
634 3009 710 3072 1605.
722 3027 769 3077 qno
778 3012 882 3062 tandem
892 3011 1001 3077 Keplero
1011 3015 1087 3063 etiam
1100 3019 1176 3079 atque
1190 3015 1265 3063 etiam
1277 3015 1376 3079 roganti
1388 3014 1519 3064 obsecutus
1531 3011 1672 3077 respondit

323 3136 324 3140 ¹
378 3117 440 3168 (lum
456 3120 483 3168 iu
501 3112 665 3181 superioribus
682 3117 862 3167 Maestliui
885 3117 917 3167 de
936 3116 1070 3181 Copemico
1089 3120 1239 3169 senteutiam
1262 3120 1472 3183 proposuerimus,
1499 3134 1549 3168 non
1575 3115 1673 3168 abs-re

306 3204 362 3242 asae
378 3195 504 3254 putamus.
522 3191 544 3238 si
560 3189 679 3252 iudicium
698 3188 809 3252 ejusdem
828 3188 859 3239 de
872 3188 972 3238 decreto
984 3190 1128 3253 pontificali,
1148 3205 1195 3254 quo
1208 3191 1329 3240 damnata
1340 3198 1379 3240 est
1391 3189 1521 3266 popemiei
1534 3190 1610 3247 ratio,
1629 3189 1670 3238 hic
1793 3176 1794 3229 l

307 3275 475 3326 apponamus,
494 3274 635 3325 quanquam
652 3261 836 3323 imperleotum,
855 3260 921 3325 qnod
940 3276 968 3309 eo
986 3261 1067 3310 minus
1085 3261 1125 3312 hic
1144 3262 1305 3311 omittendum
1325 3276 1469 3321 censemus,
1488 3261 1554 3329 quod
1571 3261 1668 3311 Maest-
1692 3270 1696 3278 '

308 3334 372 3384 linus
391 3333 436 3384 sibi
454 3337 622 3397 proposuerat,
642 3330 743 3382 editioni
757 3332 836 3396 operis
849 3330 987 3395 Copemici.
1007 3330 1123 3383 Basileae
1140 3334 1206 3397 typis
1227 3333 1392 3391 recudendae,
1410 3333 1571 3384 Prodromum
1584 3346 1670 3382 mum·

308 3419 356 3469 que
375 3403 537 3470 appendicem
561 3402 703 3468 adiungere.
743 3402 811 3453 Inter
828 3403 998 3466 manuscripta
1015 3403 1179 3455 bibliothecae
1198 3403 1398 3471 Stuttgartianae
1417 3406 1512 3457 scilicet
1529 3404 1667 3470 deprehen-

308 3476 388 3528 dimus
405 3476 499 3526 haecce
517 3488 593 3524 manu
610 3473 737 3524 Maestlini
755 3475 865 3539 scripta:

381 3561 456 3614 ,pap
476 3544 523 3603 90,
541 3552 597 3610 post
614 3547 809 3610 praefationem,
829 3551 888 3596 ante
906 3546 1035 3612 epistolam
1054 3546 1154 3597 (iusseri
1173 3542 1208 3610 ί1)
1226 3550 1414 3611 interponantur
1431 3548 1578 3614 sequentia:

906 3652 1069 3737 66111ιί0.

381 3760 494 3812 ductarii
511 3759 566 3810 loeo
589 3760 648 3810 huie
665 3761 790 3824 praesenti
810 3760 911 3811 editioni
927 3760 992 3811 haec
1011 3762 1141 3825 sequeutia
1163 3762 1279 3813 addenda
1299 3764 1392 3813 censui.
1422 3761 1488 3812 Exiit
1512 3774 1577 3812 auno
1601 3756 1666 3809 1616

310 3844 342 3886 ex
363 3831 528 3897 typographia
552 3828 672 3882 Gamerae
698 3832 855 3896 spostolicae
879 3831 976 3883 Romae
1000 3832 1134 3882 Decretum
1152 3848 1228 3884 manu
1247 3840 1273 3883 et
1296 3835 1375 3901 sigillo
1398 3833 1432 3883 ssl.
1455 3824 1528 3882 Card.
1553 3832 1578 3884 S.
1603 3832 1666 3882 Cae·
1725 3842 1727 3847 ·

311 3904 384 3957 atilae
400 3905 526 3968 signatam
539 3905 705 3961 etmnnitum,
725 3904 765 3954 die
784 3901 799 3950 5
814 3902 912 3955 Martis.
932 3908 1002 3968 cnjus
1020 3906 1146 3967 inscriptio
1164 3912 1217 3955 ert:
1241 3905 1409 3956 Decretum
1422 3905 1448 3956 S.
1467 3905 1666 3972 congregationis

310 3976 349 4028 lll.
368 3973 395 4025 S.
414 3974 446 4024 lt.
466 3975 496 4024 li.
516 3974 698 4030 Cardinalium,
718 3989 734 4025 a
752 3973 778 4025 S.
798 3974 831 4024 D.
850 3974 883 4025 N.
901 3976 979 4025 Paulo
997 3976 1068 4042 Papa
1086 3975 1118 4026 V.
1149 3976 1291 4042 Sanctaque
1310 3978 1368 4035 sede
1387 3975 1530 4042 Apostolica
1548 3977 1581 4027 ad
1599 3976 1664 4026 ludi·

311 4064 366 4101 mm
384 4046 514 4097 Librorum
533 4047 711 4110 eorundemque
729 4048 922 4110 permissionem,
940 4047 1140 4111 prohibitionem,
1160 4051 1376 4115 expurgationem,
1395 4057 1421 4100 et
1438 4050 1623 4113 impressionem
1639 4048 1665 4096 in

311 4122 427 4172 universa
443 4117 507 4183 Rep.
528 4117 668 4168 christiam
686 4118 825 4181 specialiter
842 4119 1030 4182 deputatorum,
1048 4120 1138 4185 ubique
1155 4120 1338 4184 publicandum.
1714 4120 1719 4129 '

381 4191 419 4241 Eo
431 4190 532 4241 decreto
544 4191 609 4239 inter
621 4195 706 4239 cetera
716 4189 781 4240 haec
793 4191 922 4256 leguntur:
948 4191 1030 4252 ,Quia
1048 4191 1081 4242 ad
1099 4194 1212 4242 notitiam
1231 4207 1250 4242 s.
1265 4193 1462 4259 congregationis
1481 4191 1600 4257 persenit,
1617 4188 1661 4240 ial-

312 4278 367 4315 sam
394 4261 463 4312 illam
492 4261 629 4311 doctrinam
656 4260 847 4326 Pythagoricum
875 4262 973 4313 dlrinae
995 4264 1131 4327 scripturae
1154 4267 1252 4315 omniuo
1276 4265 1447 4315 adversantem
1470 4264 1501 4314 de
1528 4264 1663 4313 mobilitate

311 4335 404 4386 'l‘errae
424 4340 450 4383 et
467 4332 638 4383 immobilitate
657 4331 735 4391 Solis,
759 4347 833 4398 quam
850 4333 882 4383 N.
902 4334 1051 4398 (lopernicus
1070 4342 1096 4385 et
1113 4335 1224 4386 Didacns
1243 4338 1364 4386 Amuniea
1387 4339 1463 4386 etiam
1486 4335 1589 4390 docent,
1611 4337 1662 4398 jam

313 4405 434 4472 dirdgart
461 4411 487 4455 et
514 4418 530 4454 a
559 4404 643 4453 multis
670 4404 765 4468 recipis
800 4407 874 4455 sicuti
904 4405 986 4455 ridere
1010 4412 1049 4456 est
1072 4422 1102 4457 ex
1133 4408 1242 4473 quadam
1267 4408 1371 4471 epistola
1395 4410 1515 4471 impressa
1538 4404 1667 4468 cujusdam

313 4477 342 4528 Ρ.
359 4477 510 4528 Camelitas
522 4475 549 4524 P.
564 4477 594 4525 h
608 4476 745 4532 Fossariui,
759 4511 764 4521 .
779 4512 808 4526 ..
827 4477 890 4535 ideo,
910 4492 942 4526 ne
959 4477 1061 4527 ulterius
1079 4478 1216 4541 th'nsmodi
1235 4480 1314 4542 opinio
1333 4480 1358 4528 in
1377 4480 1509 4543 perniciem
1528 4477 1663 4527 catholicae

314 4550 423 4599 veritatis
441 4554 533 4613 serpat,
553 4548 657 4606 censuit,
677 4548 756 4597 dictos
769 4546 931 4613 copernioum
946 4548 977 4599 de
995 4548 1069 4600 rerol.
1089 4551 1181 4600 orbium
1194 4556 1220 4600 et
1231 4550 1354 4600 Didacum
1373 4551 1398 4599 in
1416 4549 1463 4600 Job
1482 4548 1662 4613 suspendendos

315 4632 379 4677 ease,
397 4620 476 4671 donec
494 4621 653 4685 corrigantur.
683 4618 784 4669 Librum
801 4635 858 4670 rero
876 4620 1002 4671 Foscarini
1020 4622 1118 4671 omnino
1135 4621 1327 4686 prohibendum⁸⁴
1347 4621 1392 4672 dte.
1403 4644 1438 4656 -
1457 4622 1536 4683 Quae,
1556 4622 1662 4675 obsecro,

316 4689 423 4742 candide
440 4690 530 4741 lector!
550 4697 589 4741 sat
606 4697 653 4741 tua
670 4691 701 4741 de
719 4691 766 4742 hoe
779 4691 817 4741 111.
832 4691 905 4742 Card.
926 4693 1025 4743 decreto
1037 4693 1159 4744 censura?
1184 4695 1224 4743 Au
1241 4709 1299 4750 noo,
1318 4694 1360 4743 ubi
1377 4696 1481 4758 primum
1499 4696 1552 4756 ejus
1569 4691 1663 4757 magui·

315 4762 390 4814 ficum
407 4762 505 4811 titulum
521 4761 625 4828 legeris,
652 4764 697 4813 tibi
715 4764 861 4827 persuades,
881 4764 914 4814 ad
931 4765 1005 4814 istam
1023 4763 1049 4815 S.
1070 4764 1291 4831 Congregationem
1308 4765 1439 4829 deputatos
1458 4779 1512 4815 esse
1530 4765 1593 4814 riros
1610 4776 1662 4827 spe·

318 4833 430 4891 daun,
453 4847 503 4882 uon
525 4839 623 4883 tantum
640 4836 667 4884 in
690 4835 800 4884 omnibns
819 4834 844 4886 8.
864 4836 1017 4900 theologiae,
1040 4836 1247 4901 jurisprudentiae
1265 4834 1309 4886 dte.
1332 4838 1454 4900 partibus,
1480 4835 1524 4885 sed
1548 4837 1623 4885 etiam
1640 4834 1664 4882 iu

318 4905 384 4958 omni
402 4902 481 4956 solblli
498 4904 696 4955 instmctisstmos
715 4911 741 4955 et
759 4906 926 4966 doctissimam
951 4921 1011 4972 quos
1028 4907 1091 4958 ulhil
1108 4922 1206 4961 eorum.
1232 4922 1296 4977 quae
1314 4907 1418 4975 alicuius
1436 4908 1553 4958 momenti
1570 4908 1596 4956 in
1614 4905 1664 4959 dies
