3609 5634
747 323 970 422 sensaeve(
1470 366 1535 434 279

162 529 201 572 ea
219 537 364 590 oppugnare
382 528 525 590 attenurlt,
542 525 633 578 Status
650 527 752 592 quidam
769 531 871 582 uatium
889 527 944 588 luit,
963 526 1103 578 medicinae
1122 527 1259 579 Galenicae
1278 528 1375 587 doctor,
1396 535 1422 576 et
1440 529 1533 577 Aristo

163 594 258 645 ῑοΙοοο
284 594 453 661 philosophiae
477 598 668 662 supramodum
687 598 814 658 addicms,
842 615 915 664 mem
940 599 980 649 bit
999 599 1125 649 nominare
1152 598 1208 647 nolo
1234 600 1286 661 ejus
1309 597 1394 648 honori
1421 612 1535 662 parcens.

167 664 237 715 Vult
256 666 355 731 quidem
378 669 510 734 isgenere
528 669 617 718 nobilis
638 668 738 724 baberi,
764 672 800 720 uti
819 672 850 720 de
868 686 895 721 se
919 672 972 734 ipso
996 669 1132 719 nonnullibi
1150 670 1275 724 insinuat,
1303 669 1347 718 sed
1364 676 1449 719 tamen
1469 669 1534 718 dicto
1636 726 1640 732 ¹

166 736 318 802 philosopho
337 738 435 792 ethnico
453 741 525 790 nimis
543 741 663 790 serviliter
680 743 775 804 potidre
793 744 829 791 sni
849 749 933 806 parte.
954 740 978 790 h.
999 756 1020 790 e.
1039 742 1113 806 genio
1132 746 1158 790 et
1175 742 1289 805 ingenio,
1312 742 1337 790 in
1356 741 1403 791 boo
1420 753 1533 803 praeser-

169 809 217 857 tim
237 808 269 858 de
289 811 391 860 cometis
410 813 517 876 negotio,
536 813 700 875 mancipatus.
736 812 800 862 Cum
818 814 860 863 ille
879 828 910 863 ex
928 813 1103 862 intercessione
1122 812 1250 874 cujusdam
1269 812 1307 860 sui
1325 812 1482 861 conterranei
1494 826 1534 861 me

169 879 211 929 bic
237 880 367 931 inviscatis
391 882 478 931 librum
505 890 614 932 noenum
642 883 777 934 secundmn
797 884 828 934 de
853 884 963 934 aetherei
986 883 1070 932 mundi
1096 882 1286 947 phaenomenis,
1312 884 1353 946 qui
1379 883 1410 932 de
1429 881 1535 933 Cometa

170 951 234 1000 anni
253 948 297 1004 'il-
316 951 413 1002 affatim
431 959 532 1011 mutat,
551 956 636 1003 mam
654 960 730 1018 atque
747 956 769 1004 is
786 958 852 1019 typis
870 956 996 1005 absolutas
1015 960 1078 1010 evat,
1097 956 1242 1017 accepisset
1261 955 1358 1016 scriptis
1371 953 1403 1003 sd
1421 968 1462 1003 me
1474 953 1532 1003 lite·

169 1023 205 1070 ria
225 1024 375 1073 mamone
393 1031 490 1076 nomas
508 1024 582 1074 istbic
600 1025 802 1090 comprehensas,
830 1028 976 1090 praesertim
1000 1025 1064 1090 qnod
1084 1032 1207 1074 cometam
1234 1025 1302 1074 illum
1324 1026 1351 1073 iu
1374 1024 1533 1075 aetherea

169 1093 281 1143 muudi
309 1094 436 1160 regione
463 1103 490 1147 et
506 1109 663 1160 nequaquam
682 1097 828 1148 elementari
846 1095 947 1159 (contra
968 1111 1042 1161 quam
1066 1096 1151 1145 docum
1167 1093 1326 1155 Aristoteles)
1345 1110 1443 1145 cursum
1460 1110 1532 1145 suum

170 1164 308 1214 absolvisse
326 1165 488 1226 ostenderim,
516 1168 542 1216 in
562 1167 662 1217 dubium
681 1182 770 1218 vocare
788 1175 815 1217 et
832 1174 952 1234 quantum
977 1169 1073 1230 inipso
1101 1174 1156 1216 evat
1182 1167 1335 1216 labefactare
1355 1172 1459 1216 conatus
1485 1172 1531 1215 est

171 1235 353 1286 Existimabam
381 1245 448 1287 cene
466 1239 498 1286 ab
522 1239 600 1295 initio,
628 1239 752 1289 bominem
778 1242 858 1290 amice
884 1247 910 1289 et
935 1239 1040 1289 candide
1064 1239 1172 1288 veritatis
1200 1233 1307 1302 penitius
1331 1236 1531 1286 manifestandae

169 1307 257 1371 gratia
274 1307 299 1357 id
317 1308 396 1372 ipsum
415 1321 498 1373 agere.
536 1309 609 1369 Quod
627 1317 652 1359 et
670 1310 740 1360 multi
759 1310 800 1359 alii
818 1326 868 1360 non
887 1310 1003 1360 ineruditi
1021 1310 1064 1359 viri
1081 1323 1176 1358 mecum
1190 1309 1283 1372 opinati
1297 1315 1368 1362 sunt,
1394 1309 1458 1357 inter
1470 1322 1530 1372 quos

170 1383 229 1426 erat
245 1378 393 1442 magnificus
418 1379 459 1429 ille
476 1379 542 1430 Jac.
563 1380 705 1432 (lartius,
733 1382 828 1444 imperii
852 1381 1060 1445 procaucellarius
1078 1377 1123 1429 dc.
1161 1381 1195 1429 At
1214 1379 1289 1430 Scuto
1311 1379 1381 1435 huic.
1408 1393 1463 1427 cum
1481 1393 1531 1428 nou

170 1448 251 1496 solum
269 1449 443 1498 Aristotelem
462 1453 636 1500 auctoritatem
653 1452 758 1501 multum
776 1459 863 1502 contra
880 1467 925 1500 nos
944 1451 1084 1505 venditarit.
1104 1451 1148 1499 sed
1161 1452 1236 1499 etiam
1249 1450 1426 1514 geometricum
1445 1451 1530 1499 neseio

170 1519 230 1584 quid
248 1533 292 1582 pro
310 1533 357 1569 sua
374 1521 487 1584 opinione
505 1521 656 1572 stabilienda
673 1525 829 1586 pertexnerit,
848 1524 896 1587 ipsi
914 1523 959 1571 soli
976 1521 1088 1571 modeste
1106 1521 1253 1572 obviandum
1272 1522 1375 1576 censui,
1393 1522 1483 1583 partim
1502 1525 1531 1569 ut

171 1592 227 1653 elna
245 1591 411 1652 obiectionm
437 1606 502 1656 quae
525 1595 634 1656 speciem
650 1594 776 1656 quandam
795 1596 845 1644 reri
864 1607 923 1658 prae
940 1607 968 1643 se
992 1593 1106 1643 ferebant
1133 1599 1159 1642 et
1176 1594 1291 1642 meantes
1317 1591 1392 1641 facile
1410 1592 1436 1640 in
1455 1591 1530 1642 devia

171 1661 285 1725 abripere
302 1667 427 1725 poterant,
446 1662 578 1717 diluemm.
605 1665 695 1729 partim
720 1674 749 1715 nt
765 1665 885 1715 nonnulla
902 1666 929 1713 iu
947 1665 1034 1714 eodem
1052 1663 1084 1712 ll.
1103 1671 1169 1714 tomo
1194 1669 1315 1713 contenta
1331 1663 1429 1726 plenius
1447 1669 1474 1711 et
1491 1661 1528 1712 di·

170 1731 278 1782 lucidius
304 1732 452 1797 explicarem
478 1741 553 1798 atque
571 1736 603 1784 de
620 1750 648 1785 re
666 1739 788 1786 comedes
805 1737 959 1801 moralium
977 1735 1090 1799 'quodam
1107 1735 1180 1784 modo
1203 1734 1322 1790 nonnulla
1349 1733 1450 1783 ultbsius
1469 1748 1528 1782 con·

171 1804 315 1868 signam:
339 1819 450 1868 sperans,
469 1820 508 1854 sne
527 1806 573 1869 ipsi
591 1812 618 1855 et
636 1806 691 1856 aliis
708 1808 819 1857 veritatis
842 1808 891 1857 bac
910 1807 935 1855 in
960 1813 1031 1870 parte
1049 1806 1226 1856 scrutatoribus
1243 1820 1296 1855 rem
1310 1805 1384 1874 ,haud
1403 1805 1529 1869 ingratam

172 1876 209 1924 aie
236 1875 419 1937 praestiturum.
462 1875 545 1935 Quare
571 1880 709 1940 conscripta
736 1885 928 1942 extemporanea
953 1877 1060 1942 quadam
1082 1877 1205 1942 Apologia
1232 1890 1288 1925 eam
1315 1877 1340 1925 in
1359 1874 1469 1925 Scotiam
1497 1875 1529 1924 ad

170 1946 357 2009 antagonistam
374 1953 484 1996 nostrum
502 1948 626 1998 transmisi
653 1948 806 2013 eandemque
824 1964 880 1999 cnm
898 1948 1044 2013 quibusdam
1073 1948 1128 1998 aliis
1147 1949 1172 1996 in
1191 1946 1327 1996 Germania
1344 1947 1400 1994 viris
1419 1960 1527 1996 commu·

171 2017 260 2073 niam,
289 2023 318 2065 ut
336 2032 419 2066 ecmm
438 2032 556 2067 censuras
574 2020 667 2083 pariter
685 2022 843 2084 exquirerem.
881 2018 960 2081 (Hinc
979 2026 1033 2068 orta
1051 2034 1106 2068 esse
1125 2018 1220 2067 videtur
1238 2017 1303 2067 falsa
1320 2018 1401 2080 opinio
1420 2031 1526 2081 quorun·

171 2087 229 2136 ἀοιιι
246 2087 313 2136 hanc
332 2088 471 2153 apologiam
489 2089 579 2152 publici
599 2091 660 2152 iuris
679 2090 773 2140 factam
792 2089 867 2148 esse.)
905 2091 935 2140 lu
953 2090 1002 2140 bae
1021 2089 1136 2155 apologia
1163 2104 1203 2139 me
1221 2088 1359 2138 modestiae
1377 2088 1468 2137 limites
1486 2102 1527 2137 us·

170 2159 237 2221 ρὶιιιι
255 2167 435 2223 uanagressnm
454 2168 498 2210 aut
515 2161 573 2224 quid
591 2162 654 2210 citra
672 2175 723 2210 rem
741 2163 870 2225 protulisse
895 2161 1020 2224 mihiipsi
1045 2176 1095 2210 non
1113 2175 1168 2209 sum
1196 2161 1316 2210 conscius.
1353 2160 1389 2209 At
1407 2159 1528 2223 quomodo

170 2227 327 2292 philosophas
344 2228 386 2279 ilie
403 2231 574 2281 Arismtelicas
593 2239 702 2281 mnam
721 2232 786 2283 bane
805 2233 938 2283 candidam
957 2239 982 2282 et
1000 2234 1046 2296 lpsi
1065 2233 1102 2280 nti
1120 2231 1251 2294 sperabam
1270 2236 1400 2294 οοοοῃιοω
1419 2230 1528 2280 futuram

169 2300 333 2349 intentionem
350 2303 481 2365 exceperit,
501 2302 549 2352 dici
561 2303 600 2351 vix
611 2309 701 2366 potest
738 2304 872 2367 Postquam
890 2305 957 2353 euim
976 2317 1053 2367 usque
1071 2304 1098 2352 iu
1116 2304 1216 2351 tertium
1229 2315 1323 2352 annum
1341 2302 1408 2351 hanc
1421 2301 1527 2350 amicam

169 2370 310 2435 apologiam
326 2385 411 2421 aetum
429 2374 571 2423 retimiaaet
594 2374 703 2438 nihilque
720 2377 829 2439 responsi
858 2381 929 2424 tauto
948 2381 1060 2437 tempore
1083 2374 1278 2437 persumpsisset,
1307 2387 1364 2421 enm
1382 2372 1420 2422 vel
1438 2373 1528 2420 nostris

168 2441 335 2491 diluitionibua
360 2444 512 2506 acquievisse
530 2450 557 2493 et
573 2446 600 2494 in
616 2444 664 2494 has
681 2446 824 2496 transivisse
843 2451 927 2508 partes
946 2445 1134 2503 existimabam,
1165 2443 1212 2498 vel,
1231 2443 1296 2507 qnod
1315 2442 1527 2492 contradictiones

168 2527 219 2562 nen
238 2511 312 2563 iacile
330 2512 432 2562 ulterius
451 2519 615 2572 autumarent,
635 2517 792 2566 continuisse.
829 2516 943 2565 'landem
960 2531 1031 2571 vero,
1058 2521 1129 2579 rupto
1148 2513 1188 2562 illo
1207 2513 1259 2562 alto
1280 2513 1390 2574 silentio,
1410 2513 1528 2576 scriptum

168 2571 293 2646 quoddam
311 2585 538 2650 antapologeticnm
555 2586 628 2649 paulo
647 2586 802 2636 virulentiore
821 2594 847 2636 et
855 2587 1009 2636 mordaciore
1024 2587 1115 2643 auimo,
1135 2598 1209 2649 quam
1228 2586 1294 2647 prius
1306 2599 1350 2647 per
1361 2584 1447 2633 literas
1466 2596 1523 2647 ege·

110 2657 115 2665 '
169 2661 217 2711 rat,
237 2655 262 2703 in
280 2669 324 2703 nos
342 2656 445 2706 vibravit
464 2653 509 2706 &a
530 2657 655 2706 ''litulnm
673 2657 734 2708 fecit
750 2658 807 2708 hnic
826 2657 983 2707 stomachose
1003 2664 1029 2707 et
1047 2656 1163 2707 insolenti
1176 2655 1279 2717 scripto:
1299 2655 1526 2718 Capnuraniae

168 2726 339 2775 restinctio
358 2741 411 2776 seu
429 2734 618 2778 cometarum
642 2730 671 2777 in
691 2728 828 2780 aethera
852 2728 1095 2778 sublimationis
1118 2725 1278 2776 refutatio
1298 2724 1343 2775 dtc.
1382 2724 1525 2774 Solidiorem

169 2801 196 2846 st
212 2797 345 2860 specialem
363 2799 416 2860 eins
433 2799 619 2862 replicationem
637 2802 688 2848 unt
706 2815 762 2850 cnm
781 2800 938 2850 convenienti
955 2800 1105 2849 refutatione
1124 2797 1198 2847 alicui
1217 2810 1248 2845 ex
1265 2797 1356 2845 uostris
1375 2796 1460 2846 amicis
1480 2801 1526 2846 aut

168 2868 245 2917 οιίιιιι
262 2867 385 2931 discipulis
403 2869 491 2919 laurum
508 2883 589 2920 rerum
606 2872 689 2934 gnaris
706 2885 751 2920 sne
769 2877 878 2934 tempore
897 2871 1067 2933 exequendam
1084 2867 1270 2919 commendabo.

239 2937 311 2988 Haec
323 2939 408 3001 Tyobo
426 2938 452 3002 (e
470 2941 546 2991 literis
566 2941 591 2990 d.
602 2940 704 2990 Uranib.
723 2942 747 2991 d·
767 2939 807 2990 tt.
820 2943 879 2992 lan.
901 2937 970 2989 1595
989 2942 1014 2990 in
1034 2941 1127 3003 „Epist
1139 2938 1256 2988 Aenon!
1277 2940 1318 2989 lib.
1332 2937 1352 2987 1.
1366 2953 1390 3001 p.
1405 2933 1457 2986 284
1470 2952 1523 3002 sqq.

169 3009 208 3058 ed.
222 3009 335 3060 Franoof.
355 3024 379 3060 s.
400 3009 489 3072 isto).
528 3012 670 3062 Gassendns
688 3014 713 3062 in
733 3015 785 3063 vita
796 3007 921 3074 Tycbonis
933 3011 1015 3065 refert.
1036 3010 1137 3060 Scotum
1151 3010 1217 3059 huno
1230 3006 1355 3059 Medicum
1373 3009 1458 3062 luisse,
1477 3023 1522 3057 no·
1566 3044 1569 3052 .

169 3082 234 3131 mins
253 3079 431 3145 Craigium,
451 3090 477 3133 et
495 3082 792 3147 Lougemontannm,
816 3082 940 3147 Tycbonis
959 3081 1105 3147 discipulum
1124 3080 1297 3144 conscripsisse
1316 3079 1462 3143 Apologiam
1481 3094 1525 3142 pro

169 3150 297 3215 Tycbone,
325 3165 390 3214 quae
408 3155 429 3202 si
446 3155 529 3218 ntique
548 3156 688 3219 conscripta
705 3162 773 3205 certo
792 3170 841 3203 uon
854 3155 944 3217 publici
954 3154 1016 3217 juris
1029 3153 1154 3203 factaest.
1169 3150 1266 3214 (Comp.
1281 3150 1376 3200 Mulieri
1392 3149 1526 3212 ,Cymbria

168 3221 296 3354 literata‚)“
322 3221 355 3271 11.
378 3239 402 3288 p.
428 3221 484 3272 tto.
511 3232 538 3274 et
561 3222 691 3275 Scheibelii
713 3226 870 3291 ,Elnleitung
889 3241 932 3274 znv
950 3223 1174 3275 mathematischen
1194 3221 1455 3277 Biicherlseuutniss,“
1476 3219 1524 3278 ΙΙΙ,

237 3364 268 3414 Iu
286 3364 373 3415 eodem
390 3369 475 3415 autem
492 3366 614 3416 volumine
633 3365 856 3432 Manuscriptorum
869 3367 1121 3431 Petropolitaucrnm,
1141 3380 1154 3415 e
1173 3380 1220 3430 qno
1240 3364 1402 3414 desumsimus
1421 3363 1525 3428 Kepleri

167 3437 333 3501 fragmentum
350 3449 502 3486 coucemens
520 3436 576 3488 Ursi
594 3437 779 3499 refutationem,
809 3439 1013 3501 deprehendimus
1041 3437 1108 3487 aliud
1131 3438 1298 3502 fragmentum
1317 3435 1420 3497 Kepleri
1449 3449 1526 3485 mauu

168 3507 284 3571 mviptnm
303 3503 337 3567 (o.
357 3507 453 3557 initium
472 3506 632 3568 ausitidi),
650 3510 805 3574 imeriptum:
833 3509 1005 3561 Refutatio
1024 3508 1141 3565 libelli,
1161 3509 1211 3558 cui
1230 3506 1346 3557 titulus
1366 3506 1524 3571 (lapsura-

168 3579 243 3629 uias
261 3579 446 3628 restinctio.
1413 3607 1420 3618 «

238 3647 315 3699 Stetit
338 3663 397 3714 ergo
414 3648 537 3713 Keplesua
564 3650 613 3700 lide
638 3663 712 3714 quam
730 3650 840 3713 hebeni
865 3639 981 3708 dederat,
1010 3650 1121 3714 qnamris
1145 3649 1321 3698 refutationem
1342 3647 1409 3698 hano
1433 3646 1526 3711 pariter

169 3727 243 3785 atque
261 3720 329 3770 illam
348 3719 404 3770 Ursi
422 3735 472 3770 nou
490 3720 629 3772 absolutam
647 3722 780 3786 reliquerit.

239 3843 309 3894 Haec
328 3849 413 3895 autem
431 3849 491 3894 sunt
509 3851 573 3909 qnae
591 3845 657 3894 dicto
675 3844 731 3894 loco
749 3849 862 3894 emtant:

247 3970 275 4025 Si
296 3970 475 4040 Gapnurania
495 3981 553 4032 tua,
575 3972 616 4025 vir
637 3972 801 4037 doctissime,
823 3973 856 4024 de
877 3971 933 4025 tuis
954 3973 999 4026 vel
1013 3971 1150 4042 Tyobonis
1172 3968 1288 4040 privatis
1310 3969 1394 4021 rebus
1415 3973 1525 4039 egeret,

169 4052 219 4104 abs
241 4057 270 4104 te
290 4057 427 4121 peterem,
448 4052 490 4105 uti
509 4051 576 4105 mihi
596 4051 768 4121 ignosceres,
795 4053 865 4122 quod
887 4051 999 4123 ignotus
1021 4059 1051 4106 et
1071 4053 1224 4106 Germanus
1247 4057 1275 4104 te
1296 4048 1407 4102 Scotum
1428 4049 1524 4101 adven

169 4130 271 4185 sarium
297 4130 362 4184 mibi
387 4131 551 4202 delegerim,
578 4136 708 4203 tuumque
734 4132 859 4186 libellum
886 4132 1062 4187 refutandum
1088 4131 1237 4186 sumserint
1280 4127 1425 4182 Petitionis
1447 4141 1524 4180 meae

169 4227 268 4265 musas
289 4210 421 4265 haberem
441 4218 486 4264 sat
506 4211 656 4281 speciosas.
697 4212 742 4266 Ex
764 4227 956 4283 quonamque
977 4229 1054 4283 spem
1083 4211 1195 4280 concepi
1218 4210 1277 4263 fore
1297 4215 1330 4262 ut
1347 4204 1524 4266 astrommia,

169 4307 250 4362 quam
270 4291 448 4345 vehementer
468 4306 542 4354 amo,
565 4291 702 4361 Tychonis
724 4308 811 4361 opera
832 4292 1003 4361 perficiatur:
1035 4310 1089 4346 non
1109 4307 1222 4360 possum
1242 4306 1295 4342 nen
1317 4287 1410 4340 itidem
1431 4300 1525 4338 amare

168 4371 256 4426 virum
276 4378 334 4425 tam
355 4371 492 4426 eximium.
536 4371 611 4425 Unde
633 4372 766 4442 sequitur,
788 4379 820 4426 ut
841 4371 969 4443 quidquid
991 4373 1077 4442 ipsius
1093 4371 1184 4425 famae
1205 4366 1406 4437 commodisque
1427 4365 1524 4417 adrer-

170 4457 262 4515 satur,
282 4451 308 4504 ei
329 4468 380 4513 me,
403 4458 533 4522 quantum
554 4450 612 4505 lieri
634 4458 728 4520 petest
749 4461 779 4506 et
799 4453 931 4506 honestas
953 4452 1067 4522 patitur,
1090 4466 1234 4521 opponam.

247 4532 401 4585 accederet
420 4539 451 4584 et
470 4531 546 4592 iilud,
568 4533 647 4601 quod,
670 4548 730 4585 curn
752 4531 778 4585 iu
792 4534 889 4586 cadem
903 4549 962 4586 cum
977 4532 1140 4602 Tycbone
1154 4530 1237 4598 culpa
1252 4543 1340 4596 ponas
1354 4533 1384 4578 et
1397 4523 1523 4578 Maest-

169 4610 275 4664 linum
295 4617 503 4681 praeceptorem
524 4628 627 4674 meum,
658 4629 713 4664 non
733 4612 816 4665 venia
836 4612 937 4672 solum,
967 4614 1016 4665 sed
1036 4619 1067 4665 et
1086 4612 1168 4664 laude
1189 4609 1302 4678 dignum
1317 4605 1382 4672 jure
1404 4619 1524 4673 pronun·
1622 4641 1629 4652 ,

170 4689 273 4755 eiures,
296 4691 319 4743 si
340 4690 441 4744 famam
460 4690 530 4758 ejus,
553 4690 605 4744 etsi
627 4699 777 4760 praeterea
797 4691 865 4745 nibil
886 4708 1013 4762 agerem,
1035 4698 1133 4745 uonna
1152 4695 1216 4746 tues
1238 4685 1441 4741 criminationes
1462 4682 1524 4738 lite·

169 4770 258 4824 ranas
279 4787 439 4825 assererem.
482 4772 543 4825 Non
564 4771 647 4824 debet
668 4771 739 4826 enim
764 4771 863 4825 mortni
884 4780 915 4824 et
935 4772 1040 4825 ethnici
1060 4767 1248 4840 praeceptoris
1274 4764 1426 4820 auctoritas
1448 4766 1522 4834 apud

170 4857 198 4905 te
219 4853 397 4907 sacrosancta
417 4868 486 4914 esse,
509 4852 582 4920 apud
603 4868 645 4905 me
666 4852 721 4905 vivi
742 4859 772 4906 et
792 4850 943 4905 Christiani
964 4852 1026 4906 vilis
1047 4850 1154 4905 haberi.
