3609 5634
739 378 1041 468 ememtes*
1500 399 1562 466 sor

197 556 250 619 Es
272 548 373 620 tamen
398 557 452 620 illa
474 557 593 638 tragica
615 556 729 638 pasim
752 543 926 620 inhus'tria
948 533 1004 620 sub
1028 557 1092 638 ejus
1107 557 1226 621 minine
1240 559 1415 640 palliantur.
1453 562 1566 623 Astro-

200 644 270 725 logi
293 646 440 721 dicerent,
466 646 566 726 vigere
591 645 786 709 directionem
811 647 876 726 ejus
900 648 945 708 Μ.
962 645 997 710 C.
1023 648 1061 709 sd
1087 650 1148 719 00)
1172 657 1204 709 et
1229 645 1298 724 *b

279 803 325 854 His
345 803 376 855 de
394 806 467 856 rebus
484 805 590 868 politicis
609 806 791 855 narrationibus
810 805 871 855 nihil
891 806 1033 856 addendum
1052 821 1194 866 ceueemns;
1214 815 1387 872 comparentur
1404 807 1524 857 historici.

279 875 359 935 Quem
378 891 454 940 supra
472 876 532 927 dicit
543 876 676 940 Keplerus,
695 875 984 934 Zimmermannus,
1004 878 1209 942 superintendens
1221 887 1277 928 erat
1299 878 1567 942 ecclesiarumStyriae

202 945 311 996 Lutheri
335 945 394 997 fidei
422 947 590 1008 addictarum,
617 948 675 997 inde
700 947 732 997 ab
758 962 823 997 anno
844 945 922 997 1598.
958 948 1042 999 Natus
1060 955 1099 999 est
1122 964 1188 999 anno
1208 947 1278 998 1510
1294 949 1439 1006 Neostadil,
1462 950 1488 998 in
1507 950 1564 998 ciri·

204 1023 263 1067 tate
288 1017 518 1084 Wunembsrgica,
549 1026 577 1069 st
601 1019 735 1069 Massiliae
761 1020 854 1083 pn’dem
883 1020 995 1070 amicitia
1017 1023 1164 1083 conjunctus
1189 1027 1258 1078 erat,
1286 1036 1342 1071 cum
1366 1027 1469 1085 uterque
1495 1019 1568 1069 simul
1633 1039 1636 1044 >

205 1102 252 1151 per
282 1089 376 1154 aliquot
402 1104 481 1140 annos
507 1089 690 1156 Heidelbergas
713 1097 920 1149 continuaretur,
947 1091 989 1141 ille
1014 1105 1086 1141 sacer
1111 1094 1227 1156 principis
1256 1100 1338 1142 orator
1365 1099 1390 1140 et
1418 1104 1434 1140 a
1458 1091 1566 1140 consiliis

206 1159 466 1279 ecclesiasticis3,0hic
493 1161 634 1211 matheseos
658 1161 786 1226 professor.
824 1160 863 1210 De
889 1162 1083 1213 Zimmermanni
1110 1162 1159 1212 lilio
1186 1163 1263 1214 refert
1286 1163 1410 1226 Keplerus
1432 1161 1565 1211 Maestlino

204 1244 284 1294 supra
301 1245 360 1295 pa.
418 1266 425 1280 .
540 1257 545 1264 =

282 1246 374 1352 Liteiis
389 1301 490 1366 Keplerl
504 1301 528 1351 d.
543 1300 680 1353 15111111
698 1301 1037 1366 respondlt‘hlaestlinus
1054 1303 1163 1368 pluribus
1184 1304 1315 1369 „postridie
1329 1301 1454 1366 0111111.
1470 1300 1563 1353 ¹598!

205 1371 280 1434 Quae
299 1388 330 1423 ex
347 1373 385 1423 his
407 1374 485 1423 literis
501 1373 551 1424 huc
569 1375 702 1438 portinent,
721 1374 784 1424 haec
802 1381 872 1424 sunt:

278 1443 377 1494 Litsras
390 1445 466 1502 Tuas,
481 1444 588 1495 Doctiss.
598 1444 651 1501 l'ir,
670 1444 777 1494 Domine
790 1452 816 1495 et
830 1447 909 1495 amice
922 1445 1049 1509 perchara.
1070 1447 1157 1510 accepi
1168 1446 1226 1496 mihi
1239 1446 1408 1512 gratissimas:
1426 1445 1487 1495 mihi
1504 1459 1563 1510 quo·

206 1529 255 1578 que
273 1523 394 1580 pergrata
411 1523 450 1565 est
467 1516 632 1579 respondendi
651 1517 756 1566 occasio.
795 1515 846 1566 Sed
864 1518 906 1566 ubi
919 1517 1010 1567 faciam
1029 1517 1142 1566 initium?
1179 1520 1219 1566 An
1237 1532 1287 1567 non
1306 1518 1338 1572 ab
1357 1531 1395 1582 eo,
1414 1517 1480 1582 quod
1491 1532 1565 1580 super

206 1585 307 1635 modum
323 1587 420 1652 ingenti
439 1588 565 1638 moestitia
583 1602 624 1637 cor
641 1602 724 1637 meum
743 1587 830 1636 aliiixit
850 1595 876 1639 et
895 1587 975 1638 adhuc
995 1587 1103 1656 affligit?
1362 1625 1367 1630 -

279 1656 361 1707 Natus
381 1659 428 1707 luit
445 1657 505 1707 mihi
524 1658 601 1712 iilius,
628 1666 702 1707 natus
720 1665 759 1707 est
778 1660 855 1708 etism
871 1659 925 1709 tibi.
963 1659 1017 1709 Ab!
1048 1659 1151 1710 Utinam
1170 1659 1264 1709 felicior
1280 1664 1337 1708 tuus
1356 1657 1463 1715 eradat,
1489 1665 1563 1723 atque

206 1736 234 1777 te
260 1736 378 1793 tuumque
404 1731 517 1779 suarium
545 1731 617 1779 aliter
644 1729 777 1779 exhiberet.
815 1730 917 1794 Speravi
941 1731 1081 1781 diuturnam
1105 1733 1181 1780 sitam
1204 1729 1273 1780 filioli
1296 1731 1359 1788 meis
1390 1729 1497 1780 conisus
1519 1731 1563 1788 lul,

206 1801 287 1864 ipsum
305 1802 441 1850 senectutis
460 1800 593 1864 aliquando
617 1815 690 1850 meae
708 1814 767 1864 prae
786 1803 876 1851 ceteris
898 1805 960 1852 meis
979 1803 1060 1852 liberis
1078 1803 1131 1852 iore
1149 1802 1274 1852 baculum.
1311 1801 1413 1851 Promisi
1431 1801 1491 1849 mihi
1509 1799 1563 1864 plu·

205 1873 270 1921 rima
288 1871 320 1919 de
338 1873 404 1934 ips0;
424 1871 466 1921 alii
484 1871 543 1921 mihi
561 1887 591 1920 ex
610 1874 692 1922 animo
710 1879 768 1921 sunt
786 1873 913 1938 gratuitati.
951 1874 1004 1940 Ego
1017 1873 1072 1924 Deo
1091 1888 1152 1939 quas
1169 1874 1332 1939 persolverem
1351 1873 1444 1940 gratias
1461 1873 1563 1931 nesciri,

206 1942 292 1994 sedulo
312 1949 396 1992 umen
420 1943 597 1992 ardentissimis
619 1945 681 1992 rotis
708 1944 787 2007 ipsum
810 1944 948 1994 sollicitari.
966 1941 1079 1995 'Verum
1101 1944 1162 1995 iliud
1184 1960 1266 1996 meum
1284 1945 1403 2010 gaudium
1422 1942 1563 1993 diuturnum

206 2030 256 2064 non
275 2014 330 2061 luit.
366 2012 433 2063 Nam
453 2012 485 2063 ad
505 2013 520 2062 5
540 2015 693 2078 septimanas
717 2029 766 2063 non
791 2017 917 2078 perrenlt3
946 2019 1038 2066 etenim
1061 2017 1100 2066 die
1120 2013 1154 2081 ζ,
1180 2017 1220 2080 qui
1239 2017 1286 2065 luit
1305 2015 1346 2064 15.
1366 2015 1425 2065 Feb.
1445 2015 1564 2078 epilepsia

206 2086 319 2136 laborare
338 2086 412 2148 cepit,
431 2084 493 2135 hora
510 2087 592 2135 noctis
611 2082 643 2144 ὃς
663 2085 720 2135 inde
739 2100 789 2151 seq.
810 2086 851 2136 die
869 2088 992 2136 continuis
1010 2089 1155 2152 paroxismis
1172 2094 1253 2136 totum
1271 2085 1441 2150 corpusculum
1460 2100 1563 2136 enerva-

203 2166 259 2208 tum
276 2156 331 2213 luit,
351 2164 381 2205 ut
397 2156 459 2206 hora
477 2158 556 2206 noctis
579 2154 611 2205 10
628 2163 779 2221 postremum
797 2158 951 2208 exhalaverit
964 2159 1083 2221 spiritum.
1123 2158 1177 2208 hh!
1205 2158 1252 2208 Ubi
1264 2172 1323 2208 mea
1333 2158 1378 2207 illa
1390 2156 1463 2220 spesi
1482 2171 1564 2207 meum

204 2225 342 2295 gaudium?
370 2226 428 2277 illae
447 2226 647 2294 gratulationes?
684 2227 713 2278 ln
730 2230 897 2286 moestitiam,
923 2229 1064 2292 lachrymas
1083 2237 1109 2280 et
1126 2228 1318 2293 insuperabilem
1336 2228 1461 2280 1111111111
1480 2228 1566 2277 omnia

204 2308 264 2349 sunt
280 2297 400 2348 resoluta.
437 2298 520 2348 Natus
538 2300 585 2348 fuit
602 2298 662 2348 mihi
680 2298 745 2347 iilius
763 2315 813 2349 non
831 2300 900 2349 filia:
933 2307 959 2349 et
993 2300 1076 2350 uidem
1094 2316 1123 2350 eo
1142 2308 1252 2363 tempore
1269 2315 1316 2364 qno
1334 2300 1442 2348 maxime
1460 2310 1562 2363 exopta·

204 2384 296 2421 seram.
328 2368 427 2419 Nomen
446 2369 478 2420 ab
496 2371 609 2435 Augusto
627 2371 737 2434 principe
756 2372 954 2435 accepithugns
1010 2407 1016 2420 .
1048 2375 1188 2437 Angustum
1206 2371 1315 2420 futurum
1333 2371 1437 2435 speravi
1470 2369 1565 2419 Verum

205 2450 284 2493 morte
301 2445 329 2489 st
345 2441 442 2505 quidem
461 2442 606 2505 epileptica,
634 2441 705 2499 dira,
728 2442 791 2500 lata,
809 2455 874 2507 quae
891 2442 1040 2493 videbantur
1057 2443 1201 2494 felicissima
1223 2442 1321 2499 omina,
1349 2444 1375 2491 iu
1398 2439 1500 2490 nihilum
1518 2441 1563 2491 ab·

203 2517 293 2565 iamt.

276 2582 326 2633 Sed
344 2596 391 2650 quo
409 2583 472 2632 abeo
491 2583 622 2634 affectibus
640 2591 667 2633 et
684 2584 909 2647 perturbationibus
936 2579 966 2645 (a
984 2583 1085 2649 quibus,
1113 2584 1133 2632 si
1159 2582 1231 2632 irene
1248 2584 1284 2632 eis
1301 2583 1398 2641 laxem,
1422 2596 1462 2631 me
1480 2583 1520 2631 rix
1537 2589 1564 2632 et

204 2655 313 2721 proiecto
331 2656 372 2703 rix
389 2668 504 2705 revocare
522 2651 633 2718 possum)
652 2656 755 2704 nimium
776 2655 883 2705 inhians.
921 2658 1049 2720 Augustus
1067 2661 1106 2704 eat
1123 2655 1150 2703 in
1167 2655 1272 2719 glorioso
1291 2662 1397 2720 augusto
1412 2652 1563 2718 Angelorum

205 2728 286 2787 choro,
307 2725 482 2789 compendiosa
499 2727 540 2774 ria
557 2726 591 2776 ad
608 2726 635 2776 11
652 2726 716 2790 quod
734 2726 903 2790 pn'ncipaliter
920 2739 1048 2790 speramus
1068 2728 1186 2788 pervenit.
1224 2727 1258 2774 at
1277 2740 1333 2791 ego,
1353 2726 1399 2776 etsi
1416 2726 1497 2774 omine
1514 2723 1562 2773 hoc

204 2813 254 2848 non
271 2798 390 2860 deceptus
407 2811 574 2854 aum-oman
589 2802 682 2848 vtamen
704 2798 771 2848 istud
793 2798 868 2862 longe
891 2798 966 2847 aliter
988 2796 1047 2846 mihi
1073 2797 1108 2846 lui
1126 2798 1310 2861 interpretatus.
1348 2795 1425 2847 Vivat
1442 2810 1500 2860 ergo
1519 2796 1561 2852 ibi,

204 2871 300 2920 frustm
317 2869 404 2933 quibm
422 2867 568 2919 1101111111
591 2869 617 2917 in
634 2883 678 2933 spe
700 2870 753 2932 lpse
775 2870 803 2919 in
826 2883 865 2927 re,
895 2870 955 2934 quia
972 2867 1027 2918 Deo
1053 2869 1090 2918 ita
1114 2869 1193 2917 risum
1216 2874 1266 2918 est:
1297 2869 1396 2918 interim
1420 2867 1562 2916 1111111111ιί

203 2954 320 3005 magnum
339 2939 487 2989 desiderium
503 2939 544 2988 hie
562 2940 621 2988 mihi
639 2940 744 3004 reliquit.
780 2938 952 2989 Veruntamen
976 2940 1093 3004 quoniam
1118 2939 1288 2990 animadverto
1311 2942 1390 3003 ipsum
1414 2938 1562 3003 longaevum

203 3013 242 3060 rix
259 3013 367 3061 lutrarum
379 3009 453 3059 inisse
473 3006 539 3070 (ride
557 3024 632 3074 supra
648 3027 673 3074 p.
688 3008 761 3071 298),
781 3024 829 3075 ago
847 3009 903 3060 Deo
924 3012 1035 3076 gratias,
1054 3010 1120 3074 quod
1137 3026 1186 3060 non
1205 3011 1247 3060 diu
1264 3011 1309 3060 illa
1326 3025 1369 3075 spe
1389 3010 1424 3059 lui
1442 3008 1558 3058 laetatus.

203 3083 323 3132 Dominus
341 3082 425 3139 dedit,
453 3081 575 3131 Dominus
593 3082 709 3138 abstulit,
735 3083 768 3131 sit
791 3097 882 3132 numen
899 3081 1001 3131 Domini
1029 3080 1082 3143 (ab
1100 3096 1175 3147 quam
1194 3097 1268 3147 aegre
1287 3082 1350 3132 haec
1363 3087 1400 3131 'ex
1417 3081 1561 3144 perturbato

204 3155 278 3204 corde
301 3150 473 3218 prorumpunt)
501 3147 667 3204 benedictum.
704 3152 797 3204 Verum
822 3153 868 3203 liat
889 3152 1004 3204 voluntas
1030 3162 1088 3211 tua,
1116 3153 1236 3204 Domine!
1277 3154 1352 3204 Plura
1377 3152 1485 3202 scribere
1511 3165 1562 3201 non

271 3297 330 3348 Jam
348 3296 381 3346 ad
398 3295 457 3345 alia.
495 3295 671 3344 Tristissimum
697 3308 728 3344 ex
750 3294 829 3344 literis
846 3295 896 3344 tuis
914 3296 1015 3359 percepi
1033 3296 1150 3346 nuncium
1174 3296 1205 3347 de
1223 3300 1302 3346 morte
1322 3293 1384 3344 Rev.
1403 3293 1457 3343 Viri
1474 3293 1507 3343 D.
1527 3293 1560 3343 D.

202 3368 274 3418 wilh.
294 3367 495 3418 Zimmermanni.
532 3366 709 3432 Aliquantum
727 3365 901 3416 ecclesisDei
919 3366 966 3416 hoc
985 3368 1075 3417 amisso
1096 3365 1153 3416 Viro
1171 3368 1231 3418 lecit
1244 3366 1385 3430 jacturam!
1423 3364 1491 3415 Deus
1511 3366 1561 3415 cle·

201 3445 298 3494 menter
316 3442 369 3502 elus
386 3439 545 3495 misereatur,
573 3445 600 3487 et
617 3438 643 3486 ln
662 3438 742 3487 locum
765 3439 841 3502 ipsius
867 3440 890 3487 ei
910 3439 984 3488 alium
1003 3438 1116 3496 fidelem,
1142 3440 1184 3502 qui
1208 3439 1262 3503 pari
1287 3438 1435 3487 dexteritate
1458 3438 1560 3501 praesit,

202 3512 343 3561 substituat-
379 3510 447 3560 Dum
465 3524 496 3559 ex
512 3510 589 3560 litans
606 3511 657 3559 tuis
674 3510 869 3572 mortem'hujus
886 3510 931 3558 riri
950 3509 1050 3574 collegis
1077 3510 1138 3560 maia
1156 3510 1281 3564 referrem,
1300 3522 1384 3559 omnes
1402 3508 1562 3558 vehementer

201 3585 382 3648 ingemuerunt,
408 3582 440 3631 de
454 3580 572 3632 -ecclesia
598 3582 742 3645 praesertim
762 3588 899 3631 saeuorum
922 3581 1031 3631 locorum
1056 3580 1189 3630 admodum
1213 3580 1320 3629 solliciti.
1358 3578 1409 3629 Sed
1432 3593 1560 3643 speramus

202 3654 297 3708 Deum.
326 3656 367 3718 qul
391 3654 469 3718 ipsum
493 3653 595 3703 tandem
623 3668 653 3703 ex
675 3652 713 3701 lais
738 3654 861 3702 summme
886 3651 1015 3707 liberarit.
1044 3652 1165 3703 eudesius
1191 3665 1253 3702 suae
1276 3650 1365 3700 iterum
1382 3657 1487 3715 paterne
1506 3665 1560 3700 esse

220 3741 232 3775 r
277 3731 395 3775 acturum.
1061 3728 1065 3732 “

203 3740 346 3857 posme
370 3796 402 3846 de
428 3799 552 3844 cometa
575 3793 623 3842 dici
642 3794 740 3853 scribla,
767 3807 845 3856 nuper
869 3793 946 3842 etiam
965 3791 1064 3841 aliunde
1086 3792 1119 3842 ad
1136 3806 1176 3843 ms
1195 3792 1281 3844 delata
1298 3800 1365 3843 sunt
1401 3791 1494 3843 Verum
1513 3806 1559 3857 ego

205 3874 327 3918 cometam
352 3867 446 3918 nullum
469 3865 526 3918 1111.
563 3865 684 3914 Existimo
705 3871 789 3914 autem
815 3861 852 3924 (id
874 3863 940 3928 quod
958 3878 988 3912 ex
1006 3864 1198 3913 circumstantiis
1217 3865 1320 3931 colligo,
1346 3864 1404 3915 dum
1429 3864 1560 3929 diligenter

204 3954 254 4004 qua
270 3946 342 4003 parte
365 3939 427 3990 coeli
451 3938 517 3987 111111
541 3937 616 3986 luerit
634 3932 814 3999 explorarem),
842 3937 902 3984 istos
929 3935 1040 3985 homiues
1062 3936 1190 3985 vicinitate
1208 3935 1232 3998 ll
1250 3944 1277 3988 et
1295 3928 1320 4001 Ω
1340 3936 1457 4000 deceptos
1475 3936 1558 3991 luisse.

204 4011 303 4075 mando
322 4011 435 4060 nimirum
455 4001 479 4074 Ω
498 4010 622 4070 interdum
639 4023 683 4072 per
701 4007 778 4057 11111111
797 4006 909 4057 caudata
927 4008 979 4056 risa
995 4006 1050 4056 fuit.

273 4082 491 4146 astrologiam
510 4081 581 4129 rideo
599 4086 625 4129 te
644 4094 693 4129 non
712 4078 827 4141 abjicere.
863 4080 899 4127 At
916 4092 964 4126 nec
983 4078 1137 4142 caprimum
1154 4091 1266 4128 mearum
1277 4076 1403 4129 literarum
1421 4077 1558 4126 fuitmens.

205 4152 254 4204 Sed
273 4168 331 4218 ego,
348 4167 396 4204 nec
414 4167 464 4201 non
483 4151 525 4200 alii
543 4165 640 4200 mecum
658 4150 815 4200 vehementer
834 4149 949 4199 admirati
967 4155 1040 4208 sunt,
1065 4163 1114 4214 qua
1131 4164 1158 4199 re
1176 4150 1201 4199 in
1220 4150 1379 4216 Prognostica
1398 4149 1471 4210 hujus
1491 4145 1559 4196 15118

204 4239 260 4276 sam
278 4232 408 4288 tantopere
428 4221 610 4288 exagitamrisi
646 4220 792 4285 Respondes
810 4221 849 4270 his
866 4221 958 4279 literis,
984 4228 1011 4270 te
1029 4235 1078 4269 non
1098 4220 1272 4286 analogiam,
1295 4221 1340 4272 sed
1357 4220 1456 4269 inudlia
1474 4219 1557 4268 domo-

204 4311 258 4346 rum
274 4296 439 4347 numeralium
458 4296 624 4344 instrumenta
642 4300 716 4357 atque
736 4291 766 4341 de
785 4292 888 4356 speciali
905 4292 1074 4357 praedictione
1093 4299 1250 4357 arrogantem
1271 4293 1480 4357 praesumtionem
1496 4304 1557 4339 con·

205 4370 286 4419 1111111
304 4365 350 4417 dc.
387 4369 423 4417 at
446 4366 507 4415 mihi
528 4366 675 4416 ridebantur
691 4366 742 4414 ista
759 4364 785 4413 in
804 4364 880 4414 alium
898 4369 1034 4414 tractatum
1051 4363 1201 4414 reurrmda
1217 4364 1300 4422 tuine,
1320 4365 1347 4413 ln
1365 4377 1413 4428 quo
1432 4376 1488 4411 cum
1499 4360 1559 4410 solia

204 4440 304 4490 111111ιί1
325 4439 443 4503 disputari
461 4444 552 4501 posset
590 4436 638 4486 Hic
656 4451 681 4484 n.
702 4450 758 4485 cum
776 4437 870 4485 rustica
893 4435 966 4498 plebe
985 4440 1012 4484 et
1029 4434 1126 4492 idiotis,
1153 4449 1169 4483 a
1193 4436 1280 4499 quibus
1303 4450 1353 4484 non
1378 4446 1497 4498 arrogans
1514 4432 1559 4481 illa

202 4513 362 4576 praesumtio,
382 4510 426 4560 sed
444 4509 603 4573 prognostica
621 4506 827 4572 depravantibus
846 4508 915 4563 anni,
934 4506 965 4555 de
983 4505 1053 4555 bellis
1072 4512 1179 4570 atquae
1198 4504 1319 4568 ejusmodi
1337 4511 1403 4562 sunt,
1422 4509 1556 4567 expectau-

204 4591 245 4633 tur
263 4589 307 4632 aut
324 4587 478 4646 spectantur,
498 4582 587 4646 agitur.
625 4579 724 4628 Etenim
741 4578 779 4626 his
797 4579 885 4643 ignota
903 4581 962 4626 aunt
978 4576 1142 4626 fundamenta
1159 4577 1282 4626 rationum
1302 4574 1335 4624 12
1349 4577 1475 4625 domorum
1487 4574 1558 4631 coeli,

171 4665 173 4668 ’
206 4655 376 4720 triplicitatum
396 4651 441 4702 izo.
479 4650 529 4701 Sed
547 4652 578 4702 de
595 4650 634 4701 his
653 4652 730 4701 etiam
747 4650 853 4714 quiesco.
890 4647 969 4698 Vides
986 4661 1026 4698 ms
1044 4656 1153 4698 mentm
1171 4655 1241 4698 tuam
1258 4663 1309 4698 non
1326 4649 1494 4713 impugnasse,
1513 4644 1558 4696 sed
1584 4673 1588 4690 .

204 4727 269 4792 quod
286 4726 347 4774 mihi
365 4724 484 4785 rideatur,
505 4738 561 4774 eam
579 4723 746 4786 impertinenti
764 4722 819 4771 loco
836 4720 913 4770 luisse
931 4721 1090 4783 propositam,
1109 4719 1223 4770 nimirum
1241 4720 1331 4770 salum
1348 4720 1374 4768 in
1391 4719 1557 4783 prognostico,

203 4813 267 4864 qnae
287 4797 377 4847 durant
395 4811 471 4846 unum
490 4809 594 4853 annum,
615 4809 672 4844 cum
690 4793 742 4844 alia
758 4794 865 4856 scripta,
884 4792 972 4857 quibus
989 4790 1034 4840 illa
1051 4793 1157 4842 materia
1175 4790 1326 4843 commodine
1343 4792 1446 4841 11111111
1463 4791 1556 4854 potuis·

203 4886 230 4921 se
268 4871 318 4919 sint
353 4885 366 4919 e
396 4874 462 4918 etue.

230 4877 250 4930 t,
274 4941 315 4994 De
334 4883 449 5006 Poriere
474 4931 706 4991 Astronomioc·
721 4941 764 4989 tuo
786 4933 946 4987 vehementer
974 4933 1054 4985 laetor
1079 4932 1139 4985 mihi
1162 4933 1196 4985 ad
1217 4940 1244 4983 te
1262 4931 1383 4985 1111111111
1402 4933 1557 4985 occuionem
