3609 5634
754 390 915 444 emesam
1489 392 1510 459 3

154 552 269 614 mondo
294 554 486 635 partibusque
508 554 688 616 coelestibus
711 553 746 615 lit
772 554 906 629 initium,
936 555 991 617 sed
1019 554 1159 617 brevibus
1188 555 1241 617 illa
1264 556 1381 635 paginis
1405 556 1510 619 absol-

153 668 268 722 vantur
275 681 286 735 3
317 662 477 742 praecipua
505 680 575 723 vero
603 661 671 723 libri
699 662 792 722 moles
822 662 1029 742 complectitur
1057 661 1275 740 descriptiones
1303 662 1456 743 regionum
1479 672 1512 725 et

151 765 287 829 urbium.
334 770 440 849 ltaque
463 768 570 847 volgus
593 766 838 848 cosmographiae
861 786 916 847 pro
939 767 1141 848 geographiae
1165 766 1294 830 dictione
1317 769 1427 832 utitor:
1452 769 1509 841 iru-

152 874 320 955 poauitque
338 893 397 937 vox
420 874 490 949 ista,
514 894 533 935 a
549 874 657 935 mundo
676 875 748 938 licet
766 874 905 949 deducta,
928 873 1056 938 officinis
1081 874 1220 950 librariis,
1244 875 1339 957 iisque
1354 876 1403 956 qui
1422 886 1509 939 cata-

152 979 243 1057 logos
270 980 413 1047 libromm
444 982 651 1056 conscribunt,
681 990 715 1043 ut
743 981 875 1043 libellum
901 1000 998 1043 meum
1025 981 1104 1043 inter
1130 981 1332 1062 geographica
1353 983 1510 1047 referrent

151 1084 340 1167 Mysterium
363 1096 464 1150 autem
485 1107 540 1168 pro
563 1105 672 1150 arcam
695 1088 853 1168 usurpavi,
877 1101 909 1150 et
930 1106 985 1167 pro
1007 1088 1061 1149 tali
1085 1087 1237 1150 venditavi
1262 1088 1413 1151 inventurn
1436 1075 1516 1152 hoc:¹

152 1192 271 1273 quippe
296 1195 326 1254 in
349 1194 459 1257 nullius
480 1194 649 1275 philosophi
672 1193 747 1256 libro
770 1193 846 1255 talia
867 1211 995 1272 uuquam
1020 1192 1181 1273 legeram.“

248 1301 287 1362 In
319 1300 482 1363 Prodromo
521 1301 585 1382 ipso
619 1300 683 1362 falli
715 1300 861 1375 diximus,
898 1300 948 1381 qui
980 1300 1063 1380 leges
1095 1300 1172 1361 istas
1206 1308 1373 1381 quaerant;
1413 1301 1510 1381 magis

150 1413 262 1467 autem
288 1406 442 1477 falluntur,
466 1407 492 1469 si
517 1408 566 1489 qui
589 1415 702 1470 certum
725 1408 781 1470 viri
805 1408 842 1469 de
866 1408 1030 1487 astrologia
1054 1406 1194 1488 judicium
1217 1425 1250 1468 se
1275 1406 1511 1488 deprehensurus
1593 1402 1595 1406 ⁴

148 1519 286 1590 potant,
313 1512 352 1573 ab
376 1532 485 1594 eoque,
515 1514 565 1595 qui
588 1515 663 1576 artis
686 1533 742 1576 sua
764 1514 850 1577 initia
872 1521 981 1596 ponat,
1010 1522 1107 1575 totam
1130 1513 1312 1594 astrologiae
1336 1532 1510 1594 compagem

149 1619 217 1699 peti
245 1628 338 1699 atque
361 1620 527 1699 impugnari
550 1621 718 1701 opinantur.
764 1620 884 1683 Etenim
911 1622 962 1682 vix
989 1620 1143 1700 digressus
1166 1641 1186 1682 a
1211 1628 1424 1702 praeceptore,
1452 1621 1510 1697 cui,

24 1732 26 1795 i
149 1727 296 1804 quamvis
319 1725 413 1788 invito
428 1723 467 1799 ¹),
492 1726 675 1807 astrologiae
699 1736 780 1789 certe
803 1746 949 1789 summam
972 1728 1110 1790 tradendi
1133 1746 1238 1790 munus
1261 1734 1345 1790 esset
1366 1729 1509 1801 delatum,

148 1849 221 1893 cum
248 1843 282 1893 et
303 1832 372 1913 ipse*
392 1834 518 1895 eandem
540 1841 636 1895 artem
657 1831 790 1912 profiteri
812 1832 930 1911 publice
953 1851 1047 1913 nuper
1063 1833 1167 1914 jussus
1186 1841 1277 1905 esset,
1301 1832 1327 1895 si
1348 1834 1509 1896 destruen-

24 1932 26 2013 ζ
150 1939 212 2013 dis,
237 1959 316 2020 quae
339 1940 484 2002 maenus
507 1940 693 2015 obtinebant,
718 1940 879 2002 sententiis
903 1941 1012 2001 famam
1036 1948 1200 2021 quaereret,
1226 1939 1326 2001 nimiis
1345 1939 1508 2002 difficulta-

150 2046 238 2107 tibus
265 2046 482 2129 implicabatur.
520 2046 660 2127 Idemque
680 2046 718 2108 ad
742 2043 889 2126 imagines
914 2046 1056 2109 viridiore
1079 2048 1178 2109 animo
1202 2046 1413 2126 concipiendas
1435 2065 1508 2127 pre·

150 2151 274 2226 clivior,
299 2171 357 2215 non
378 2160 500 2233 poterat
522 2171 581 2215 nou
602 2153 728 2236 probare
747 2154 945 2233 disciplinam,
969 2172 1046 2233 quae
1069 2154 1171 2217 sidera
1194 2153 1222 2214 vi
1246 2153 1375 2235 quadam
1398 2172 1511 2216 aroana
1606 2198 1616 2207 =

24 2268 26 2275 “
150 2259 191 2320 ad
218 2278 271 2320 res
293 2260 439 2321 humanas
461 2259 640 2341 omninoque
664 2268 824 2323 terrestres
851 2260 952 2322 valere
980 2268 1146 2336 statueret,
1177 2260 1270 2322 etad
1294 2261 1510 2322 astronomiam
1535 2326 1539 2343 ι

152 2366 265 2428 melius
285 2366 440 2427 colendam
459 2374 491 2427 et
509 2367 675 2447 aagendam
694 2374 759 2429 toto
777 2374 899 2445 pectore
918 2365 1067 2442 incensus,
1091 2366 1144 2429 illa
1162 2366 1237 2446 ipsa,
1262 2386 1351 2447 quam
1370 2366 1509 2443 diximus,

152 2482 287 2535 naturae
308 2471 409 2534 indole
432 2471 623 2535 deferebatur
644 2475 684 2535 ad
707 2473 768 2535 ista
790 2492 910 2536 arcana
946 2473 992 2535 De
1016 2472 1063 2535 his
1086 2481 1186 2535 autem
1209 2473 1239 2535 in
1258 2473 1421 2536 Prodromo
1444 2474 1510 2554 ipso

154 2577 280 2639 noachi
301 2597 400 2659 pauca
423 2577 663 2658 deprehenderis.
711 2579 825 2641 Verum
848 2578 931 2642 libris
954 2579 1081 2660 posthac
1111 2578 1304 2660 conscriptis,
1335 2599 1402 2643 com
1430 2580 1508 2655 aliis,

153 2691 222 2746 tom
236 2683 410 2759 Harmonia,
435 2685 514 2747 haud
533 2687 625 2748 semel
647 2686 765 2749 illarum
787 2705 884 2749 rerum
908 2686 1019 2749 mentio
1042 2686 1180 2767 injicitur,
1206 2704 1291 2767 quae,
1315 2686 1509 2767 quotiescun·

155 2809 215 2870 que
240 2799 411 2867 occurrunt,
434 2810 526 2873 prope
550 2791 705 2872 attingunt
727 2794 773 2867 id,
796 2794 875 2874 quod
897 2792 945 2855 hic
967 2793 1087 2856 libellus
1110 2792 1203 2856 habet
1224 2794 1419 2875 propositum.

248 2895 346 2969 Quam
369 2900 399 2960 iu
423 2898 648 2979 quaestionibus
671 2898 865 2961 instituendis
885 2906 1007 2960 secutus
1025 2899 1067 2960 sit
1085 2899 1173 2973 viam,
1198 2917 1264 2960 cum
1277 2899 1427 2978 Keplerus
1445 2898 1510 2979 ipse

156 3012 190 3067 et
208 3005 239 3067 in
259 3005 446 3086 praefatione
462 3014 493 3069 et
511 3005 612 3068 libello
630 3007 706 3087 ipso,
732 3007 810 3087 qued
833 3005 911 3068 idem
930 3007 960 3068 in
980 3006 1063 3068 libris
1081 3005 1208 3085 posthac
1231 3005 1409 3085 conscriptis
1428 3004 1510 3078 fecit,

157 3111 237 3173 satis
260 3130 316 3173 nos
344 3111 483 3188 edoceat,
517 3113 592 3175 haec
619 3122 738 3175 tantum
766 3113 988 3194 praemittenda
1017 3123 1097 3177 sont.
1143 3115 1186 3177 Ut
1207 3122 1322 3177 certam
1349 3115 1509 3198 quandam,

158 3238 237 3300 quae
260 3220 461 3283 intercederet
483 3221 562 3285 inter
584 3221 786 3286 revolutiones
810 3229 842 3285 et
864 3222 1026 3285 distantias
1053 3220 1257 3302 planetarum,
1287 3221 1434 3284 rationem
1461 3220 1509 3283 in-

158 3326 286 3400 veniret,
310 3327 446 3406 primum,
473 3328 551 3403 „via
575 3328 679 3391 mirum
702 3348 791 3410 quam
812 3327 950 3404 audaci,“
975 3328 1105 3410 planetis
1119 3326 1189 3390 Jovi
1207 3336 1240 3389 et
1251 3327 1355 3403 Marti,
1378 3328 1509 3409 pariter·
1575 3410 1577 3415 Δ

158 3450 216 3513 que
239 3432 352 3495 Veneri
379 3441 411 3495 et
437 3433 586 3497 Mercurio
614 3435 825 3515 interpositum
853 3436 912 3498 sibi
938 3433 1071 3516 fingebat
1097 3452 1206 3496 novom
1232 3435 1386 3514 planetam
1417 3452 1511 3516 „quos

158 3538 233 3602 duos
263 3539 341 3601 forte
371 3539 409 3602 ob
438 3540 603 3603 exilitatem
632 3558 690 3603 non
719 3542 907 3605 videamus“.
959 3539 1028 3613 Qua
1054 3542 1104 3602 via
1132 3559 1221 3621 quum
1247 3540 1344 3603 minus
1372 3540 1402 3601 id
1431 3539 1511 3620 qnod

157 3644 253 3707 vellet
276 3653 495 3726 assequeretur,
520 3664 567 3720 ea,
591 3664 681 3726 quam
702 3646 797 3726 figora
819 3646 917 3726 prima
940 3646 968 3708 in
987 3647 1173 3727 praefatione
1191 3647 1314 3728 Kepleri
1334 3646 1438 3721 refert,
1461 3647 1511 3709 via

157 3750 305 3827 rationem
319 3750 402 3813 illam
416 3752 639 3831 deprehendere
654 3751 806 3825 studebat,
825 3752 1024 3828 intervallum,
1044 3773 1102 3834 quo
1115 3754 1239 3835 planeta
1253 3772 1273 3815 a
1286 3750 1357 3815 Sole
1372 3752 1509 3828 distaret,

158 3864 193 3919 nt
214 3856 311 3919 sinum
334 3876 454 3920 versum
476 3878 609 3939 ponens,
639 3861 721 3940 cujus
751 3866 864 3921 motum
892 3867 1034 3940 tanquam
1062 3860 1195 3922 cosinum
1221 3879 1341 3923 versum
1364 3861 1403 3923 ad
1426 3859 1509 3922 illum
1567 3894 1572 3904 ·

157 3971 264 4043 posset
284 3964 405 4027 referre.
452 3962 540 4036 Quod
568 3984 633 4028 cum
661 3967 845 4046 improspere
874 3965 1089 4042 successisset,
1119 3967 1150 4029 in
1177 3967 1363 4047 explicandis
1391 3965 1508 4046 magnis

158 4069 414 4151 conjunctionibus
436 4072 625 4153 planetarum
647 4072 733 4135 Jovis
756 4079 789 4134 et
811 4070 936 4135 Saturni
959 4072 1136 4153 colligebat,
1162 4072 1273 4148 lineas,
1304 4072 1408 4153 quibus
1432 4090 1505 4133 con-

154 4177 324 4256 junctiones
346 4177 425 4240 istae
449 4178 689 4259 depingerentur,
715 4179 759 4241 ita
781 4198 815 4241 se
839 4196 959 4255 secare,
982 4188 1016 4241 ut
1037 4180 1171 4261 punctis,
1195 4178 1300 4261 quibus
1323 4183 1505 4251 secarentur,

159 4302 252 4347 novus
275 4285 401 4347 circulus
424 4285 600 4361 efficeretur,
625 4286 710 4365 cujus
732 4286 834 4349 radius
857 4286 947 4366 paulo
966 4286 1062 4365 major
1079 4294 1170 4357 esset,
1195 4305 1284 4367 quam
1302 4282 1426 4362 majoris
1445 4283 1505 4345 cir-

159 4389 217 4452 culi
235 4390 336 4455 radius
355 4391 505 4455 dimidius.
541 4389 747 4468 (0,5225:1.
779 4391 930 4472 Compara
948 4392 1073 4473 figuram
1090 4392 1253 4456 secundam
1270 4391 1301 4452 in
1318 4388 1506 4470 praelatione

82 4480 86 4485 ’
159 4498 307 4578 Kepleri.)
343 4496 459 4570 Quodsi
477 4500 575 4563 lineae
593 4501 712 4581 trigona
732 4500 917 4582 aequilatera
936 4500 1098 4568 efficerent,
1121 4518 1153 4559 re
1173 4517 1245 4560 vera
1260 4497 1410 4560 radiorum
1428 4495 1505 4559 ratio
1574 4580 1579 4591 ἱ

159 4612 243 4667 esset
264 4602 317 4676 0,5
335 4626 343 4667 ε
362 4604 389 4670 l.
424 4604 495 4668 Jam
518 4624 589 4668 vero
612 4625 680 4668 cum
702 4607 780 4669 inter
802 4606 977 4669 distantiam
999 4606 1085 4668 Jovis
1108 4612 1140 4666 et
1162 4604 1285 4667 Saturni
1307 4601 1385 4667 ratio
1408 4602 1503 4677 iuter7

159 4711 249 4774 cedat
269 4713 331 4775 lere
357 4710 448 4787 1:⁴2,
481 4709 551 4786 (52
566 4732 574 4773 :
591 4708 659 4786 9,5)
689 4712 868 4792 trigonum
891 4719 965 4792 apta
986 4711 1033 4773 his
1056 4711 1186 4791 planetis
1208 4711 1304 4791 ligura
1325 4728 1394 4773 esse
1416 4709 1502 4772 vide-

159 4817 256 4883 batur.
300 4818 390 4883 Haud
412 4818 502 4883 aliter
524 4819 564 4882 ad
587 4825 704 4881 ceteros
727 4819 866 4900 planetas
889 4818 1019 4899 reliquas
1042 4819 1152 4898 figuras
1175 4818 1338 4899 regulares,
1362 4837 1389 4881 e.
1413 4837 1439 4880 c.
1464 4816 1502 4877 ad

540 4926 544 4933 .
1249 4924 1290 4973 μ
