3609 5634
695 407 728 459 a
744 408 817 459 aar·
836 408 997 475 metuens
1175 409 1180 416 ·
1461 409 1526 477 sse

47 633 57 640 ὃ
161 561 437 641 osuaidmudm,
473 564 620 629 distantia
643 565 854 647 significatoria
878 587 898 628 a
920 568 1083 630 meridiano
1107 563 1254 650 quomodo
1278 569 1365 632 detur
1392 571 1421 633 in
1445 578 1525 634 tem-

162 652 323 734 poralibus
348 653 434 716 boris
457 674 496 716 au
521 655 760 737 inaequalibus,
785 657 815 719 le.
841 676 868 718 e.
892 653 923 719 iu
946 677 1009 719 asc.
1035 657 1140 719 recta?
1184 656 1276 719 Etsi
1299 659 1365 736 boc,
1390 660 1525 722 nebetta

164 760 291 823 semper
313 743 358 816 fit,
383 751 456 805 tuuc
479 744 572 808 debes
595 763 633 807 es
656 746 757 826 aliqua
771 747 878 807 tabula
900 764 1062 826 excerpere
1085 747 1357 827 borariatempora
1370 749 1525 827 siguifica-

165 830 259 905 tortu
291 849 347 913 per
368 850 408 893 ea
435 832 551 895 divides
575 834 775 897 differentiam
808 853 870 896 asc.
895 843 998 897 rectae
1025 835 1117 898 medii
1140 835 1216 897 coeli
1240 843 1273 896 et
1300 836 1523 917 significatoris,

163 919 268 1000 prodit
291 937 433 981 uumerus
457 921 598 984 horarum
622 923 830 1001 temporalium
854 923 1076 1001 significatoria.
1123 924 1259 986 Habebis
1278 925 1335 986 hoc
1349 933 1440 1004 pacto
1465 927 1524 989 duo

164 1017 315 1088 exparte
340 1008 573 1088 significatoris:
605 1033 667 1074 asc.
691 1020 805 1074 rectam
829 1004 1022 1075 culminantis
1045 1013 1148 1093 puncti
1172 1022 1204 1074 et
1227 1013 1404 1076 distantiam
1428 1015 1525 1094 signi-

163 1097 299 1159 ficatoria
322 1117 343 1158 a
365 1097 530 1160 meridiano
553 1100 583 1161 in
607 1101 689 1164 boris
713 1101 926 1181 significatoris
948 1103 1088 1183 propriis.
1135 1101 1265 1181 Oportet
1280 1121 1358 1164 nuno
1372 1103 1449 1165 talia
1464 1104 1523 1165 duo

163 1186 258 1247 etiam
282 1203 428 1265 quaerere
451 1206 489 1248 ex
510 1199 599 1267 parte
621 1188 827 1269 promissoris,
860 1189 891 1251 id
916 1198 977 1262 est,
1007 1198 1127 1270 oportet
1148 1192 1232 1252 illum
1255 1191 1361 1252 eodem
1383 1191 1523 1253 horarum

162 1274 351 1355 propriarum
385 1293 507 1338 numero
541 1277 676 1341 adbiberi
709 1277 785 1340 coeli
816 1278 933 1352 medio,
973 1286 1005 1341 et
1040 1287 1112 1342 tuuc
1145 1295 1288 1360 quaerero
1326 1280 1402 1341 coeli
1433 1281 1524 1343 medii

164 1382 229 1426 asc.
262 1371 391 1426 rectam.
444 1363 496 1427 Sic
524 1364 617 1446 igitur
644 1386 733 1446 ages:
769 1385 897 1447 excerpe
929 1368 1050 1430 horaria
1081 1376 1219 1448 tempora
1249 1368 1456 1448 promissoris3
1487 1389 1526 1431 ea

163 1449 334 1531 multiplica
362 1453 392 1514 iu
426 1472 578 1516 nnmerum
610 1456 763 1518 inventum
790 1456 930 1518 horarum
954 1456 1163 1536 temporalium
1192 1456 1417 1535 significatoria,
1436 1471 1538 1538 *proi

163 1541 286 1601 ductam
317 1543 402 1603 auser
430 1542 471 1604 ab
503 1561 565 1605 aar.
596 1553 683 1607 reeta
704 1539 914 1625 promissoris,
950 1546 1052 1625 prodit
1084 1563 1145 1607 aec.
1178 1554 1266 1608 recta
1293 1545 1337 1606 Μ.
1370 1543 1423 1615 C„
1457 1565 1538 1608 com·

165 1630 334 1709 promissor
365 1638 414 1691 tot
448 1631 508 1692 tuis
544 1633 761 1712 temporalibus
792 1633 874 1696 horis
901 1634 992 1695 abest
1024 1654 1043 1696 a
1072 1635 1114 1697 M.
1145 1632 1197 1709 0.,
1233 1643 1306 1714 quot
1339 1634 1525 1715 significator

164 1717 269 1779 itidem
292 1718 357 1780 suis
380 1717 496 1782 aberat.
544 1720 711 1784 Subtracta
732 1722 826 1802 igitur
839 1739 902 1785 asc.
928 1724 1075 1786 recta-M.
1096 1719 1133 1786 Ο.
1152 1741 1207 1803 pro
1231 1722 1434 1803 significatura
1449 1724 1523 1784 data

160 1807 202 1868 ab
223 1823 288 1868 aee.
304 1814 389 1870 recta
402 1809 446 1870 tt.
463 1806 500 1870 O.
525 1809 574 1871 bic
592 1810 715 1872 iuventa
730 1829 785 1891 pro
803 1813 995 1891 promissore,
1020 1812 1204 1893 relinquetur
1216 1829 1355 1875 numeros
1369 1812 1524 1892 quaesitus

162 1897 309 1975 gradum
333 1896 516 1958 directionis.

249 1982 336 2045 Haec
367 1984 461 2064 igitur
487 1991 537 2045 est
559 1986 748 2048 Ptolemaios
770 1988 849 2049 ratio
873 1987 1037 2068 dirigendi,
1072 1988 1109 2049 de
1133 2005 1192 2067 qua
1220 1995 1321 2049 tamen
1346 1987 1520 2062 notandum,

161 2071 241 2151 quod
263 2071 458 2136 Ptolemaeus
482 2093 549 2135 eam
574 2092 632 2136 nou
655 2076 791 2154 proferat
814 2077 902 2138 modo
917 2075 1170 2155 Regiomontani;
1194 2095 1264 2138 nam
1289 2077 1383 2154 primo
1408 2076 1523 2137 latetur

160 2168 278 2240 aperte,
302 2177 370 2223 eam
395 2182 414 2222 a
436 2181 529 2241 scopo
552 2162 686 2225 uouuibil
709 2164 881 2226 deflectere.
929 2163 1007 2227 Cum
1030 2166 1109 2227 euim
1132 2164 1307 2244 principalis
1331 2173 1415 2225 essct
1443 2164 1518 2225 Pto·

160 2251 277 2311 lemaeo
303 2269 413 2329 scopus
436 2249 515 2313 idem
538 2251 588 2331 qui
612 2261 643 2313 et
666 2250 919 2331 Regiomontano,
944 2262 1035 2315 utsc.
1060 2253 1225 2333 promissor
1239 2253 1357 2315 reniret
1380 2253 1408 2312 in
1424 2251 1520 2331 signi-

160 2337 294 2399 ficatoris
312 2337 454 2401 circulum
476 2338 653 2419 positionis,
679 2341 874 2403 Ptolemaeus
898 2360 956 2402 uon
972 2341 1060 2411 dicit,
1083 2342 1141 2403 hoc
1161 2340 1289 2403 obtineri
1303 2339 1443 2420 praecise
1466 2359 1521 2419 per

161 2427 250 2488 boras
276 2429 471 2505 temporales,
506 2417 568 2489 sed
584 2429 678 2490 utitur
700 2447 775 2490 voce
801 2431 1069 2510 „propemodum,“
1102 2441 1133 2492 et
1155 2431 1186 2491 iu
1210 2429 1358 2508 exemplis
1383 2428 1519 2488 ostendit

159 2515 403 2594 discrepantiam.
449 2516 566 2578 Deinde
589 2518 779 2579 certitudinis
804 2527 836 2579 et
855 2517 1024 2597 compendii
1044 2538 1134 2582 cansa
1160 2518 1352 2597 ablegatnoe
1367 2514 1520 2595 adipsum

159 2605 279 2665 modum
303 2603 552 2684 Regiomontaui,
574 2606 701 2685 jubens,
727 2606 756 2667 iu
781 2607 964 2668 ascendente
989 2607 1119 2686 dirigere
1143 2624 1197 2686 per
1220 2625 1284 2667 asc.
1308 2604 1462 2685 obliquas,
1488 2602 1517 2663 in

159 2693 203 2755 M.
229 2691 265 2755 Ο.
289 2711 342 2772 per
365 2701 475 2756 rectas.
523 2692 585 2755 Sed
617 2695 688 2775 qnia
717 2713 770 2776 pro
798 2695 874 2757 locis
906 2695 1093 2758 intermediis
1121 2713 1179 2756 nou
1208 2694 1371 2755 exstabant
1395 2691 1517 2753 tabulae

160 2781 373 2855 directionum,
407 2781 475 2843 ideo
506 2784 698 2845 commendat
726 2783 812 2846 uobis
836 2784 893 2846 boc
917 2784 1139 2868 compendium,
1174 2789 1208 2843 ut
1238 2781 1402 2861 dirigamus
1426 2780 1518 2841 talem

158 2869 405 2949 significantem,
441 2871 490 2950 qui
518 2872 697 2935 intermedio
723 2873 789 2934 loco
822 2871 927 2948 fuerit,
961 2884 993 2935 et
1021 2892 1075 2953 per
1102 2879 1201 2934 rectas
1235 2879 1268 2931 et
1295 2889 1350 2951 per
1378 2867 1516 2949 obliquos

157 3135 313 3216 praecepit
335 3136 529 3198 Ptolemaeus
567 3145 600 3198 et
632 3157 771 3217 quorsum
799 3139 912 3214 tendit,
946 3139 1057 3201 rectius
1086 3137 1278 3218 pervenimus
1305 3155 1360 3216 per
1394 3134 1515 3197 tabulas

158 3224 356 3285 directionum
375 3223 619 3303 Regiomoutani,
645 3227 692 3288 vel
718 3227 783 3306 ipso
802 3228 978 3289 Ptolemaeo
1001 3235 1095 3290 teste.
1141 3227 1226 3288 Haec
1249 3225 1343 3306 igitur
1367 3225 1404 3286 de
1426 3223 1515 3285 modo

159 3311 308 3393 dirigendi
323 3307 556 3387 Ptolemaico.')

248 3400 318 3463 Jam
350 3401 429 3480 quod
460 3403 612 3481 negotium
646 3405 757 3465 attinet
793 3403 960 3483 erigendi
998 3404 1121 3468 domos
1157 3403 1369 3474 coelestes,
1409 3399 1516 3461 Ptole-

160 3507 263 3551 maeos
291 3490 372 3550 nullo
399 3490 490 3570 plane
518 3509 556 3551 ne
584 3492 706 3555 minimo
735 3491 855 3571 quidem
878 3492 1002 3555 verbulo
1033 3493 1116 3554 illam
1147 3491 1196 3552 lric
1225 3490 1304 3551 iuter
1336 3487 1516 3549 directiones

161 3577 295 3658 attingit.
343 3575 477 3658 Cumque
510 3597 575 3640 sam
600 3599 637 3640 ne
665 3581 784 3661 quidem
811 3580 884 3642 alibi
908 3580 1059 3654 docuerit,
1093 3581 1150 3642 laon
1174 3578 1370 3640 fortissimum
1394 3582 1442 3636 est
1465 3595 1517 3637 ars

160 3676 346 3746 gumentum,
381 3667 447 3746 ejus
479 3688 590 3736 concor
604 3669 704 3730 xnulla
731 3669 865 3747 indigere
899 3667 1104 3747 inquisitione,
1138 3686 1174 3728 ac
1200 3665 1325 3746 proinde
1345 3663 1418 3725 nibil
1449 3682 1518 3725 assa

161 3756 257 3832 aliud,
286 3755 344 3818 nisi
369 3755 615 3830 dodecatemoria
629 3757 749 3837 integra
771 3758 896 3819 zodiaci.
944 3754 996 3817 Sic
1023 3756 1121 3817 seuait
1143 3753 1341 3816 Reiuholdus.
1379 3749 1519 3824 Quodsi

160 3845 307 3908 rationem
340 3844 474 3924 erigendi
507 3845 611 3907 mutos
640 3846 759 3907 omuino
788 3846 878 3907 aliam
902 3844 986 3924 sequi
1015 3844 1156 3920 velimus,
1189 3842 1357 3904 derivatam
1380 3859 1418 3902 ex
1441 3842 1518 3903 doc·

160 3934 240 3995 trina
263 3933 449 3995 Ptolemaios
472 3933 685 4008 directionum,
724 3934 843 3996 ridiculi
868 3953 989 4009 smnus,
1023 3933 1048 3995 si
1072 3953 1129 3995 non
1158 3932 1260 4012 potine
1283 3929 1518 4008 Regiomoutaui

27 4019 29 4022 ’
160 4023 328 4103 perlectam
357 4021 505 4083 rationem
534 4021 699 4102 sequimur,
735 4041 822 4103 qnam
847 4023 1041 4084 Ptolemaeos
1069 4022 1135 4102 ipse
1159 4019 1396 4088 commendavit,
1429 4036 1519 4097 quam

160 4110 327 4174 Ptolemaei
350 4110 495 4171 vicariam
519 4110 735 4188 imperfectam,
761 4130 821 4192 qua
843 4112 1017 4173 necessario
1041 4118 1200 4173 contentus
1221 4108 1278 4170 fnit
1299 4115 1422 4187 propter
1435 4105 1517 4167 iudi-

160 4201 294 4277 geutiam
328 4198 479 4271 melioris,
512 4208 544 4260 et
571 4217 658 4279 qnam
690 4200 754 4279 ipee
783 4201 978 4262 Ptolemaeus
1011 4200 1126 4261 fatetur
1154 4198 1372 4277 imperfectam.
1426 4192 1517 4255 Adde

161 4289 239 4369 quod
263 4287 397 4352 Cardani
421 4286 510 4364 ratio,
535 4307 624 4368 quam
648 4287 834 4350 Reiuholdus
858 4287 987 4350 ascribit
1009 4287 1184 4349 Alcbabitio
1209 4294 1240 4347 st
1262 4282 1373 4346 ,loanni
1396 4284 1435 4343 de
1454 4279 1517 4343 Sa-

160 4379 264 4453 xonis,
299 4396 357 4438 non
384 4383 433 4439 eet
455 4384 663 4439 consentanea
685 4378 891 4439 Ptolemaioae
915 4376 1099 4454 directioni„
1125 4374 1196 4455 quia
1219 4371 1377 4436 Cardenus
1411 4370 1519 4432 iisdem

162 4464 380 4548 temporalibus
404 4465 484 4527 boris
513 4464 593 4527 binis
616 4466 776 4545 distinguit
803 4466 965 4529 domicilia.
1012 4466 1057 4527 At
1078 4462 1246 4524 Ptolemaei
1270 4460 1394 4523 directio
1423 4465 1516 4520 natu-

159 4574 224 4617 ram
248 4564 378 4636 spectat,
403 4554 474 4616 aliis
498 4554 571 4616 locis
595 4555 711 4617 zodiaci
735 4556 812 4617 alias
836 4555 1019 4635 temporales
1042 4553 1144 4625 boras,
1168 4551 1274 4631 cuique
1289 4567 1371 4621 suae,
1396 4566 1517 4610 accom-

160 4645 301 4720 madaus3
326 4645 404 4725 qnod
419 4641 556 4705 imitatur
569 4642 688 4724 quidem
703 4644 808 4705 tabula
821 4644 948 4722 Magiui‚
966 4642 1019 4704 sed
1035 4642 1173 4720 ingressu
1187 4638 1369 4701 inartificiaii
1384 4645 1415 4699 et
1429 4637 1518 4698 ideu-

159 4733 252 4796 tidem
273 4732 459 4812 corrigendo,
484 4733 543 4795 etsi
557 4731 650 4795 borae
664 4731 736 4794 illae
750 4751 808 4793 uon
824 4740 894 4793 suut
908 4733 998 4812 plane
1014 4729 1119 4809 cuique
1137 4739 1214 4790 suae
1235 4727 1264 4788 in
1288 4744 1342 4788 stro
1357 4725 1517 4805 positionis

160 4822 280 4897 circulo,
298 4823 352 4884 sed
367 4829 484 4883 tantum
506 4821 535 4882 iu
555 4822 703 4884 communi
718 4820 883 4883 horizonte.
920 4818 998 4881 Hinc
1012 4820 1055 4892 ot,
1079 4824 1114 4879 ut
1128 4814 1269 4880 Gmdauo
1283 4814 1357 4877 XII.
1373 4816 1442 4877 etl.
1460 4814 1517 4875 do-

163 4927 230 4974 ruus
261 4912 377 4973 onesta
412 4910 512 4972 cancri
546 4910 694 4992 principio
717 4911 792 4972 daut
814 4906 1093 4989 inaequalissimae,
1127 4905 1198 4986 quia
1219 4922 1312 4983 supra
1333 4901 1518 4966 horizontem
