3609 5634
774 328 937 391 mna·-
1032 434 1041 446 .
1467 260 1525 405 so

146 503 231 549 meo
266 490 395 554 nomine.
445 492 531 556 ldsm
557 493 650 556 etiarn
676 512 743 556 meo
770 493 889 556 nominc
917 513 1015 561 meam
1043 515 1087 559 sc.
1115 495 1365 563 officiosissimam
1397 495 1526 567 saltum

148 576 303 658 collegio
326 580 532 662 philosophico
555 581 648 645 dicas.
695 582 777 644 Deus
801 581 858 644 tibi
881 583 1076 647 domesticum
1099 604 1262 649 moerorem
1285 584 1391 665 majori
1407 585 1526 653 laetitia

147 663 256 729 brevi
279 680 466 750 compenset.
511 671 603 748 Vale,
627 680 659 733 et
680 671 865 734 Lndovicnm
880 672 981 749 filium,
1005 673 1055 755 qui
1064 674 1130 755 jam
1145 675 1249 755 procul
1265 674 1353 736 dubio
1367 674 1524 755 patrissat,
1596 673 1600 679 ’

149 773 173 814 a
202 757 352 821 studioso
375 761 549 823 matheseos
571 760 681 823 saluta.
726 759 870 824 Nostram
892 761 978 824 vobis
1002 763 1137 826 omnibus
1160 764 1319 827 ecclesiam
1342 765 1526 837 commendo,

150 848 344 930 vestrisque
366 850 516 934 precibus.
566 848 593 914 1.
621 848 656 913 11
684 849 767 913 Junii
789 870 838 913 an.
866 847 959 916 1598.

211 979 217 985 -
663 939 753 1002 Hnm.
778 940 812 1003 T.
838 938 927 1005 Grat.
951 941 1036 1006 Disc.

1185 1030 1229 1093 Μ.
1252 1029 1286 1095 J.
1309 1028 1438 1114 Kepler.

241 1205 335 1257 Paucis
352 1212 409 1271 post
424 1205 549 1256 mensibus
567 1205 633 1256 eliae
654 1207 790 1271 Keplerum
807 1208 939 1258 turbarunt
956 1207 1112 1274 theologicae
1136 1209 1309 1269 adamitatee,
1334 1208 1457 1274 marierun
1478 1205 1526 1266 bis,
1562 1196 1574 1267 ’,

152 1291 232 1341 quas
250 1279 279 1327 ln
297 1278 436 1342 praemissis
454 1279 552 1342 tangit,
572 1284 614 1338 et,
634 1280 705 1342 quasi
720 1280 773 1341 jem
791 1280 933 1345 ingruentes
951 1280 1119 1347 praesagienti
1138 1281 1220 1330 auimo
1239 1280 1367 1339 divinans,
1387 1279 1525 1330 concludit:

156 1358 301 1405 „normam
319 1351 386 1400 robis
404 1350 514 1400 omnibus
533 1350 664 1400 ecclesiam
682 1350 851 1401 commendo.“
1227 1342 1231 1359 ⁸

243 1421 422 1472 Calmibattm
439 1426 609 1485 mptum
625 1421 663 1471 his
681 1423 785 1473 nunciat
802 1420 949 1473 Mne:

262 1564 391 1626 Pandite
415 1583 491 1625 nunc
514 1563 661 1626 Helicona
674 1563 769 1641 Dese,
794 1571 959 1645 cantusque
974 1571 1102 1626 movete.
1140 1563 1203 1627 Sed
1217 1566 1287 1647 qnid
1302 1573 1410 1629 cantus
1423 1584 1525 1647 posco,

156 1653 216 1717 cui
242 1655 317 1716 fletu
340 1672 413 1733 opus
438 1652 503 1715 est?
540 1651 619 1715 Rern
646 1653 779 1717 breviter
802 1653 916 1733 accipe.
962 1652 1025 1716 Vix
1047 1653 1182 1719 redierat
1205 1675 1243 1717 ex
1265 1656 1356 1719 ltalia
1377 1656 1525 1737 princeps,

158 1763 239 1805 cum
264 1743 392 1812 accidit,
416 1750 450 1805 ut
470 1741 605 1823 picturae
629 1743 775 1823 quaedam
798 1762 910 1806 aeneae
933 1742 963 1805 in
986 1761 1084 1828 papae
1107 1745 1318 1808 contumeliam
1340 1744 1388 1807 bic
1411 1746 1526 1808 distra-

158 1835 327 1896 herentur.
363 1832 507 1913 Princeps
530 1840 638 1895 vocato
662 1832 876 1896 ordinariorum
898 1832 1049 1914 praeside,
1072 1853 1187 1915 pacem,
1210 1834 1316 1917 inquit,
1340 1836 1399 1897 etsi
1414 1835 1526 1907 darem,

160 1923 229 2003 ipsi
254 1922 406 2003 respuitis.
452 1921 501 1984 Ex
525 1941 559 1984 eo
579 1922 753 2003 bibliopola,
778 1923 915 2005 quamvis
932 1923 1158 2001 provincialium
1173 1924 1318 1999 minister,
1340 1924 1429 2004 jussu
1442 1925 1526 2005 prin-

163 2013 249 2093 cipis
272 2013 303 2075 in
327 2030 478 2074 carcerem
501 2010 558 2074 init
580 2012 744 2092 conjectus.
791 2013 826 2075 Id
851 2014 963 2075 lactum
988 2032 1089 2076 mense
1106 2012 1208 2077 Jnlio.
1245 2014 1359 2077 Eodem
1383 2023 1526 2095 tempore,

72 2134 75 2135 ⁷
164 2121 240 2165 cum
273 2111 395 2164 nostras
433 2100 631 2165 confessionis
660 2101 880 2185 Elemosyparii
911 2111 1116 2183 premerentur
1152 2104 1201 2167 vel
1232 2103 1467 2186 praeterirentur
1498 2101 1528 2164 in

167 2189 322 2255 communi
345 2190 498 2272 hospitali,
523 2198 555 2255 et
577 2196 759 2253 mortunmm
782 2210 908 2272 corpora
924 2209 980 2272 pro
1003 2193 1158 2273 sepultura
1181 2192 1269 2255 nimis
1292 2211 1432 2273 magnum
1454 2211 1526 2253 rec·

166 2281 248 2360 tigal
272 2280 401 2360 pendere
425 2280 616 2343 viderentur:
641 2280 866 2362 promulgamnt
889 2281 986 2344 nostri
1008 2282 1046 2344 de
1065 2290 1225 2364 suggestu,
1250 2301 1358 2345 norom
1382 2281 1526 2345 coemite·

167 2371 260 2445 rium,
285 2389 392 2432 novum
417 2369 566 2451 hospitale
589 2388 644 2449 pro
668 2370 867 2448 nostratibus,
891 2369 1128 2434 contributiones
1152 2370 1326 2434 Christiano
1351 2390 1431 2434 more
1455 2390 1526 2433 sna·
1624 2410 1627 2421 ·

169 2467 294 2523 serunt.
334 2460 380 2522 At
401 2479 469 2523 cnm
499 2466 686 2539 praestemus
717 2479 854 2539 numero,
887 2478 1029 2540 maguum
1057 2461 1128 2543 quid
1153 2460 1314 2541 pontificiis
1337 2462 1527 2523 decessumm

171 2557 251 2612 erat.
299 2547 427 2612 Sublata
449 2548 550 2628 itaque
579 2558 628 2612 est
659 2548 821 2612 autoritate
843 2549 987 2630 principis
1010 2550 1064 2613 illa
1086 2549 1212 2613 molitio.
1258 2550 1364 2612 Mense
1389 2549 1527 2630 Augusto

172 2638 398 2720 praeambulum
422 2638 595 2717 tragoediae
619 2638 685 2700 fuit.
722 2638 977 2720 Archipresbyter
998 2639 1082 2701 urbis
1104 2657 1158 2719 pro
1181 2638 1271 2701 officii
1285 2639 1401 2701 ratione
1416 2636 1527 2700 nostris

174 2726 434 2791 concionatoribus
458 2728 537 2790 omni
569 2727 712 2790 exercitio
744 2727 898 2808 religionis
936 2736 968 2790 et
991 2727 1250 2791 administratione
1274 2734 1528 2791 sacramentorum

174 2816 474 2898 benedictionumque
498 2815 708 2897 conjugialium
731 2816 896 2894 interdixit,
921 2825 1081 2897 praetenso
1099 2817 1185 2898 jure,
1208 2817 1286 2897 quod
1309 2817 1424 2878 habeat
1446 2815 1527 2878 anti·

175 2907 276 2988 quitus
300 2906 349 2987 qui
372 2905 431 2967 loci
450 2912 499 2969 eet
522 2905 781 2987 archipresbyter,
805 2905 890 2985 cnjus
913 2906 1077 2986 vectigalia
1094 2906 1280 2981 minuantur,
1306 2905 1447 2968 aliorsum
1469 2904 1527 2965 ab·

175 2996 300 3057 abactis
323 2994 405 3057 hisce
429 2995 524 3057 sacris
546 2994 811 3074 negotiationibus.
852 2993 1048 3076 Respondere
1071 3013 1125 3075 pro
1147 2994 1291 3057 ministris
1311 2994 1422 3056 nostris
1445 2992 1528 3055 ordi-

175 3084 261 3147 narii.
308 3083 481 3165 Replicavit
504 3083 598 3146 semel
622 3093 711 3165 atque
735 3083 851 3158 iterum,
878 3092 910 3146 et
933 3083 1060 3167 denique
1084 3083 1237 3147 brachium
1261 3083 1414 3145 saeculare
1438 3080 1526 3144 invo-

176 3173 266 3237 cavit.
299 3174 454 3253 Princeps,
479 3173 588 3235 debere
611 3193 645 3237 se
669 3173 795 3236 tutelam
818 3191 876 3234 non
900 3172 987 3235 nobis
1011 3180 1129 3236 tautum
1152 3174 1207 3235 sed
1226 3180 1259 3235 et
1281 3172 1344 3234 suis
1366 3170 1525 3252 religiosis,
1627 3244 1630 3255 .

175 3263 276 3343 itaque
300 3263 384 3344 quod
402 3270 495 3325 antea
510 3262 650 3325 'facturus
674 3270 741 3325 erat
762 3261 882 3343 propria
906 3262 1081 3338 devotione,
1109 3262 1140 3324 id
1164 3280 1241 3324 nnnc
1264 3261 1454 3342 imploratum
1475 3260 1525 3322 ia-

176 3371 261 3426 cere,
295 3362 329 3415 et
359 3351 517 3426 mandare,
550 3359 585 3414 nt
611 3351 754 3414 ordinarii
783 3352 865 3413 iutra
899 3346 940 3415 id
968 3352 1032 3413 dies
1055 3352 1179 3415 mittant
1201 3371 1302 3414 ornnes
1325 3350 1471 3413 ecclesiae
1495 3356 1527 3410 et

177 3441 297 3504 scholae
314 3439 415 3504 Gratii
429 3448 460 3502 et
473 3439 665 3521 Judebnrgae
679 3441 841 3515 ministros,
866 3460 978 3521 eosque
1000 3441 1031 3503 in
1054 3450 1208 3504 aeternnm
1231 3439 1439 3503 haereditariis
1463 3437 1525 3499 suis

175 3520 336 3611 provinciis
368 3529 522 3593 abstinere
554 3529 609 3591 sub
646 3548 745 3610 poena
774 3530 883 3610 capitis
911 3530 1050 3610 jubeant.
1104 3532 1231 3593 Factum
1265 3528 1315 3593 10.
1353 3527 1406 3592 20.
1437 3526 1524 3611 Sept.

175 3620 417 3701 Responderunt,
440 3638 526 3681 suum
549 3637 616 3680 esse
639 3618 716 3681 tnsri
738 3636 884 3698 personas
907 3619 964 3682 bas
987 3627 1094 3682 contra
1115 3619 1192 3695 vim,
1216 3619 1335 3682 mittere
1358 3637 1417 3680 non
1440 3636 1524 3679 suum

177 3710 330 3789 esse-sed
354 3709 447 3772 totins
471 3717 646 3770 conventus.
692 3708 788 3770 Erant
810 3715 873 3771 tum
896 3708 944 3770 hic
968 3708 1107 3789 ffispani,
1132 3728 1273 3790 sponsam
1297 3707 1377 3790 regis
1396 3707 1523 3770 comita·

176 3799 243 3874 turi,
269 3807 384 3879 etpost
396 3798 517 3860 biduum
532 3795 693 3859 discessuri
708 3816 774 3859 cum
788 3795 928 3880 Styriaco
943 3798 1088 3861 comitatu
1111 3798 1177 3879 (qni
1199 3807 1282 3861 totus
1305 3818 1343 3860 ex
1364 3795 1524 3878 pontificiis

176 3889 279 3952 debuit
310 3889 464 3960 constare)
492 3886 683 3966 putabantur.
728 3886 873 3967 Princeps
900 3883 949 3951 tl.
975 3883 1028 3951 24.
1053 3885 1140 3968 Sept
1173 3888 1259 3950 nobie
1289 3888 1363 3969 ipsis
1385 3887 1524 3967 imperat,

166 3976 209 4041 'ut
239 3979 319 4040 iutra
351 3985 490 4039 octavum
522 3975 600 4037 diem
631 3974 798 4056 provinciis
824 3977 886 4039 suis
919 3977 1068 4040 abiremue
1100 3976 1156 4039 snb
1178 3996 1277 4058 poena
1299 3976 1418 4057 capitis.
1465 3973 1524 4034 Diu

177 4066 296 4149 scriptis
311 4072 513 4145 concertatum
527 4065 690 4146 principem
704 4064 783 4127 inter
797 4075 828 4128 et
841 4065 1017 4140 ordinarios,
1042 4066 1108 4148 (qui
1120 4066 1234 4129 viciuos
1247 4084 1387 4149 proceres
1411 4080 1524 4125 convo·
1582 4124 1585 4131 ,

106 4210 111 4219 .
177 4165 328 4232 caverant,
354 4157 408 4218 sed
426 4172 574 4235 ¹aquarum
597 4154 734 4217 maximis
756 4162 789 4218 et
806 4155 936 4220 insolitis
949 4156 1201 4231 inundationibus,
1226 4176 1301 4238 qnae
1316 4155 1409 4219 etiam
1422 4169 1524 4214 mense

178 4249 314 4327 Augusto
340 4247 431 4317 iners,
454 4244 596 4324 impediti,
620 4263 679 4306 non
702 4244 782 4309 ultra
805 4242 848 4309 30
870 4247 1099 4321 convenerunt).
1145 4246 1280 4309 Tandem
1301 4244 1350 4308 17.
1366 4239 1419 4305 27.
1436 4240 1522 4319 Sept.

94 4406 99 4419 y
178 4344 245 4397 ante
270 4334 351 4398 Solis
374 4352 512 4397 masam
534 4334 688 4395 universos
711 4353 767 4396 nos
788 4334 928 4417 princeps
950 4335 1023 4397 urbe
1046 4335 1175 4412 migrare
1199 4343 1323 4416 etpost
1345 4327 1521 4409 duitospri-

176 4444 240 4486 mos
263 4423 283 4485 7
308 4425 372 4487 dies
396 4422 476 4485 exire
498 4421 658 4502 provinciis
682 4423 822 4486 atrociori
845 4424 1101 4487 commendatione
1121 4424 1224 4503 jussit.
1271 4426 1376 4504 Itaque
1397 4420 1433 4481 de
1448 4436 1521 4479 con-

179 4514 243 4576 silio
267 4520 298 4576 et
315 4515 403 4595 jussu
425 4531 578 4594 procemm
601 4511 764 4587 exivimus,
795 4513 909 4575 relictis
933 4512 1128 4593 conjugibus,
1158 4513 1226 4575 hinc
1250 4512 1317 4574 inde
1341 4507 1469 4591 dispersi
1494 4505 1523 4567 in

179 4604 328 4683 Ungariae
351 4612 383 4665 et
406 4600 548 4665 Oroatiae
571 4602 655 4676 fines,
678 4600 730 4664 nbi
753 4600 869 4664 Caesar
890 4602 1031 4683 imperat.
1066 4600 1186 4664 Salaria
1208 4601 1389 4664 obtinuimus
1412 4596 1522 4660 nihilo·

179 4693 285 4767 minue,
318 4691 430 4755 viatica
453 4692 575 4771 insuper
597 4691 784 4772 accepimus,
813 4691 893 4770 jussi
925 4692 1003 4753 banc
1021 4690 1075 4752 'sic
1098 4691 1229 4754 tolerare
1253 4692 1421 4757 fortunam,
1453 4686 1522 4747 dnm

180 4792 340 4845 conventus
363 4780 520 4843 habeatnr.
565 4781 597 4842 Is
621 4780 718 4842 adhuc
741 4789 888 4861 speratur.
934 4779 1000 4861 Ego
1023 4789 1094 4861 post
1116 4774 1249 4842 mensem
1271 4778 1356 4853 redii,
1376 4776 1523 4858 jussusa

180 4870 319 4952 principis
342 4869 500 4949 ministris,
525 4869 575 4955 qni
596 4889 644 4935 me
667 4877 816 4938 eremium
840 4867 990 4935 dicebant.
1037 4867 1212 4954 Supplicavi
1234 4878 1344 4949 umen,
1368 4865 1430 4943 nti,
1454 4861 1524 4951 qnia
