3609 5634
687 359 719 409 rs
736 358 809 408 nen
827 359 990 425 „aaronem
1091 355 1096 360 ’
1453 361 1518 427 ert
1603 365 1605 370 ‘

125 507 375 608 maltiplicatio
397 516 535 596 ejusdem
557 515 586 577 in
611 515 668 578 sibi
691 517 798 592 simile,
823 518 979 598 quodlibet
1002 538 1038 580 eo
1056 517 1155 592 modo,
1181 537 1239 600 quo
1263 520 1415 582 essentiae
1431 522 1520 583 modo

126 603 241 660 utitur.
300 602 419 684 Imago
452 606 516 684 ejus
543 605 604 680 vis,
638 624 713 686 quae
738 607 766 668 in
790 611 880 668 rnadn
904 615 966 680 est,
998 606 1175 688 relinquitur
1198 608 1227 669 in
1252 608 1352 689 lapide
1381 617 1413 670 et
1434 609 1520 672 illurn

126 685 221 748 vehit
248 709 389 755 sursum
422 695 514 774 litque
546 694 703 779 impressio
733 715 826 757 causa
845 696 992 757 materiae
1020 703 1054 757 'et
1076 697 1237 780 temporis,
1272 697 1342 777 quia
1365 706 1520 778 utromque

127 774 172 835 ad
199 788 319 842 motus
343 783 516 844 essentiam
539 783 715 864 requiritur3
739 783 840 865 imago
865 785 939 847 lucis
964 804 983 845 a
1006 785 1071 864 luce
1095 786 1192 847 effluit
1215 805 1309 848 cansa
1332 787 1426 850 solius
1451 787 1518 862 loci,

128 865 208 944 quia
234 879 341 932 caret
367 871 419 933 lux
441 872 570 933 materia
591 882 623 934 et
645 882 790 953 tempore.
836 873 942 953 Imago
975 874 1068 954 igitur
1101 883 1132 936 et
1160 876 1225 955 ejus
1250 875 1408 956 temporis,
1442 877 1521 955 quod

126 964 206 1034 post
233 967 375 1036 parturn
398 959 531 1042 proxime
556 961 626 1034 fuit,
655 963 770 1038 effluit,
806 963 965 1043 elongatur
988 984 1007 1025 a
1030 972 1164 1042 ternpore
1188 964 1239 1026 illc
1274 964 1302 1025 in
1326 966 1521 1044 proportione

128 1052 331 1125 temporum
358 1051 493 1125 illorum,
528 1060 559 1113 et
583 1051 742 1131 elongatur
769 1052 798 1112 in
824 1053 920 1114 locum
945 1053 1089 1132 temporis
1122 1053 1252 1128 ratione,
1287 1049 1357 1135 quia
1380 1062 1411 1115 et
1434 1073 1521 1116 sunm
1555 1109 1563 1132 ,

130 1132 303 1214 originale
344 1158 397 1201 sen
426 1140 494 1200 icus
522 1140 646 1220 ejusque
675 1140 810 1203 essentia
837 1148 956 1221 tempus
991 1149 1048 1205 est.
1095 1142 1145 1202 lta
1172 1139 1341 1205 tricesimus
1365 1141 1429 1203 dies
1454 1162 1522 1204 eum

131 1226 415 1289 antecedentibus
438 1238 617 1308 prorogatur
641 1228 670 1291 in
694 1226 737 1292 30
760 1248 864 1302 annos,
890 1230 1027 1310 quodque
1048 1230 1104 1292 fuit
1128 1230 1175 1292 die
1196 1229 1348 1293 tricesimo
1370 1230 1399 1292 in
1423 1232 1518 1305 coelo,

131 1321 300 1393 operatur
329 1336 408 1378 anno
431 1317 584 1379 tricesimo
607 1319 637 1380 in
662 1318 794 1391 homine,
826 1318 950 1398 perinde
974 1337 1010 1380 ae
1034 1318 1060 1379 si
1093 1326 1157 1380 tour
1181 1319 1297 1382 demum
1321 1320 1467 1382 existeret
1489 1320 1519 1381 in

132 1403 247 1477 coelo,
277 1405 378 1484 plane
402 1413 436 1467 nt
453 1407 536 1468 calor
559 1406 625 1479 ille,
650 1407 772 1488 quiest
795 1406 825 1468 in
848 1406 946 1481 Sole,
969 1416 1111 1487 operatur
1135 1408 1364 1470 calefactionem
1388 1408 1417 1470 in
1442 1408 1520 1472 Ter·

134 1510 227 1566 ram,
268 1495 404 1573 perinde
427 1514 463 1556 ac
487 1494 514 1556 si
538 1494 590 1557 Sol
615 1497 679 1574 ipse
702 1505 785 1557 esset
817 1496 846 1557 in
871 1497 975 1558 Terra.
1022 1496 1080 1558 Hic
1104 1497 1201 1559 distat
1222 1498 1342 1577 patiens
1370 1506 1402 1559 et
1425 1516 1520 1578 agens
1623 1513 1627 1536 ¹

135 1601 244 1643 cansa
273 1584 354 1658 loci,
388 1584 448 1646 illic
471 1603 564 1646 causa
587 1585 739 1665 temporis.
784 1585 920 1648 Medium
943 1586 990 1647 hic
1013 1584 1098 1647 radio
1122 1585 1328 1660 continuatur,
1361 1586 1423 1648 illic
1447 1605 1520 1665 pro·

136 1671 315 1751 portione,
350 1673 420 1753 qnia
448 1673 504 1735 hoc
533 1674 583 1735 lux
607 1683 671 1748 est,
708 1673 782 1736 illud
812 1682 911 1736 motus
943 1673 973 1735 iu
1005 1682 1088 1737 certo
1119 1693 1240 1738 numero
1273 1682 1305 1736 et
1326 1675 1519 1757 proportione

137 1763 320 1840 temporis.

167 1889 171 1894 .
219 1849 540 1901 FabricinsrPraeter
558 1850 671 1901 cardines
696 1850 759 1900 coeli
777 1849 887 1901 nullas
906 1852 1056 1917 agnoscis
1075 1850 1158 1901 alias
1176 1850 1291 1901 domus.
1326 1849 1411 1901 iduor.
1441 1851 1519 1902 Pne-

140 1927 185 1969 ter
205 1928 337 1984 aspectus
356 1920 495 1971 cardinales
522 1920 608 1970 alios
636 1929 788 1985 aspectus
814 1923 1007 1983 introducis;
1036 1928 1103 1973 certe
1131 1928 1158 1972 et
1175 1936 1253 1976 noras
1271 1923 1357 1972 domus
1379 1922 1520 1982 lubricabir,

141 2004 210 2041 nam
232 1999 359 2057 aspectus
378 1993 503 2041 domorum
521 1993 655 2042 interstitia
674 1994 835 2043 constituunt.

245 2064 458 2144 Kepleros:
492 2064 631 2140 Miraris,
666 2065 744 2145 quod
768 2083 923 2127 nnmerum
942 2064 1094 2126 domorum
1119 2064 1307 2138 imminuam,
1342 2073 1519 2145 aspectuum

145 2153 316 2232 augeam?
363 2151 443 2222 Quia
465 2152 540 2214 illud
565 2152 699 2214 homines
724 2162 902 2228 sanxerunt,
929 2153 985 2215 hoc
1009 2160 1127 2215 natura.
1174 2152 1227 2218 Sic
1250 2153 1322 2215 mihi
1346 2154 1521 2217 demonstra

146 2249 286 2303 veteres
311 2241 427 2314 domus,
452 2247 487 2302 nt
510 2260 566 2322 ego
592 2241 646 2304 tibi
666 2261 759 2303 novos
777 2252 929 2324 aspectus.
975 2241 1137 2304 Rationem
1153 2243 1245 2303 redde
1260 2244 1374 2305 numeri
1382 2261 1391 2317 ;
1414 2243 1519 2323 proba,

146 2330 264 2409 plnres
295 2337 328 2392 et
354 2329 512 2410 pauciores
544 2350 610 2392 esse
641 2350 699 2392 non
723 2349 828 2411 posse;
863 2331 958 2392 deduc
982 2350 1104 2392 causam
1134 2349 1172 2391 ex
1195 2331 1261 2410 ipso
1285 2331 1386 2393 mundi
1410 2331 1519 2393 arche-

48 2428 57 2438 '
147 2429 247 2501 typo,
288 2440 326 2482 ex
348 2420 547 2500 geometriae,
582 2420 729 2499 genuinae
753 2420 886 2494 scilicet,
921 2418 1093 2499 principiis,
1126 2420 1252 2481 ostende
1277 2420 1416 2499 exempla
1438 2420 1520 2481 illius

152 2508 389 2571 dist-ributionis
421 2508 543 2570 indubia
567 2517 599 2570 et
622 2508 795 2587 splendida;
828 2508 954 2588 denique
978 2508 1119 2583 ostende,
1142 2507 1321 2587 in‘prcelini
1346 2528 1430 2582 esse,
1464 2529 1520 2570 ex-

48 2678 56 2682 ·
152 2599 347 2677 perientiarn
370 2616 495 2677 capere,
520 2616 575 2659 nec
599 2598 707 2659 leviter
731 2598 900 2676 capientem
925 2597 1031 2659 fallere
1055 2596 1147 2671 hanc,
1173 2614 1227 2656 nec
1251 2596 1467 2676 ambiguitates
1490 2598 1519 2660 in

154 2687 349 2766 experiundo
374 2686 474 2765 objici.
522 2685 607 2746 Haec
632 2686 733 2747 omnia
756 2685 814 2748 feci
837 2685 914 2747 meis
930 2684 1115 2765 aspectibus.
1163 2685 1300 2747 Proclive
1324 2685 1380 2748 tibi
1400 2695 1449 2748 est
1472 2687 1519 2747 rel

154 2776 273 2857 cuique
297 2775 358 2853 alii,
383 2793 421 2836 ex
444 2774 530 2836 novis
554 2774 727 2853 aspectibus
751 2784 782 2836 et
796 2794 890 2836 novas
907 2774 1055 2835 fabricare
1072 2774 1186 2846 domus,
1212 2775 1291 2854 quia,
1316 2793 1363 2836 me
1378 2776 1518 2851 Hercule,

158 2883 257 2944 qnam
287 2883 401 2944 paucae
430 2871 501 2924 eunt
533 2864 571 2923 ad
596 2864 835 2942 respondendnm
869 2863 908 2924 ad
932 2862 1031 2924 omnia
1055 2862 1252 2941 interrogata.
1300 2864 1343 2924 Tu
1368 2883 1438 2926 vero
1463 2866 1518 2926 de-

155 2962 300 3016 monstra
332 2961 385 3014 aut
408 2972 427 3012 a
448 2951 625 3013 Ptolemaeo
660 2959 835 3031 usurpatum
864 2951 1093 3026 duodenarium,
1128 2957 1180 3012 aut
1213 2951 1276 3013 alia
1303 2952 1341 3014 ab
1364 2953 1518 3015 Arabibus

157 3041 350 3105 introducta.
398 3039 486 3111 Quod
518 3059 589 3101 vero
622 3041 769 3102 rationem
802 3040 840 3101 ab
868 3040 1043 3120 aspectibus
1077 3039 1181 3113 ducis,
1214 3041 1346 3106 concedo
1374 3041 1430 3103 tibi
1463 3042 1520 3103 hoc

157 3141 257 3210 pacto
282 3132 396 3205 domus,
422 3140 455 3191 ut
476 3130 540 3190 sint
566 3130 595 3190 in
619 3129 773 3207 patiendo,
798 3129 876 3210 quod
898 3130 1023 3209 planeta
1045 3130 1073 3191 in
1090 3130 1218 3208 agendo.
1264 3129 1306 3191 Et
1324 3138 1424 3192 tamen
1440 3132 1519 3192 malo

160 3221 282 3294 dicere,
308 3220 473 3282 Saturnum
495 3219 524 3279 in
549 3218 651 3280 sextili
669 3217 762 3280 Medii
778 3216 871 3290 Coeli,
896 3237 985 3298 quarn
1008 3218 1037 3298 in
1053 3218 1230 3280 duodecima
1244 3218 1341 3294 domo,
1367 3218 1426 3281 nisi
1441 3220 1520 3302 quod

161 3319 195 3371 et
220 3309 392 3374 memoriam
412 3308 501 3388 juvat
523 3306 705 3369 distributio·
730 3308 819 3384 ,Non
842 3324 953 3388 pugno,
980 3316 1013 3370 ut
1035 3308 1091 3370 has
1110 3308 1275 3382 destruam,
1302 3309 1355 3371 sed
1376 3298 1519 3390 repugno,

160 3418 201 3461 ne
227 3398 383 3461 aedificem
407 3405 460 3458 aut
482 3398 613 3459 sarciam
635 3396 713 3458 illos.

237 3488 420 3538 Fabricius:
449 3484 597 3547 Quaeritur,
625 3499 658 3535 an
675 3485 779 3549 planeta
800 3485 873 3547 Juxta
893 3481 1106 3534 latitudinem
1125 3485 1308 3549 dirigendus
1327 3487 1360 3535 sit
1379 3485 1412 3534 ad
1430 3499 1518 3535 ascen

163 3559 267 3609 dentem
291 3558 331 3607 vel
350 3556 445 3614 Solem,
469 3558 508 3606 rel
534 3559 588 3606 sine
613 3555 762 3606 latitudine?
798 3554 886 3619 Magni
914 3556 1032 3617 momenti
1050 3570 1089 3604 res
1109 3561 1160 3613 est,
1191 3563 1217 3604 et
1234 3557 1260 3605 in
1279 3556 1453 3607 directionibus
1471 3572 1521 3606 non

163 3645 269 3695 parvam
288 3630 350 3679 lacit
368 3628 542 3679 differentiam.
579 3628 631 3693 Ego
649 3628 720 3677 rideo
739 3628 820 3691 potius
838 3627 892 3676 sinc
911 3627 1042 3675 latitudine
1055 3626 1204 3676 directiones
1216 3627 1374 3690 respondere,
1392 3628 1450 3692 quic
1462 3628 1520 3676 lati·

162 3703 258 3753 tudinis
276 3703 312 3751 ris
331 3707 370 3751 est
387 3702 412 3748 in
430 3699 510 3765 gradu
526 3699 695 3765 longitudinis,
715 3705 741 3748 et
759 3698 863 3761 planeta
879 3697 977 3747 ratione
996 3696 1156 3760 longitudinis
1174 3699 1223 3746 rim
1244 3698 1339 3749 zodiaci
1353 3701 1519 3764 consequitur,

164 3787 231 3839 qnae
250 3772 366 3822 videlicet
383 3771 419 3820 illi
436 3772 509 3821 inest.

254 3845 463 3924 Kepleros:
487 3840 594 3921 Dirige
618 3841 727 3914 sidera,
753 3846 787 3901 ut
810 3839 954 3913 oriuntur,
981 3839 1018 3900 ad
1035 3839 1247 3901 ascendentem
1264 3850 1296 3902 et
1309 3842 1352 3902 M.
1370 3838 1422 3916 0.,
1448 3860 1519 3920 ergo

165 3953 221 4014 per
244 3933 431 3996 latitudines.
478 3929 513 3991 ld
536 3930 797 4010 Regiomnntanus
819 3927 991 3990 inculcavit.
1038 3925 1114 3990 Cnrn
1134 3926 1189 3990 Sol
1213 3929 1384 4010 dirigendus
1409 3938 1457 3991 est
1480 3931 1519 3991 ad

167 4023 332 4096 Venerem,
356 4029 387 4083 et
409 4019 463 4082 illa
486 4019 579 4081 babet
603 4014 649 4082 9⁰
672 4019 742 4093 iat,
768 4017 835 4082 dico
859 4016 975 4079 lainam
1000 4016 1213 4094 directionem,
1247 4019 1332 4101 quia,
1356 4038 1422 4081 curn
1445 4038 1518 4099 pro-

165 4112 239 4176 ximi
261 4111 335 4178 facti
359 4118 437 4185 eunt,
462 4105 506 4173 9⁰
528 4108 713 4171 distiterunt.
760 4107 805 4167 Tu
828 4106 929 4168 neseio
954 4106 1024 4186 quid
1047 4128 1213 4185 asamona:
1242 4109 1379 4189 planeta,
1407 4107 1514 4188 inquis,

167 4204 283 4264 ratione
307 4198 502 4279 longitudinis
526 4198 585 4259 vim
609 4196 724 4259 zodiaci
748 4195 950 4274 consequitur.
997 4195 1066 4257 Non
1087 4196 1227 4257 zodiacus
1250 4197 1392 4277 planetis,
1418 4195 1471 4256 sed
1487 4194 1518 4256 hi

166 4290 288 4352 zodiaco
313 4290 374 4351 vim
394 4288 574 4366 largiuntur.
621 4287 767 4348 Pinnetem
792 4284 870 4344 enim
893 4284 925 4344 in
948 4303 981 4345 se
1006 4283 1082 4363 ipsis
1105 4290 1185 4345 sunt.

239 4379 420 4429 Fabricius:
440 4376 586 4440 Eclipnes
604 4375 692 4425 inira
709 4373 839 4423 Terram
858 4373 1031 4438 contingentes
1048 4374 1074 4422 in
1093 4372 1226 4437 generibus
1244 4386 1294 4421 non
1312 4378 1371 4424 sunt
1387 4371 1517 4438 negligen·

168 4450 223 4509 dae,
243 4465 299 4501 cum
315 4450 378 4500 vires
396 4462 454 4499 snas
473 4454 606 4498 exerceant
624 4447 657 4497 ad
674 4446 774 4495 modum
792 4443 955 4508 planetarum.
1135 4443 1137 4446 ’

256 4523 459 4602 Kepleros:
491 4520 565 4581 Illas
594 4519 697 4599 utique
721 4515 887 4577 censuerim
911 4514 1161 4587 considerandas,
1193 4522 1226 4575 at
1249 4533 1307 4575 non
1331 4514 1435 4591 aliter,
1460 4514 1518 4576 nisi

169 4611 410 4690 conjunctionem
440 4609 635 4689 corporalem.
682 4601 763 4667 Nam
796 4601 915 4665 luminis
945 4602 1076 4665 subitam
1107 4603 1306 4683 privationem
1335 4605 1417 4666 nulla
1440 4604 1518 4666 ratic

168 4699 305 4762 admittit
325 4698 382 4760 nisi
407 4719 442 4760 eo
467 4699 532 4759 loco
557 4696 758 4769 considerare,
784 4692 833 4754 ubi
848 4692 989 4754 cernitur.
1042 4693 1107 4753 Tua
1126 4691 1347 4772 argumentatio
1370 4693 1452 4755 nulla
1471 4701 1520 4755 esi

168 4791 398 4870 aplanetarnm
431 4786 544 4849 viribus
574 4787 614 4847 ad
633 4784 712 4845 vires
737 4780 901 4861 eclipsinm.
948 4780 1079 4842 Planeta
1106 4790 1155 4842 est
1177 4780 1362 4857 substantia,
1397 4781 1519 4862 eclipsis

168 4887 218 4941 est
238 4877 380 4960 privatio,
405 4875 606 4940 determinata
629 4873 689 4937 situ
714 4871 788 4935 certi
812 4869 879 4933 loci.
926 4869 992 4932 lllis
1006 4868 1099 4951 igitur
1122 4889 1190 4932 esse
1214 4870 1294 4934 vires
1312 4871 1355 4934 nil
1368 4872 1520 4954 prohibet,
