3609 5634
754 353 916 408 Mu·
1469 350 1512 417 23

163 507 1512 579 dnmmmgitnemdumtentneausmisitmsphaenmmhnamemmordinem,

162 583 373 644 wignandum,
395 588 505 641 motum,
531 588 582 636 sire
599 587 735 637 secundnm
752 589 873 648 ιιιιιιιιι,
898 589 949 638 sive
968 586 1031 637 alias
1049 600 1206 650 quascunque
1231 585 1379 649 hypotheses
1403 599 1420 634 a
1440 586 1513 648 priori

163 650 270 707 ἆθΰθιθ,
286 656 406 705 rationem
424 656 540 718 rediere,
560 658 671 723 adeoque
690 661 759 722 qnasi
780 674 810 709 ex
828 673 921 709 moeno
939 659 989 708 Dei
1007 658 1125 708 creatoris
1142 657 1243 708 consilio
1262 658 1404 721 depromere
1421 654 1513 720 mese?

163 721 219 771 litt
236 730 319 775 anam
335 726 528 791 Kepplerus
547 735 574 779 et
592 744 723 795 aggressus
742 738 789 787 est,
807 737 835 781 et
851 731 956 781 ielieiter
973 730 1105 794 praestitit
1140 729 1196 792 lpse
1215 731 1280 780 eninr
1297 729 1389 791 primus
1407 734 1453 781 est,
1472 728 1513 791 qui

162 793 343 856 minuimus,
361 799 426 864 quod
444 799 578 851 distentu
596 801 753 864 planetarum
771 816 788 853 a
804 817 832 853 se
849 808 944 858 mutuo,
960 815 1024 867 quas
1044 802 1224 851 mmonomieae
1242 800 1464 849 demonstrationes
1482 798 1513 848 ex

163 864 370 920 moribus
382 870 563 935 patefecerant,
581 887 630 922 uon
645 873 743 937 quidem
758 875 784 923 in
802 875 900 927 usitatis
918 872 1093 937 hypothesibus
1112 869 1150 931 (in
1168 873 1203 920 eis
1223 874 1288 923 enim
1306 869 1366 919 nihil
1384 870 1436 920 tale
1454 885 1509 933 sps·

162 939 212 986 rasi
229 934 333 1000 potest).
348 942 393 992 ssd
410 943 545 993 meminus
563 943 733 1007 Copsrnieum,
751 951 826 995 tauta
844 945 975 995 hunnis
991 944 1114 1003 habeant,
1133 948 1228 1007 quauta
1245 946 1271 992 in
1289 943 1395 1006 quinque
1413 940 1511 1007 regula·

160 1008 229 1059 ribus
247 1011 384 1073 wrponbns
402 1017 558 1079 masticis
576 1017 641 1065 inter
658 1015 778 1080 sphaerae
795 1018 927 1080 inseriptas
951 1023 978 1066 st
1001 1015 1197 1079 semetipsas
1214 1014 1354 1064 interserit
1390 1012 1445 1063 Nec
1463 1018 1512 1069 est,

164 1086 193 1129 ui
210 1081 266 1145 qul·
285 1082 432 1136 mnrium
449 1085 635 1150 hypothesium,
659 1087 689 1138 de
707 1102 758 1153 qne
776 1088 926 1153 Copornicus
945 1086 1061 1138 annuitis
1080 1093 1227 1144 accusatur,
1252 1084 1406 1142 offendam,
1429 1085 1511 1135 muti·

163 1165 251 1209 ΜΝ,
271 1153 336 1216 quod
354 1168 380 1204 eu
396 1157 460 1207 ialso
478 1173 574 1223 qnoque
591 1173 675 1208 verum
693 1161 762 1224 sequi
779 1162 857 1224 possit
875 1166 923 1210 etc.
961 1158 1026 1209 Nam
1044 1160 1092 1209 etsi
1109 1157 1136 1206 id
1154 1158 1211 1213 fiat,
1229 1171 1274 1221 per
1292 1156 1409 1207 audiens
1426 1161 1512 1205 tamen

163 1230 190 1273 θ*
206 1236 265 1272 ¹⁸¹⁰
283 1230 380 1275 “flium
392 1228 429 1286 fit,
448 1236 475 1279 et
486 1231 513 1281 in
524 1245 654 1297 progressu
666 1231 902 1283 demonstrationum
916 1238 1000 1282 cetera
1016 1245 1067 1280 non
1084 1229 1157 1280 aliter
1174 1242 1248 1294 mam
1261 1228 1350 1293 paleae
1369 1227 1510 1278 cohaerent

163 1294 197 1344 Δι
214 1293 257 1344 hio
269 1296 353 1346 omnia
370 1301 492 1362 aptissimo
509 1301 594 1352 ordine
611 1301 835 1368 perfectissimeque
849 1317 962 1363 connexu
974 1301 1091 1368 colligata
1103 1306 1169 1358 sunt,
1188 1306 1216 1350 ut
1233 1315 1265 1350 ne
1283 1300 1410 1349 minimum
1428 1313 1512 1349 eornm

163 1364 232 1422 tolli.
252 1366 290 1417 vel
308 1371 445 1432 transpmi,
472 1371 511 1423 rei
528 1372 614 1423 ieviter
635 1376 726 1424 mutari
749 1374 841 1439 absque
859 1375 1003 1425 oouhuione
1021 1379 1048 1423 et
1065 1374 1191 1423 eversione
1208 1373 1284 1421 totim
1301 1372 1408 1421 universi
1425 1371 1511 1434 pessit

162 1436 218 1487 Hoc
237 1451 297 1503 ergo
315 1452 361 1488 eeu
380 1441 536 1493 imdeuuento
554 1458 572 1494 s
588 1447 660 1509 primi
679 1446 746 1505 iate,
765 1446 865 1496 dubium
883 1461 934 1495 non
952 1452 1005 1501 est,
1030 1446 1101 1509 quin,
1126 1445 1167 1509 qni
1184 1444 1367 1494 emanationes
1386 1440 1512 1506 etigunt,

161 1509 213 1558 '⁰⁶
242 1510 281 1559 ἀἱ
306 1509 339 1560 ad
355 1512 526 1567 reismendos
554 1523 634 1566 motus
656 1531 784 1582 corporum
808 1517 952 1568 coelestium
978 1517 1147 1580 mjnmenuun
1171 1517 1305 1567 mammam
1329 1515 1379 1564 sint
1395 1512 1512 1564 habituri.

160 1580 221 1631 Μ
239 1581 306 1632 anim
323 1596 381 1640 που.
400 1590 429 1633 nt
443 1591 519 1637 entes
531 1586 698 1646 Ptolemaeus,
717 1590 801 1655 quiin
819 1589 994 1653 hypothesibus
1012 1589 1111 1638 usitatis
1128 1587 1189 1637 nihil
1207 1586 1258 1637 tale
1277 1592 1404 1653 praestare
1422 1584 1510 1650 potuit.

162 1666 218 1711 nee,
238 1657 267 1701 nt
280 1651 437 1716 Cepernieua
453 1659 492 1707 oni
505 1658 551 1709 hoe
562 1674 612 1708 non
624 1659 739 1719 subdinit,
758 1661 840 1711 facere
859 1661 989 1724 oportebit,
1007 1664 1036 1709 ut
1053 1660 1212 1724 sphaerarum
1225 1659 1418 1708 iimeudouen
1428 1661 1510 1721 poste·

162 1724 234 1780 nori,
258 1722 307 1774 hoe
325 1731 364 1775 eet
381 1740 412 1776 ex
429 1729 634 1781 obsenationibus
654 1728 769 1796 (quarum
786 1733 880 1782 multae
898 1732 961 1782 satis
984 1745 1097 1789 crassae,
1123 1746 1155 1781 ne
1178 1731 1259 1781 iicsm
1277 1730 1367 1780 dubiae
1384 1724 1455 1789 sunt)
1473 1727 1511 1777 in·

161 1796 330 1861 wantos:
348 1798 465 1861 siquiden
483 1815 530 1851 eee
549 1817 565 1852 a
582 1804 655 1867 priori
674 1805 790 1869 cognitae
808 1804 1017 1854 observationibus
1035 1803 1228 1859 adhibebuntur,
1247 1801 1314 1851 ande
1330 1800 1440 1852 calculus
1457 1813 1509 1849 mo-

161 1874 234 1917 tuum
250 1866 329 1918 mnito
345 1869 441 1921 ieiieius
456 1878 588 1925 ιιιτιιιιιιι.
623 1874 664 1925 De
679 1876 792 1938 jusunda
809 1882 836 1926 st
857 1876 1000 1942 preiseima
1023 1874 1205 1939 speculatione,
1228 1887 1292 1938 quae
1314 1872 1373 1922 inde
1396 1872 1511 1928 oboritur,

162 1939 197 1988 nil
215 1939 257 1989 hic
275 1939 408 1991 dicendum
424 1956 488 2006 puio.
517 1944 551 1995 Ut
569 1951 653 1996 antem
670 1961 722 1997 rem
739 1948 819 2012 ipsam
836 1949 1002 2011 maximopere
1021 1945 1242 1996 commendandam
1260 1950 1327 2008 puto,
1346 1944 1384 1993 ita
1401 1944 1427 1992 iu
1446 1949 1511 1993 trae·

162 2011 258 2061 tatione
278 2011 388 2062 nonnihil
407 2013 529 2066 desiisse:
548 2016 663 2068 videlicet
681 2021 733 2081 elus
751 2021 852 2070 nimiam
870 2019 1045 2069 obscuritatem
1063 2024 1089 2068 et
1106 2018 1301 2082 perplexitatem.
1339 2011 1511 2079 Scripsit'Do·

161 2084 243 2131 minna
256 2082 380 2146 Kepierus
391 2084 457 2136 hune
468 2086 582 2145 ibellum,
601 2090 642 2154 qni
653 2089 737 2139 multis
750 2090 959 2146 meditationibus.
977 2097 1006 2140 ut
1023 2091 1059 2139 rir
1077 2090 1231 2140 incussimus
1249 2092 1276 2137 et
1293 2087 1510 2153 ingeniosissimus,

163 2159 244 2203 totam
261 2156 389 2219 sermm
403 2157 449 2205 eibi
461 2159 564 2209 reddidit
575 2161 743 2211 nodssimnm:
762 2164 820 2212 inde
838 2176 868 2212 ex
886 2176 931 2211 sno
949 2162 1048 2227 ingenio
1066 2161 1098 2211 de
1116 2161 1171 2210 silis
1186 2159 1285 2223 judieat
1301 2159 1421 2216 similiter,
1440 2158 1510 2222 qnasi

163 2226 280 2289 seriptum
297 2225 344 2277 boo
361 2242 433 2277 suum
450 2230 596 2282 solummodo
614 2233 641 2281 in
659 2247 742 2283 eornm
759 2248 849 2287 manus
866 2240 1039 2299 perventurum
1056 2234 1097 2293 eit,
1116 2233 1203 2296 quibus
1215 2246 1300 2281 omnes
1318 2231 1396 2280 etiam
1414 2230 1510 2279 metn-

165 2297 276 2348 sissimae
289 2295 418 2362 Goperniei
432 2300 650 2354 demonstrationes
668 2305 811 2356 nofflsimee
829 2306 892 2355 sint:
913 2307 982 2361 item,
1000 2305 1086 2369 quibus
1105 2318 1189 2353 omnes
1208 2318 1335 2367 corporum
1353 2301 1510 2368 regularium,

164 2367 228 2424 tubi·
246 2370 388 2431 pyramidis.
407 2371 559 2434 dodeeaidri,
578 2375 708 2431 icosatdri,
728 2383 753 2427 et
765 2376 876 2426 ootaidri
888 2378 1051 2441 proprietates
1064 2382 1090 2426 et
1108 2375 1273 2425 dimensiones
1292 2388 1322 2424 ex
1339 2372 1511 2437 posterioribus

163 2439 272 2489 Euclidis
283 2438 350 2490 libris
362 2443 413 2492 sint
424 2447 649 2508 pemectisdmaes
666 2446 770 2511 ideoque
784 2446 913 2511 Cepernici
925 2448 1075 2498 senteutiam
1088 2447 1119 2497 de
1131 2446 1216 2497 ordine
1228 2445 1396 2510 sphaerarum,
1413 2457 1510 2493 earnm·

163 2525 210 2576 qne
229 2511 408 2571 dmendoues,
427 2515 486 2564 item
501 2516 533 2567 de
551 2518 690 2581 eorporibns
707 2520 860 2584 regularibus
878 2519 1085 2584 disquisitionem,
1111 2517 1178 2568 reiut
1195 2532 1235 2567 sea
1253 2516 1364 2567 omnibus
1383 2515 1466 2565 obrias
1484 2519 1512 2564 et

161 2588 244 2640 aetas,
262 2583 301 2633 vai
319 2586 424 2643 omittit,
443 2586 481 2636 vel
496 2589 569 2638 nimis
588 2591 686 2640 concise
703 2593 779 2654 pouit.
817 2589 912 2641 Verum
928 2605 967 2640 res
984 2590 1059 2654 longe
1077 2589 1150 2639 aliter
1166 2588 1250 2639 hahet.
1287 2585 1355 2637 Nam
1372 2588 1413 2652 qni
1432 2586 1508 2650 scrip·

163 2660 214 2704 tum
232 2653 280 2706 hoo
298 2656 385 2707 lecturi
401 2655 473 2715 snut}
498 2665 526 2709 ut
543 2675 598 2710 sese
616 2662 725 2711 ueritate
743 2663 880 2719 oblectent,
900 2676 984 2713 eornm
1001 2676 1051 2710 non
1069 2662 1144 2725 panti
1163 2659 1217 2710 aliis
1235 2658 1338 2716 studiis,
1365 2665 1411 2708 aut
1428 2656 1511 2708 arduis

163 2727 270 2792 negotiis
288 2726 372 2787 dediti,
391 2735 488 2780 tanturn
504 2732 547 2781 otii
565 2733 610 2783 sibi
629 2747 724 2783 sumere
742 2748 791 2782 uon
810 2740 927 2799 pessunt,
946 2738 990 2790 ut,
1009 2733 1056 2783 etsi
1075 2739 1101 2782 et
1120 2730 1267 2796 Copemiens
1286 2735 1311 2780 et
1329 2729 1443 2780 Euclides
1462 2728 1512 2778 sint

163 2796 196 2847 ad
212 2812 311 2854 minut,
330 2813 369 2860 ea,
389 2814 452 2864 qnae
470 2802 525 2852 inde
542 2806 667 2867 praescito
685 2806 827 2855 necessaria
845 2811 918 2861 sunt,
937 2804 970 2854 ad
987 2803 1091 2853 solidum
1108 2803 1229 2867 inquirere
1247 2803 1329 2852 sciant
1347 2808 1391 2851 aut
1408 2801 1510 2867 possint

163 2867 230 2929 Quin
248 2870 325 2919 esse
342 2873 375 2927 s,
392 2874 435 2936 qui
453 2871 578 2937 ιομηιι
597 2877 689 2939 serpes
707 2882 768 2925 noes
784 2877 892 2934 usum,
911 2882 938 2926 es
955 2876 996 2939 qut
1013 2877 1039 2924 n
1058 2875 1182 2929 susurru
1200 2873 1403 2938 propositionibus
1421 2872 1511 2922 nese

160 2946 227 2998 aaut.
246 2956 296 2990 nou
314 2948 400 2993 umen
416 2959 473 2993 mox
490 2947 514 2995 ia
531 2954 628 3010 promtu
645 2947 739 2997 habent
758 2961 797 3007 sa,
817 2947 850 2998 ad
867 2961 932 3011 qnae
950 2946 990 2996 hio
1009 2944 1133 2995 alluditur.

233 3010 317 3074 Quare
335 3016 388 3065 sine
406 3015 487 3066 iructn
503 3017 548 3067 hoe
566 3020 683 3083 scripturn
698 3019 734 3069 ad
752 3018 850 3075 multos,
868 3017 928 3069 licet
939 3017 1119 3067 mathemetnm
1132 3016 1294 3066 amantissimi
1313 3015 1363 3063 sint
1381 3011 1424 3075 (de
1442 3014 1510 3063 soilis

161 3098 211 3132 non
228 3080 338 3148 loquer),
356 3088 489 3150 perveniet.
523 3089 641 3140 Existimo
659 3090 749 3155 igitur,
768 3090 789 3139 si
808 3088 840 3138 D.
858 3089 998 3154 Keppierus
1016 3094 1160 3144 moneatur,
1185 3093 1214 3136 nt
1230 3086 1278 3136 hoe
1296 3100 1367 3135 sunm
1384 3084 1510 3139 laudabile

162 3160 189 3203 et
205 3154 286 3206 nobile
303 3158 430 3207 inventum
448 3159 519 3222 paulo
537 3160 666 3212 dilucidius
685 3168 711 3211 et
728 3160 868 3224 popularius
886 3166 1015 3224 proponat,
1034 3158 1099 3224 qnod
1116 3158 1200 3209 iorean
1218 3157 1271 3208 deri
1289 3163 1382 3221 posset,
1400 3157 1422 3206 si
1438 3170 1509 3220 prae-

161 3226 272 3277 niteret
289 3225 419 3293 (scripturn
436 3232 503 3280 enim
518 3233 596 3296 ipsum
614 3239 653 3282 est
670 3223 827 3299 ἀκεφαλον)
851 3234 975 3283 narrative
994 3231 1170 3295 expositionem
1187 3229 1322 3293 planiorem
1340 3227 1510 3292 hypothesium

162 3296 307 3360 copemiei:
325 3300 346 3349 ai
364 3302 454 3351 recitet
471 3301 628 3367 sphaerarum
646 3305 756 3354 ordinem
774 3310 800 3354 et
818 3304 1010 3359 dimensionem,
1030 3309 1103 3367 atque
1120 3302 1215 3351 indicet
1231 3300 1302 3357 loca,
1320 3299 1407 3365 quibus
1425 3313 1510 3350 earum

160 3368 278 3419 anenno
298 3385 314 3420 a
332 3370 467 3436 Ceperuico
485 3375 602 3431 veditur,
627 3375 735 3425 adhibito
753 3376 825 3425 simul
843 3375 971 3425 schemate
990 3381 1015 3424 et
1033 3375 1155 3431 numeris3
1179 3373 1237 3437 qnia
1254 3373 1307 3422 sine
1325 3371 1453 3421 schemate
1470 3386 1509 3420 res

158 3439 269 3503 proiecto
282 3441 454 3494 obsmrissima
467 3452 516 3495 eat:
535 3453 618 3510 posset
636 3453 718 3497 autem
737 3449 839 3497 schema
855 3447 903 3497 vile
922 3453 948 3497 et
965 3446 1135 3509 qnmeemque
1152 3445 1214 3502 deri,
1232 3444 1305 3509 qnde
1324 3449 1362 3492 est
1378 3443 1405 3492 in
1417 3441 1507 3507 Copor-

160 3512 229 3569 uieo,
256 3513 320 3576 quod
339 3520 364 3564 et
381 3515 461 3579 ipsum
478 3519 536 3567 satis
554 3518 614 3569 rude
633 3525 685 3571 est.
712 3520 808 3568 intente
832 3524 917 3569 tamen
942 3521 995 3580 elus
1018 3517 1148 3571 satisfacit
1186 3515 1283 3566 Deinde
1301 3516 1322 3564 si
1339 3514 1509 3578 praemitteret

161 3583 293 3647 aliqualem
311 3585 498 3650 expicatieuenr
515 3591 699 3654 prueipuamm
717 3591 893 3655 proprietatnm
917 3585 1047 3653 (quantum
1065 3588 1098 3638 ad
1115 3602 1232 3652 praesem
1249 3587 1388 3636 lustinum
1405 3598 1508 3636 neeesse

159 3651 209 3715 eat)
225 3655 376 3720 regularium
394 3672 526 3722 corporum,
545 3674 605 3710 oum
619 3663 850 3711 commonstratione
869 3660 958 3710 adtuli
974 3659 1119 3709 numerandi
1136 3659 1331 3709 semidiametros
1349 3656 1508 3721 sphaerarum

161 3726 398 3792 mmmmm
416 3736 442 3780 et
459 3732 636 3797 lusoriptarnm.
674 3731 729 3781 llos
746 3734 812 3782 enim
829 3732 877 3781 nisi
894 3731 952 3788 flat,
971 3745 1011 3780 res
1027 3730 1136 3794 proiecto
1155 3731 1221 3780 omui
1240 3730 1295 3780 inoe
1312 3728 1402 3778 orbata
1419 3734 1464 3779 est

230 3796 365 3851 Praeterea
381 3803 408 3851 in
426 3803 514 3852 ueteris
525 3805 601 3853 stiam
612 3805 699 3867 majori
710 3804 879 3867 perspienitati
890 3802 1008 3853 studeret
1036 3801 1126 3851 Lector
1144 3802 1210 3852 euim
1228 3805 1338 3852 etentes
1357 3800 1507 3851 obsenntate

160 3874 186 3918 et
201 3870 364 3933 perplexitate
381 3887 430 3922 uon
449 3873 608 3925 offendendus
626 3882 677 3932 est,
700 3874 743 3925 sed
760 3875 936 3939 perspicuitate
960 3880 986 3923 et
1002 3873 1079 3936 piens
1097 3880 1171 3938 atque
1189 3879 1277 3937 aperte
1294 3873 1446 3922 naetfflone
1463 3886 1506 3922 ea-

160 3941 274 3991 eitaudns
292 3948 318 3992 et
335 3944 475 3994 invitandus
493 3953 536 3996 em
573 3945 629 3996 liae
652 3948 718 3996 euim
740 3953 798 3996 snut
819 3945 925 3996 seinse
948 3952 973 3995 et
997 3945 1126 4002 lauutiae,
1154 3959 1216 4010 quas
1239 3944 1271 3994 D.
1290 3941 1430 4007 Keppierae
1454 3944 1506 4006 ipse

160 4013 387 4133 mpropositas
405 4023 483 4080 optat,
502 4017 586 4082 qulbus
604 4032 654 4067 non
671 4023 726 4068 teta
742 4031 842 4075 mensa,
861 4030 918 4068 eum
936 4016 1047 4066 omnibus
1064 4017 1090 4065 in
1108 4018 1248 4067 universum
1266 4014 1363 4065 ierculis
1381 4020 1506 4069 conum.

229 4154 285 4206 lieo
302 4159 324 4206 si
341 4158 435 4215 leemit
454 4174 504 4209 nen
520 4161 612 4220 dubito,
631 4160 689 4225 quin
706 4161 759 4225 ipse
778 4160 876 4211 abunde
887 4160 938 4210 voti
952 4160 990 4209 sni
1003 4172 1101 4223 compos
1112 4159 1217 4218 interm,
1236 4158 1373 4222 mulmeque
1391 4156 1425 4206 ad
1442 4169 1505 4206 rem·

158 4225 282 4291 publicam
299 4228 501 4282 mathematicam
518 4233 610 4282 huntus
627 4232 748 4282 rediturus
766 4234 807 4282 sit.
829 4253 864 4265 -
1532 4258 1534 4263 ,

163 4298 357 4421 ΜΨ
377 4302 523 4364 qudeim*
543 4302 799 4368 tansmisitiieplero
810 4301 955 4354 Matthaeus
971 4301 1211 4354 Haienreiierns
1225 4296 1261 4363 ¹⁰)
1280 4295 1348 4351 diei
1368 4293 1506 4361 (itpieeii

229 4440 378 4494 Veneranda
397 4450 423 4495 et
440 4446 578 4497 doctissime
595 4448 638 4505 vir,
658 4446 755 4496 domine
772 4447 849 4496 irater
866 4444 976 4495 colende.
1005 4444 1042 4494 lix
1056 4443 1156 4494 deoreto
1168 4442 1308 4506 amplissimi
1322 4446 1423 4491 seems
1438 4454 1504 4492 eoue-
1613 4466 1615 4483 r

160 4513 246 4563 missus
263 4519 302 4563 est
318 4513 388 4565 labor
405 4523 462 4567 tuns
480 4517 618 4568 mcdssimo
635 4520 728 4583 pariter
745 4526 772 4568 et
793 4517 981 4581 prolnndissimo
1003 4515 1179 4566 mathematioo
1198 4513 1273 4565 hiiah.
1292 4511 1438 4569 titudine,
1463 4516 1506 4578 qui

159 4583 206 4634 hoe
223 4591 249 4634 te
266 4585 435 4637 honestissimo
455 4588 579 4639 decorarit
594 4591 742 4640 testimonio,
761 4588 825 4653 qnod
843 4595 909 4639 totns
926 4587 1035 4637 inelutne
1052 4592 1154 4636 senuna
1172 4585 1321 4635 unanimiter
1337 4584 1382 4634 tihi
1400 4598 1504 4651 cengre-

160 4655 267 4713 ιιΙιιπι,
293 4663 369 4723 atque
391 4665 549 4725 auprnentnm
572 4660 690 4710 denorum
714 4667 811 4719 merum
829 4674 860 4711 ex
877 4659 959 4709 animo
982 4664 1159 4721 comprecatur.
1197 4655 1278 4718 Quam
1301 4655 1444 4707 admirabile
1467 4664 1506 4708 est

161 4734 243 4777 antem
260 4727 307 4779 lsoo
325 4744 413 4781 novam
430 4730 555 4781 inventum
568 4739 645 4785 mum.
664 4738 717 4781 tam
729 4730 790 4780 utils
803 4746 857 4782 ease
871 4730 982 4779 omnibns
996 4729 1126 4779 lectoribus
1140 4728 1206 4778 idem
1224 4726 1386 4791 amplissimas
1402 4735 1504 4779 senatus

161 4804 267 4862 exoptat
295 4799 371 4850 anet
386 4802 470 4867 itaqm
488 4808 516 4851 nt
533 4803 667 4853 „eundem
686 4802 865 4852 admonitiones
882 4799 1008 4851 liaestbni
1026 4805 1053 4849 et
1065 4798 1193 4863 copemioi
1210 4799 1357 4863 hypotheses
1376 4804 1402 4850 et
1419 4814 1504 4864 eorpo-

138 4856 213 4924 'rom
230 4871 377 4947 regulum
396 4872 559 4933 imminues
577 4876 648 4945 quasi
664 4872 824 4937 praefationis
841 4873 895 4924 loeo
920 4872 1081 4947 murmane,
1108 4877 1135 4922 et
1158 4871 1217 4931 alibi
1239 4871 1421 4947 quibmenuqne
1443 4870 1504 4923 loeis
