3609 5634
521 1288 741 1372 <emmeno
765 1291 964 1358 nemoris
986 1293 1151 1358 raroare.

779 1501 906 1510 ——-—-

606 1647 1076 1795 illinierunt,

360 1843 633 1963 orionem,
671 1847 975 1942 noniussnns
1011 1849 1069 1940 nn
1100 1848 1319 1944 sunnonis

154 2008 286 2073 Donum
306 2008 539 2090 Sigismnodo
558 2012 763 2084 Friderico,
782 2013 893 2078 Libero
907 2014 1020 2078 Baroni
1038 2016 1077 2078 ab
1094 2017 1350 2091 Herberstein‚
1365 2017 1518 2097 Neoperg

203 2113 435 2196 Gnetteubaag,
460 2117 588 2180 Domino
611 2118 641 2180 iu
665 2118 851 2189 Lancovviz,
876 2118 1050 2183 Camerario
1073 2130 1106 2184 et
1129 2122 1272 2199 Dapit'ero
1296 2121 1474 2185 Carintliiae
1501 2165 1504 2172 ‚

240 2220 452 2297 haereditario,
472 2221 645 2286 Caesareae
664 2225 825 2304 Mejesteti
843 2234 876 2287 et
894 2225 1087 2289 serenissimo
1106 2224 1436 2291 Archidnei‘Austriae

328 2328 519 2391 Ferdinando
543 2349 562 2390 a
585 2329 737 2392 consiliis:
772 2329 941 2413 capitaneo
965 2331 1143 2398 Provinciae
1166 2331 1288 2415 Styriae
1303 2329 1348 2407 ²²)

827 2459 854 2502 Oi

425 2559 579 2622 Domitio
601 2558 643 2620 Ν.
668 2558 710 2620 Ν.
733 2556 918 2621 morotum
940 2557 1072 2641 Styriae
1095 2557 1253 2621 &domm

239 2660 410 2727 Quinqneriris
428 2662 576 2722 Οιᾱὶηιήίε,
596 2663 662 2713 Viris
681 2662 849 2727 amplissimis.
868 2662 983 2713 Dominis
999 2664 1062 2713 meis
1080 2663 1241 2713 cleanonh'bue
1259 2671 1286 2713 et
1302 2661 1434 2719 beusdels,

663 2753 770 2803 salutem
788 2757 814 2802 et
830 2765 889 2802 mea
906 2753 1013 2803 servitia

248 2908 337 2980 Quod
361 2919 431 2975 ante
456 2919 572 2992 septem
596 2930 715 2974 menses
729 2914 757 2985 ⁸)
780 2910 913 2992 promisi,
938 2928 1013 2990 opus
1036 2911 1191 2974 doctorum
1210 2911 1383 2974 testimonio
1405 2910 1514 2992 pulch·

158 3016 223 3058 rom
247 3007 278 3059 et
296 2999 473 3077 jucundum,
505 3000 652 3082 longeque
675 3000 903 3081 praeferendum
927 2999 1033 3062 annuis
1057 2999 1279 3081 prognosticis:
1308 3000 1431 3064 tandem
1453 2999 1513 3061 ali-

159 3086 277 3164 quando
301 3105 429 3150 coronae
453 3097 574 3152 vestrae
597 3090 684 3166 sisto,
708 3088 897 3169 Amplissimi
918 3088 986 3149 Viri
994 3107 1004 3161 ;
1027 3106 1113 3168 opus,
1136 3088 1269 3169 inquam,
1291 3088 1403 3167 exigue
1423 3087 1526 3174 mola,

159 3175 262 3235 labore
290 3176 426 3251 modico,
458 3178 588 3240 materia
614 3179 803 3259 undiquaque
831 3177 971 3240 mirabili.
1016 3178 1097 3239 Nam
1120 3177 1184 3238 eive
1207 3176 1274 3257 quis
1302 3175 1517 3256 antiquitatem

158 3272 280 3342 spectet
288 3282 297 3337 ;
336 3273 456 3328 tentata
489 3267 546 3328 fnit
579 3274 649 3329 ante
681 3268 730 3330 bis
761 3266 843 3329 mille
875 3282 978 3328 annos·
1003 3288 1022 3327 a
1053 3266 1229 3347 Pythagora
1241 3263 1291 3340 l’);
1328 3265 1392 3326 sive
1424 3264 1513 3326 nori-

159 3359 269 3425 tatem‚
302 3353 429 3433 primum
457 3375 534 3418 nunc
563 3375 650 3417 arne
681 3357 759 3418 iuter
787 3355 923 3418 homines
950 3356 1099 3435 vulgatur.
1147 3354 1255 3415 Placet
1277 3353 1395 3415 moles?
1430 3351 1515 3415 Nihil

158 3448 208 3501 est
232 3440 299 3502 lioc
336 3443 475 3505 universo
511 3445 621 3507 mundo
662 3445 761 3523 majus
798 3464 894 3525 neque
930 3443 1068 3523 amplius.
1123 3441 1322 3504 Desideratnr
1359 3440 1515 3520 dignitas?

159 3528 241 3590 Nihil
274 3532 452 3608 pretiosius,
486 3532 559 3595 nihil
591 3533 743 3612 pulchrius
776 3533 832 3594 hoo
861 3531 1044 3594 lucidissimo
1072 3530 1130 3592 Dei
1162 3529 1283 3609 templo.
1330 3529 1430 3591 Lubet
1455 3547 1514 3603 ⁸oe-

159 3617 234 3678 creti
258 3618 329 3697 quid
352 3622 557 3698 cognoscere?
592 3620 677 3684 Nihil
700 3628 825 3683 estant
848 3621 906 3682 tuit
928 3621 958 3682 in
977 3638 1077 3682 rerum
1099 3626 1207 3681 natura
1230 3616 1394 3691 occultiue;
1418 3616 1515 3679 solum

159 3705 215 3766 hec
237 3705 269 3767 in
291 3725 324 3767 re
346 3727 405 3770 non
430 3709 566 3771 omnibus
594 3710 759 3782 satisfacit,
792 3709 869 3789 qnod
898 3709 1016 3770 utilitas
1040 3707 1105 3787 ejus
1128 3706 1363 3787 incogitantibus
1386 3706 1515 3768 obscura

159 3802 216 3856 est.
254 3794 350 3875 Atqui
373 3795 420 3857 hic
435 3804 493 3860 eet
513 3799 565 3860 ille
589 3798 685 3860 liber
708 3806 880 3870 naturae,
906 3805 1063 3875 tantopere
1087 3796 1184 3856 sacris
1207 3796 1377 3857 celebratus
1396 3814 1513 3857 sermo-

159 3883 262 3956 nibue;
286 3903 372 3964 quem
394 3885 507 3949 Paulus
531 3886 670 3965 gentibus
692 3880 842 3966 proponit,
868 3885 896 3945 in
917 3903 974 3965 quo
994 3883 1091 3946 Deum
1114 3902 1169 3945 ceu
1188 3882 1291 3946 Solem
1309 3884 1338 3945 in
1363 3903 1443 3964 equa
1465 3883 1515 3944 vel

159 3972 281 4050 speculo
305 3974 553 4054 contemplentur.
585 3975 680 4036 Nem
702 3993 755 4036 cur
779 3972 946 4035 Christiani
975 3972 1073 4034 minue
1104 3971 1161 4033 hec
1184 3971 1436 4053 contemplatione
1460 3989 1516 4033 uos

157 4060 390 4137 oblectaremns,
421 4081 544 4143 quornm
571 4063 722 4142 proprium
750 4070 815 4137 est,
844 4061 940 4123 Deum
963 4079 1035 4123 vero
1058 4060 1141 4140 cuitu
1164 4060 1334 4134 celebrare,
1366 4058 1512 4131 venerari,

158 4148 323 4211 admirari?
345 4150 376 4211 id
399 4152 477 4231 quod
501 4159 587 4213 tanto
610 4151 761 4236 devotiori
783 4151 881 4213 animo
900 4150 943 4223 fit,
968 4157 1080 4230 quanto
1099 4148 1219 4223 rectius,
1246 4165 1322 4228 quae
1346 4155 1379 4209 et
1401 4153 1514 4227 quante
1601 4191 1612 4199 a

158 4236 327 4299 condiderit
348 4249 452 4301 noster
474 4239 568 4315 Dens,
593 4238 798 4318 intelligimus.
841 4236 923 4301 Sane
947 4236 1202 4317 quamplurimos
1226 4236 1353 4314 hymnos
1376 4235 1406 4298 in
1430 4232 1515 4295 Gon·
1564 4227 1570 4244 ¹

159 4326 303 4401 ditorem,
330 4344 434 4388 verum
458 4329 553 4391 Deum
578 4327 688 4389 cecinit
709 4345 798 4388 veros
821 4326 879 4388 Dei
902 4326 999 4387 cultor
1022 4323 1177 4396 Davides3
1207 4322 1315 4401 quibus
1339 4329 1516 4401 argumenta

159 4434 196 4474 ex
209 4415 407 4476 admiratione
422 4418 572 4478 coelorum
587 4415 717 4477 deducit.
751 4414 836 4477 Coeli
851 4421 1002 4486 enarrant,
1023 4411 1129 4492 inquit,
1150 4410 1278 4489 gloriam
1292 4410 1360 4472 Dei.
1395 4407 1514 4510 Videlpo

158 4502 258 4564 coelos
281 4512 365 4576 tuos,
390 4522 482 4583 opera
505 4505 667 4584 digitorum
690 4512 825 4576 tuorum,
850 4502 968 4562 Lunam
991 4508 1024 4561 et
1046 4500 1171 4574 stellae,
1203 4516 1279 4579 qnae
1303 4506 1336 4560 tu
1360 4496 1513 4560 fundasti:

158 4591 288 4671 Magnus
312 4592 458 4654 Dominus
480 4603 601 4667 noster,
630 4600 662 4653 et
685 4608 794 4670 magna
816 4590 913 4651 virtus
941 4589 1026 4667 ejus;
1057 4588 1108 4668 qui
1135 4594 1272 4648 numerat
1294 4585 1515 4648 multitudinem

159 4679 325 4756 stellarum,
351 4689 387 4742 et
409 4681 572 4745 omnibus
596 4681 741 4742 nomine
757 4685 876 4739 vocat.
910 4676 1031 4739 Alicubi
1044 4676 1151 4755 plenus
1165 4674 1283 4754 spiritu,
1307 4676 1412 4754 plenus
1426 4692 1516 4735 sacra

159 4768 277 4830 laetitia
296 4771 455 4846 exclamet,
477 4769 631 4850 ipsumque
649 4769 790 4831 mundum
808 4765 974 4827 acclamat:
999 4763 1137 4826 Laudato
1160 4763 1237 4825 coeli
1250 4762 1420 4835 Dominum,
1445 4762 1514 4824 lao-

158 4857 229 4919 date
260 4875 327 4920 eum
351 4858 404 4921 Sol
433 4867 466 4921 et
488 4858 589 4936 Luna,
621 4859 674 4922 ae.
721 4855 808 4927 Quae
839 4873 898 4916 vox
928 4853 1035 4915 coelo?
1068 4871 1145 4933 quae
1175 4850 1297 4914 stellio?
1330 4869 1389 4931 qua
1418 4849 1515 4912 Deum

211 4960 300 5012 miore
314 4962 412 5013 operat
1286 4954 1302 5014 'l
