3609 5634
816 311 979 363 msam
1269 292 1271 301 ’
1517 314 1578 381 aar
1625 302 1629 307 ’

216 469 248 531 in
279 488 312 531 re
345 487 470 550 operam
492 469 563 535 Ursi
591 470 712 552 expetii.
762 469 915 541 Quantam
945 480 1059 546 autem,
1092 489 1147 551 per
1175 472 1273 533 Deum
1305 472 1520 537 immortalem!
1554 484 1586 539 et

216 577 309 639 quam
332 558 529 638 multiplicem
550 559 623 622 mibi
647 559 722 621 facit
744 559 881 640 injuriam
905 560 987 623 ferus
1010 560 1122 622 homo?
1168 559 1347 625 Ambiebam
1381 563 1447 642 ejus
1478 564 1583 627 amici-

218 648 295 710 tiam
317 647 412 709 missa
434 648 573 730 epistula.
620 647 655 711 Si
678 648 856 728 petitionem
879 668 979 711 meam
1002 649 1135 725 admisit,
1160 650 1248 713 fidem
1268 651 1334 730 ejus
1359 650 1513 714 desidero:
1538 654 1584 715 sin

216 736 354 816 sprevit,
387 744 490 800 tamen
523 738 701 800 inhumanus
730 747 787 799 est.
839 737 1002 801 Sermones
1036 738 1214 813 amicorum,
1249 739 1355 801 literae
1388 740 1486 821 magis
1518 743 1583 821 pri-

218 836 311 887 vatae
336 845 403 887 esse
428 827 553 890 debent:
578 827 633 889 has
658 827 708 889 ille
733 826 909 906 publicavit,
934 846 990 889 nec
1013 847 1060 889 me
1084 827 1243 904 consuluit,
1268 847 1323 890 nec
1346 829 1503 906 facturum,
1529 851 1583 892 nec

218 917 335 977 iactum
358 917 526 993 nunciavit,
558 935 614 978 nec
645 915 803 996 exemplar
830 916 924 977 misit.
971 914 1088 988 Quibus
1116 925 1165 978 est
1196 935 1285 979 curae
1313 918 1450 997 aequitas
1483 940 1520 981 ne
1554 922 1582 981 iu

217 1005 339 1065 bostem
363 1004 482 1084 quidem
505 1006 568 1067 tale
597 1004 669 1084 quid
693 1005 816 1066 audent.
864 1004 1050 1067 Remisisset
1077 1004 1165 1080 mihi,
1200 1006 1279 1085 quod
1301 1014 1422 1068 veteres
1450 1009 1582 1081 aiebant,

218 1094 372 1166 nuncium,
405 1101 457 1155 ant
486 1093 674 1155 abolevisset
701 1093 859 1166 schedam,
894 1093 921 1155 si
949 1112 1008 1155 non
1037 1093 1153 1174 placuit
1179 1094 1302 1157 anricus.
1349 1093 1528 1178 Quanquam
1556 1099 1582 1160 si

218 1183 327 1244 literis‘
339 1183 402 1262 ejus
427 1183 536 1244 adme
560 1183 657 1243 altero
682 1181 804 1243 tandem
829 1200 910 1244 anno
934 1183 1071 1264 scriptis,
1102 1182 1128 1243 si
1147 1181 1262 1261 jndicio
1286 1184 1352 1263 ejus
1376 1185 1412 1246 dc
1436 1204 1484 1247 me
1507 1187 1582 1249 fides

216 1270 323 1332 haberi
351 1279 470 1350 potest:
504 1279 537 1333 et
562 1271 678 1351 placuit
705 1270 851 1344 conditio,
892 1278 925 1333 et
958 1271 1121 1333 amicitiam
1154 1272 1253 1333 colere
1286 1271 1471 1338 instituerat.
1520 1275 1581 1338 Sed

217 1360 294 1421 haec
319 1360 400 1421 levia
422 1369 501 1434 sunt,
524 1361 579 1422 illa
600 1359 698 1440 major
719 1359 907 1439 improbitas,
928 1359 997 1439 jure
1021 1361 1123 1440 utique
1138 1359 1328 1436 vindicanda,
1352 1362 1379 1425 si
1401 1362 1448 1425 cui
1470 1362 1500 1425 iu
1518 1364 1582 1426 iuro

217 1457 272 1509 aut
297 1468 368 1529 spes
401 1458 454 1511 aut
481 1448 662 1511 oblectatio:
697 1448 844 1530 quodid,
879 1449 959 1529 quod
981 1470 1192 1529 pauperpoum
1215 1446 1328 1512 dictum
1352 1469 1408 1531 ego
1431 1453 1579 1529 volebam,

219 1537 286 1619 ipse
311 1537 367 1599 sibi
392 1538 598 1613 maledicenti,
623 1539 701 1617 quod
716 1537 837 1613 scribis,
863 1538 1005 1618 applicat.
1063 1537 1304 1600 Acerbissimum
1328 1540 1466 1617 omnium,
1491 1543 1580 1621 quod,

163 1643 169 1653 ·
215 1627 520 1707 quemiutelligebat
544 1646 582 1689 ex
604 1627 679 1688 meis
704 1626 800 1689 literis
824 1646 843 1686 a
865 1645 914 1687 me
941 1627 1064 1689 maximi
1094 1626 1174 1700 fieri,
1205 1626 1265 1689 illis
1287 1627 1362 1707 ipsis
1386 1629 1461 1691 meis
1485 1630 1582 1692 literis

215 1726 360 1796 quantum
382 1717 484 1795 potuit
506 1715 728 1778 dehonestavit.
775 1714 827 1777 Sic
851 1715 991 1777 nimirum
1014 1716 1073 1796 ipsi
1096 1735 1143 1778 me
1168 1715 1205 1778 de
1229 1715 1353 1778 laudato
1382 1717 1502 1781 inimico
1526 1740 1581 1782 sno

215 1804 332 1883 placuit
363 1805 478 1866 ulcisci.
526 1804 588 1867 Sed
622 1822 718 1885 neque
746 1804 823 1865 satis
851 1804 954 1866 mirari
984 1824 1110 1884 possum
1141 1805 1300 1867 consilium
1329 1807 1476 1889 hominis:
1510 1810 1581 1871 dum

215 1893 374 1954 consilinm
397 1914 493 1955 meum
517 1892 597 1955 illius
621 1893 831 1975 hyperbolicae
857 1893 1041 1955 laudationis
1065 1893 1188 1957 ventilo.
1236 1892 1338 1965 Quid?
1362 1895 1490 1958 Tantine
1507 1897 1582 1959 facit

215 1984 278 2045 ista
301 2002 371 2044 mea
392 1982 571 2062 praeconia?
600 1984 646 2044 At
668 1983 751 2062 cnjus
777 1982 922 2043 hominis?
959 1981 993 2044 Si
1018 1982 1063 2043 vir
1087 1991 1185 2056 esset,
1209 1991 1430 2060 contemneret,
1456 1986 1482 2047 si
1506 2005 1578 2065 prn-

216 2073 303 2146 dens,
329 2090 387 2133 non
412 2072 593 2133 venditaret.
642 2069 831 2141 Quaerebam
856 2070 1000 2132 obscurus
1030 2090 1086 2150 ego
1111 2071 1297 2139 laudatorem
1321 2074 1433 2135 clarum
1457 2074 1579 2137 vixdum

216 2161 280 2222 nati
305 2159 661 2237 iuventi„mendicabam
685 2159 724 2221 ab
748 2160 814 2239 ipsu
838 2160 957 2240 stipem,
982 2178 1052 2221 eccs
1078 2160 1188 2238 stipem
1207 2159 1273 2240 ipse
1288 2162 1424 2223 mendico
1440 2164 1579 2226 extorsit.

214 2250 450 2330 Praeceptorem
465 2249 544 2323 diri,
568 2269 624 2310 uae
647 2267 771 2328 parvam
797 2249 878 2310 laudi
899 2248 1103 2311 accessionem
1128 2248 1203 2310 facit
1225 2268 1264 2310 ex
1287 2249 1460 2322 adulatione
1485 2252 1579 2314 disci-

216 2338 289 2418 puli.
337 2337 474 2410 Quaerat
497 2357 598 2400 eornm
630 2337 806 2418 praeconia,
836 2337 885 2417 qni
909 2357 942 2398 se
969 2347 1182 2417 praeceptores
1216 2338 1310 2417 ipsius
1333 2339 1442 2402 ferunt.
1490 2339 1579 2412 Quod

217 2428 244 2489 si
268 2427 340 2489 mihi
364 2436 466 2507 partes
486 2427 597 2507 judicis
621 2426 717 2488 tradit
740 2428 810 2501 (nec
834 2426 968 2504 apertius
991 2427 1022 2488 id
1044 2426 1209 2504 potuisset,
1243 2444 1331 2505 qnam
1353 2428 1397 2488 sic
1421 2436 1578 2492 ostentata

217 2536 284 2579 mea
308 2516 467 2598 epistola),
493 2515 579 2589 sciat,
599 2516 663 2595 jam
688 2515 758 2577 mihi
783 2514 859 2576 alios
883 2532 972 2593 quam
996 2515 1134 2598 discipuli
1162 2534 1260 2577 mores
1285 2524 1464 2594 competere.
1512 2518 1575 2579 To·

218 2608 331 2669 letatur
353 2607 383 2666 in
409 2605 555 2686 discipulo
580 2614 727 2684 utcunque
748 2603 891 2677 adulatio,
918 2604 943 2665 si
964 2614 1005 2664 'ex
1029 2604 1165 2682 opinione
1180 2605 1396 2685 praeceptoris,
1421 2624 1575 2669 examore

215 2696 355 2775 profecta
374 2695 413 2755 ad
436 2695 524 2755 finem
549 2694 683 2756 discendi
703 2694 857 2771 dirigatur.
904 2693 939 2753 lu
958 2692 1060 2771 judice
1079 2692 1214 2754 adulatio
1229 2692 1375 2772 flagitium
1392 2704 1449 2756 est.
1488 2694 1575 2769 Quae
1644 2770 1647 2776 Δ

217 2784 261 2845 sic
285 2784 443 2846 scribenda
472 2783 562 2857 duxi,
597 2791 631 2844 ut
654 2782 791 2862 quamvis
823 2788 961 2861 praestat
988 2781 1162 2843 securitatis
1190 2801 1296 2857 causa,
1331 2784 1576 2847 nocentissimum

214 2892 360 2954 quemque
380 2873 451 2934 mihi
475 2873 628 2934 minimum
652 2872 760 2944 irasci,
783 2878 884 2932 tamen
909 2870 934 2931 si
959 2887 1016 2931 non
1042 2870 1131 2932 aliter
1154 2870 1258 2932 honori
1284 2878 1335 2933 tuo
1358 2872 1474 2934 consuli
1499 2892 1574 2953 pos-

214 2962 272 3037 sit,
306 2961 433 3024 haberes
466 2961 621 3023 arbitrium
653 2961 825 3040 publicatae
858 2958 1025 3021 calumniae
1054 2957 1173 3038 publice
1205 2958 1324 3021 obviarn
1358 2961 1456 3027 eundi.
1513 2961 1576 3024 Sed

214 3052 344 3113 missum·
361 3052 481 3113 tandem
505 3052 603 3130 ipsum
627 3050 785 3111 faciamus.
827 3050 891 3110 ttae
916 3048 995 3109 enim
1020 3067 1109 3127 qnam
1133 3049 1197 3128 ipse
1215 3050 1302 3124 male,
1328 3050 1380 3111 sed
1406 3069 1494 3130 quam
1518 3069 1575 3131 ego

214 3141 290 3202 bene
313 3141 444 3216 fecerim,
468 3139 630 3219 quaeritur.
676 3140 718 3201 Et
740 3147 811 3200 suut
834 3137 953 3217 quidem
976 3136 1006 3197 in
1022 3136 1156 3199 illamea
1170 3136 1300 3217 epistola
1321 3138 1473 3220 pleraque,
1499 3158 1575 3221 quae

214 3229 345 3303 defendi,
369 3230 479 3308 aliqua,
505 3247 580 3309 quae
596 3228 743 3301 excusari,
758 3227 868 3307 aliqua,
892 3246 971 3307 qnae
985 3227 1117 3308 pessima
1132 3227 1300 3307 suspicione
1316 3227 1437 3290 liberari
1453 3227 1574 3296 debent.

303 3316 463 3380 Ordiamur
494 3319 532 3380 ab
566 3336 615 3392 eo,
650 3318 728 3397 quod
760 3315 970 3396 gravissimum
1005 3324 1068 3378 est:
1104 3317 1184 3396 quod
1215 3335 1321 3398 nempe
1355 3317 1472 3379 crimini
1501 3319 1574 3381 mihi

214 3409 278 3482 das,
304 3416 513 3487 contraquam
532 3406 677 3468 senserim
701 3407 730 3467 in
751 3425 784 3467 cs
809 3406 867 3486 ipsi
892 3407 1033 3466 locutum.
1082 3403 1171 3474 Quod
1194 3405 1261 3467 dum
1286 3406 1366 3485 agis,
1399 3406 1444 3466 ita
1468 3406 1573 3488 loque-

156 3495 161 3503 “
212 3496 266 3570 ris,
290 3505 325 3558 ut
346 3497 419 3558 mihi
442 3495 697 3557 absolutissimum
721 3495 757 3556 de
782 3495 851 3555 aliis
875 3493 1022 3572 Jndicinm
1047 3493 1178 3557 tribuere
1201 3494 1345 3556 videa‘ris.
1393 3492 1493 3564 Quam
1517 3514 1573 3575 ego

213 3586 412 3665 suspicionem
436 3585 462 3645 si
487 3606 505 3646 a
528 3604 583 3659 me,
609 3584 687 3665 qnod
710 3602 854 3665 perquam
878 3582 966 3643 facile
991 3588 1048 3656 est,
1071 3601 1234 3656 removero,
1258 3602 1369 3662 magua
1387 3592 1475 3664 parte
1498 3602 1572 3664 pnr-

212 3675 342 3756 gationie
372 3694 418 3736 me
452 3674 626 3735 defunctum
650 3692 717 3734 esse
750 3671 871 3752 putabo.
916 3670 1039 3733 Etenim
1067 3671 1116 3750 qui
1141 3672 1186 3732 vir
1216 3673 1257 3732 sit
1279 3672 1395 3747 Ursus,
1425 3672 1572 3753 jamnon

212 3764 366 3844 disputare
390 3765 504 3843 placet,
539 3773 621 3824 certe
646 3782 702 3841 quo
727 3773 860 3842 ternpore
884 3760 1044 3839 epistolam
1068 3759 1154 3833 ‚illam
1178 3759 1298 3838 scripsi,
1328 3768 1360 3822 et
1381 3761 1572 3824 imbecilliori

213 3872 296 3915 eram
314 3852 438 3933 judicio,
462 3861 494 3914 et
516 3870 573 3912 nou
599 3868 704 3931 parum
723 3850 779 3931 ipsi
794 3850 858 3929 jain
882 3848 933 3909 din
956 3848 1130 3909 tribueram.
1177 3848 1273 3909 Venit
1296 3847 1436 3911 Gratium
1455 3851 1572 3914 Ductor

213 3943 361 4022 quispiam
386 3961 423 4002 ex
446 3942 536 4003 ltalia
559 3959 712 4015 reversus,
748 3940 855 4001 librum
878 3937 944 4017 ejus
974 3936 1045 3998 mihi
1070 3936 1228 4013 exhibens,
1261 3939 1349 4018 quem
1372 3940 1473 4001 triduo
1496 3959 1571 4002 con·

212 4050 298 4093 cesso
322 4030 431 4111 raptim
453 4049 667 4111 percurrerem.
713 4030 747 4091 ln
771 4047 806 4089 eo
830 4026 980 4089 salutatos
1003 4025 1225 4088 schematismis
1253 4026 1369 4105 reperio
1392 4028 1572 4107 praecipuos

211 4119 300 4199 hujus
323 4119 467 4199 temporis
491 4118 731 4192 mathematicos,
756 4118 871 4196 reperio
897 4116 1088 4196 magnificam
1111 4115 1141 4177 in
1164 4116 1353 4194 praefatione
1376 4115 1571 4195 provocatio-

212 4227 279 4270 nem
303 4209 461 4271 adsimile
486 4208 556 4289 qnid
580 4207 758 4281 audendum,
783 4205 822 4265 ad
846 4205 1062 4266 astronomiam
1087 4224 1103 4265 e
1128 4202 1331 4265 fundamentis
1348 4203 1571 4278 exstruendam,

211 4299 327 4378 reperio
360 4298 537 4381 compendia
570 4296 718 4377 quaedam
751 4314 857 4369 aurea,
892 4312 968 4373 quae
999 4292 1153 4373 Tubingae
1187 4312 1205 4353 a
1232 4291 1396 4354 Maestliuo
1425 4291 1572 4354 celebrari

211 4389 421 4461 memineram,
454 4387 570 4466 reperio
600 4385 768 4447 doctrinam
800 4383 932 4457 sinuum,
967 4382 1132 4444 doctrinam
1166 4381 1396 4461 triangulorum,
1434 4382 1572 4461 vulgaria

212 4477 344 4558 quidem,
378 4476 433 4537 sed
463 4495 541 4537 nora
571 4475 643 4536 mibi
676 4473 784 4545 omnia,
819 4481 852 4533 ut
880 4471 999 4545 videas,
1035 4490 1092 4552 qno
1125 4470 1236 4551 remige
1271 4472 1382 4532 famam
1414 4471 1570 4546 verberet;
1656 4522 1676 4550 .-

96 4553 100 4562 ’
210 4585 279 4627 uam
302 4567 445 4646 pleraque
468 4572 577 4644 postea
600 4563 629 4625 in
648 4562 775 4624 Euclide
800 4560 1087 4638 etRegiomcntano
1111 4560 1219 4639 reperi,
1244 4578 1319 4640 qnae
1343 4566 1406 4620 tum
1429 4558 1487 4638 ipsi
1511 4559 1569 4621 tri-

211 4654 348 4719 buebam.
395 4654 500 4735 Neque
523 4660 654 4727 metuas,
685 4660 732 4727 ut,
765 4648 926 4731 quaejam
950 4646 1026 4723 dixi,
1058 4648 1134 4711 bene
1163 4667 1230 4709 cum
1252 4648 1374 4709 invento
1397 4667 1463 4709 meo
1487 4655 1571 4711 stare

211 4753 333 4824 queant.
360 4736 471 4805 ”Dicat
492 4743 557 4821 ipse
580 4760 634 4821 pro
658 4760 705 4802 me
729 4738 926 4812 Maestlinus,
952 4756 1041 4817 qnam
1064 4736 1204 4799 tenuibus
1227 4735 1382 4818 principiis
1405 4736 1568 4800 institerim

211 4832 313 4909 initio,
348 4833 397 4914 qui
428 4831 579 4914 profectu,
602 4829 629 4892 si
656 4838 719 4892 tam
743 4829 880 4911 jejunum
908 4846 954 4889 me
983 4827 1114 4889 secundo
1138 4824 1323 4900 dimisisset,
1357 4844 1446 4906 quam
1473 4825 1570 4909 primo
