3609 5634
782 268 864 335 papus
881 269 947 321 xxi.
1150 300 1155 309 ·
1482 271 1545 343 179

130 416 326 500 Keplere,
361 437 505 509 quantum
528 429 608 490 inter
630 447 664 489 se
687 429 855 492 dissideant
877 436 977 492 motos
1001 437 1033 491 et
1060 448 1202 510 corpora,
1230 429 1359 495 honest
1382 431 1545 497 distantiae

130 507 318 590 utrinque
348 527 531 580 exstructae.
578 516 680 588 Quare
702 519 813 581 nudum
836 519 919 582 hosti
942 519 1024 581 latus
1046 518 1171 598 objicis,
1199 519 1258 583 imo
1286 527 1318 581 te
1342 520 1438 601 ipsum
1462 521 1545 597 ieris,

132 614 202 670 ¹¹9⁰
235 617 340 679 opus
365 605 464 668 alieno
483 607 621 686 jugulare
644 607 755 686 gladio.

250 689 331 754 His
354 694 448 774 igitur
470 703 504 756 ut
526 696 739 775 respondeam,
767 695 1034 776 primuminverto
1058 695 1223 771 rationem,
1243 702 1286 761 et
1306 696 1457 775 ipsorum,
1487 697 1546 759 imo

134 776 314 841 omniurn
340 784 460 864 appello
479 784 626 863 judicium
649 794 681 845 et
703 784 938 858 conscientiam
966 793 1065 847 utrum
1093 792 1303 863 argumentum
1329 793 1438 864 putent
1460 786 1545 848 ›veri-

136 864 313 931 similius
339 891 426 947 esse,
459 892 530 934 num
554 873 680 934 alterum
709 874 746 935 de
774 874 967 952 corporibus,
1000 892 1040 934 ao
1067 873 1124 934 hoc
1147 872 1184 935 de
1207 882 1306 937 motus
1345 874 1452 953 Neque
1475 874 1547 937 mihi

135 956 341 1034 probabile
367 971 424 1035 est,
450 980 628 1042 quemquam
651 963 742 1024 aliter
764 963 921 1036 dicturum,
947 980 1037 1042 quam
1060 962 1136 1023 hano
1159 969 1292 1025 motuum
1315 963 1354 1025 ad
1378 963 1466 1024 orbes
1490 983 1544 1025 ac-

138 1049 459 1111 commodationem
491 1051 651 1112 admodum
684 1051 859 1113 concinnam
896 1069 965 1111 esse
1005 1058 1095 1130 atque
1138 1050 1313 1113 admirabile
1343 1049 1400 1111 Dei
1431 1050 1545 1130 opificis

139 1156 369 1216 χειροργημα.
404 1138 532 1200 Proinde
557 1139 583 1200 si
606 1140 744 1201 alterutri
763 1146 940 1219 argumento
959 1139 1034 1201 fides
1055 1139 1195 1201 habenda
1213 1140 1265 1212 eit,
1288 1138 1356 1201 lruio
1379 1157 1453 1218 prae
1475 1159 1545 1203 cor·
1617 1184 1619 1193 «

141 1224 306 1303 poribus
339 1227 575 1307 astipulatnros,
599 1236 744 1310 tanquam
772 1230 816 1289 rei
843 1227 941 1307 magis
965 1224 1116 1289 evidenti:
1134 1227 1288 1319 ,quamvis
1311 1228 1426 1290 numeri
1449 1229 1546 1295 adhuc

142 1313 373 1392 aliquantum
396 1337 415 1377 a
439 1315 653 1395 Copernicanis
678 1317 860 1396 discrepent.
899 1314 989 1387 Quod
1011 1317 1039 1378 si
1061 1315 1176 1378 obtinui
1200 1317 1322 1379 lectoris
1346 1317 1545 1391 confessione,

146 1410 238 1462 utar
275 1423 336 1483 pro
364 1406 589 1467 confirmatione
617 1424 772 1486 corpomm
797 1415 828 1468 et
851 1405 1046 1467 excusatione
1070 1404 1239 1469 discordiae
1271 1404 1370 1479 illins,
1405 1415 1439 1466 nt
1470 1425 1546 1486 quae

148 1492 286 1553 multis
310 1493 448 1573 partibus
472 1494 568 1555 minor
591 1503 656 1566 est,
681 1514 770 1576 quam
792 1495 867 1556 haec
891 1493 921 1554 in
945 1501 1027 1554 motu
1051 1494 1250 1556 dissonantia.
1296 1493 1377 1556 Nam
1401 1495 1427 1555 si
1450 1495 1546 1556 lector

147 1579 211 1641 hic
243 1591 381 1661 propter
404 1583 638 1645 concinnitatem
661 1582 776 1644 inventi
798 1602 940 1662 magnum
961 1601 1092 1645 errorem
1116 1582 1245 1645 libenter
1267 1582 1447 1652 dissimulat,
1470 1601 1544 1662 par-

150 1686 243 1730 vum
276 1670 339 1732 illic
363 1690 493 1733 errorem
518 1672 606 1752 longe
631 1672 748 1734 facilins
771 1672 925 1734 tolerabit.
973 1671 1144 1732 Diversitas
1172 1671 1251 1733 enim
1278 1670 1331 1731 iila
1357 1689 1450 1750 penes
1475 1688 1544 1733 cor-

154 1775 252 1836 pora
282 1760 430 1822 calculum
453 1761 683 1823 astronomicum
707 1761 779 1822 nihil
803 1761 965 1822 admodum
993 1759 1116 1822 turbat:
1148 1759 1210 1821 ista
1232 1776 1304 1821 vero
1327 1778 1421 1839 penes
1444 1766 1545 1822 motus

156 1848 272 1933 paulo
297 1849 369 1928 quid
392 1851 487 1929 majus
511 1849 611 1912 infert.
657 1851 759 1928 Atque
784 1849 840 1910 hoc
862 1848 988 1927 primum
1012 1855 1080 1922 est;
1103 1849 1195 1927 plaga
1217 1866 1324 1927 nempe
1349 1848 1492 1927 reposita.

272 1937 392 1999 Deinde
418 1958 484 1999 cum
509 1957 634 2016 corpora
658 1937 881 1999 dissentiente
911 1935 1103 2010 meribaal),
1137 1944 1172 1998 ut
1197 1955 1268 1999 vere
1296 1936 1369 1997 mihi
1397 1936 1544 2016 objicitur,

151 2024 273 2086 ,fateri
297 2025 400 2105 ntique
424 2046 533 2106 cogor,
568 2028 730 2088 alterutros
757 2027 787 2086 in
820 2044 920 2087 errore
944 2025 1069 2088 versari.
1117 2026 1322 2089 Veruntamen
1348 2044 1478 2087 errorem
1502 2025 1548 2087 ita

166 2113 386 2176 demonstrari
408 2134 498 2194 posse
522 2116 678 2189 existimo,
703 2124 737 2176 ut
760 2122 897 2175 nentrum
921 2114 1074 2175 inventum
1098 2114 1208 2194 (neque
1233 2114 1269 2175 de
1293 2122 1427 2177 motuum
1450 2133 1546 2195 neque

166 2203 212 2263 de
243 2203 360 2265 orbium
383 2205 591 2283 proportione)
619 2204 739 2285 penitus
763 2202 930 2282 relinquere
954 2221 1078 2265 necesse
1102 2202 1152 2264 sit
1167 2206 1193 2276 ο)
1238 2200 1348 2265 Utrum
1372 2213 1472 2264 autem
1496 2203 1545 2264 in-

168 2301 340 2353 ventorum
364 2292 394 2353 in
419 2295 508 2372 culpa
531 2293 581 2362 sit,
606 2291 868 2372 exsuperioribus
893 2291 982 2353 facile
1004 2300 1053 2353 est
1070 2290 1228 2370 conjicere.
1267 2290 1400 2353 Primum
1425 2290 1544 2352 distan-

173 2381 246 2441 tiae
270 2381 419 2443 motoriae
443 2382 561 2459 longius
586 2401 605 2442 a
628 2379 842 2460 Copemicanis
866 2380 1023 2455 recedunt,
1055 2398 1143 2460 quam
1166 2379 1316 2459 figurales.
1362 2379 1495 2451 Deinde,
1518 2379 1545 2440 si

173 2469 329 2531 motorias
344 2489 411 2531 enm
426 2468 641 2550 Copernic‘nnis
657 2473 805 2543 conferas,
822 2469 958 2547 singulas
974 2467 1193 2547 cnm‘singnlis,
1211 2467 1405 2546 delectusque
1424 2467 1543 2528 adseri-

174 2559 249 2631 bas,
272 2559 391 2621 ridebis
415 2558 543 2638 aliquam
568 2559 739 2620 defectuum
762 2577 827 2620 cum
850 2557 926 2636 ipsis
949 2556 1080 2619 numeris
1104 2565 1194 2637 atque
1219 2555 1294 2617 adeo
1319 2574 1384 2615 cnm
1408 2556 1543 2635 corpori-

175 2648 239 2708 bus
264 2647 488 2728 cognationem,
513 2656 725 2727 praeterquam
747 2649 776 2710 in
801 2647 962 2709 Mercurio.
1009 2645 1137 2706 Ecce:.

534 2768 661 2869 Oopem.
688 2788 838 2849 Motoriae
883 2787 1081 2849 Differentiae

446 2875 466 2945 5
517 2878 547 2952 il
592 2875 657 2941 572
747 2873 813 2939 574
903 2872 946 2953 -i-
992 2873 1013 2937 2
1104 2873 1206 2937 Cubus

415 2960 472 3040 ‘il
522 2975 547 3037 0’
592 2962 658 3033 290
747 2961 813 3027 274
904 2998 946 3010 -
973 2960 1013 3026 16
1103 2962 1301 3025 Tetraedron.

441 3064 467 3126 ὀ
518 3057 543 3131 ὃ
591 3051 656 3121 058
747 3050 812 3117 694
903 3050 945 3132 -l-
971 3048 1013 3115 36
1102 3050 1331 3113 Dodeeaeeron.

443 3147 467 3220 ὃ
517 3142 541 3217 Q
589 3140 654 3206 7Ι9
745 3139 813 3205 762
903 3141 946 3220 -1-
970 3138 1012 3205 43
1103 3140 1297 3203 Icosaddron.

442 3232 467 3306 Ω
519 3236 540 3310 b
589 3229 654 3297 500
745 3229 810 3296 563
901 3228 945 3309 -l-
968 3226 1011 3292 63
1103 3229 1287 3292 Octaddron.

515 3322 563 3382 vel
587 3317 652 3385 559
898 3316 942 3397 -l-
987 3315 1008 3381 4
1155 3346 1158 3349 ·

270 3443 344 3505 Plus
368 3444 486 3506 scilieet
507 3445 537 3507 in
562 3452 700 3526 quatuor,
725 3444 822 3505 minue
845 3443 876 3503 in
900 3442 1013 3522 quinto·
1051 3441 1132 3505 Nam
1150 3461 1188 3505 ex
1207 3451 1345 3522 quatuor,
1369 3443 1440 3505 bina
1462 3464 1543 3509 senr-

100 3544 103 3551 '
182 3551 236 3612 per
259 3550 385 3611 corpora
409 3542 479 3595 sunt
502 3535 622 3606 similia,
647 3533 781 3613 quintum
804 3531 973 3594 solitarium
997 3537 1055 3594 est.
1088 3530 1206 3593 Deinde
1223 3531 1414 3607 Mercurium,
1440 3543 1474 3596 ut
1495 3542 1546 3596 est
1628 3558 1632 3565 ¹

183 3622 296 3696 narius,
318 3623 349 3683 in
374 3623 509 3684 ordinem
531 3623 633 3703 redige
657 3632 689 3683 et
711 3622 822 3701 cogita,
848 3621 957 3682 debere
981 3614 1095 3701 aliquid
1119 3619 1210 3682 altine
1233 3621 1334 3682 media
1356 3622 1437 3684 orbis
1461 3624 1544 3702 spis-

182 3711 314 3772 situdine
335 3729 390 3790 pro
415 3712 514 3773 media
537 3712 683 3775 distantia
706 3710 839 3785 censeri,
865 3717 985 3771 tantum
1007 3726 1131 3787 nempe,
1160 3716 1290 3789 quantus
1314 3718 1362 3771 est
1384 3713 1465 3773 orbis
1489 3730 1544 3774 oc·

182 3798 282 3861 taedri
296 3797 334 3874 ⁴),
359 3802 454 3881 (quod
477 3820 568 3880 snpra
592 3800 734 3862 audivisti
758 3799 858 3861 media
876 3799 1074 3879 spissitudine
1089 3798 1218 3878 amplius
1233 3801 1316 3871 esse)
1341 3808 1372 3862 et
1385 3800 1545 3863 obtinebit
1642 3794 1647 3801 ’

182 3907 236 3967 pro
261 3889 359 3950 media
382 3886 530 3951 distantia
553 3886 636 3964 559,
666 3908 724 3951 non
754 3886 828 3953 500.
874 3888 943 3951 Erit
965 3888 1057 3968 igitur
1084 3887 1132 3948 hic
1161 3886 1234 3948 ordo
1262 3887 1326 3965 ejus
1357 3906 1544 3951 numerorum

185 3980 224 4053 ὅ,
250 3980 290 4053 b:
315 3974 396 4051 559,
420 3973 483 4042 563
508 3975 566 4057 (4-
589 3973 636 4053 4).
684 3978 763 4039 Ecce
787 3980 816 4038 io
840 3974 876 4053 b,
900 3977 946 4052 il,
971 3984 1003 4039 et
1028 3975 1068 4050 Q,
1093 3978 1115 4054 b
1138 3975 1323 4037 differentias
1347 3977 1476 4039 minores
1499 3996 1541 4039 sc.
1588 4038 1594 4045 ,

183 4064 213 4141 2,
234 4063 266 4140 4,
290 4066 320 4129 ἰιι
339 4076 373 4142 (ς,
399 4069 435 4143 ὅ,
461 4069 486 4143 ὃ
508 4066 533 4141 Ω
552 4067 693 4147 majores,
718 4087 761 4129 sc.
778 4061 831 4141 30,
851 4063 905 4147 43,
929 4067 1008 4128 sicut
1031 4065 1194 4143 interjecta
1217 4060 1342 4142 o'orpora
1364 4064 1427 4126 illic
1450 4065 1543 4127 cobus

184 4163 215 4216 et
239 4156 417 4231 octaedron,
442 4157 489 4218 hio
514 4156 722 4219 dodecatdron
747 4164 778 4218 et
800 4155 976 4217 tensaedron
1001 4162 1072 4216 sunt
1096 4152 1215 4215 similia.
1261 4152 1304 4214 Et
1326 4153 1542 4228 animadverte,

185 4245 261 4323 quod
285 4243 366 4316 illic„
380 4245 430 4307 ubi
452 4265 563 4326 magna
587 4246 757 4308 differentia
780 4252 829 4305 est
849 4243 1060 4323 inscriptorum
1080 4251 1112 4304 et
1125 4241 1424 4318 circumscriptorum,
1448 4259 1544 4320 parva

183 4340 233 4393 est
263 4333 432 4397 differentia
464 4335 694 4398 distantiarum:
728 4332 862 4395 vicissim
883 4333 934 4394 ubi
966 4332 1179 4411 propemodum
1211 4329 1353 4409 aequales
1387 4330 1542 4414 adscripti,
1630 4338 1634 4347 '

183 4440 292 4501 magno
315 4423 474 4486 intervallo
498 4425 648 4486 dissident
671 4422 836 4487 distantiae
860 4421 1006 4483 motoriae
1031 4441 1050 4481 a
1073 4417 1305 4498 Copernioanis..

273 4510 349 4574 Cum
372 4513 463 4592 igitur
486 4513 516 4574 in
541 4513 660 4576 delectu
684 4512 740 4573 hoc
764 4511 805 4573 sit
828 4510 975 4589 quaedam
1000 4508 1185 4589 aequalitas,
1214 4514 1246 4568 et
1268 4524 1339 4568 vero
1362 4506 1436 4569 nihil
1459 4506 1542 4571 ordi-

185 4607 288 4662 natum
303 4601 427 4664 fortuito
442 4602 571 4678 accidat,
596 4601 663 4664 ideo
679 4598 879 4679 cogitandum,
904 4616 1042 4659 numeros
1066 4598 1157 4661 hosce
1181 4595 1221 4659 ad
1242 4595 1401 4659 veritatem
1426 4596 1543 4676 quidem

185 4689 331 4764 alludere,
354 4691 483 4753 nondum
507 4700 608 4753 tamen
632 4709 699 4752 eam
722 4689 841 4768 penitus
866 4695 1033 4747 assecutos.
1071 4686 1188 4765 Nempe
1211 4685 1240 4746 in
1265 4685 1331 4764 ipso
1354 4685 1543 4747 theoremate

164 4778 283 4865 ⁸adhuc
306 4779 404 4842 limari
428 4781 498 4864 qnid
520 4784 683 4864 potest⁰):
718 4786 770 4841 aut
802 4777 958 4838 theorema
991 4774 1108 4856 quidem
1142 4782 1223 4837 recte
1256 4774 1367 4848 habet,
1401 4774 1456 4836 sed
1479 4776 1542 4856 ejus

1271 4874 1331 4930 12*
