3609 5634
764 375 925 433 m
1316 408 1320 431 ι
1475 377 1532 449 35,

162 540 213 595 est
244 552 323 596 anno
357 530 443 603 1569
471 535 591 621 biennio
612 545 685 598 ante
706 555 754 599 me
777 547 889 601 natum.
932 537 1171 605 AutorRsmus
1194 540 1296 603 estin
1320 540 1431 605 scholis
1455 544 1518 608 suis

161 624 238 695 (non
259 620 450 699 Geometria)
475 622 674 689 Geometrieis
698 626 770 688 folio
790 623 833 690 49
854 635 886 689 et
899 624 953 690 50.
1000 624 1067 699 Quo
1091 627 1157 690 loco
1180 627 1296 691 Romus
1318 630 1517 709 praemium

162 711 417 775 conformatae
453 714 592 795 absque
634 715 902 796 hypothesibus
943 717 1182 797 astrologiae
1226 720 1386 798 spondet
1431 739 1517 783 suae

160 800 415 878 professionis
437 805 656 867 cessionem.
702 803 738 867 Si
759 804 874 869 Romus
899 804 969 868 illas
992 806 1209 870 exterminatas
1229 808 1311 887 cupit
1324 808 1516 890 hypotheses,

162 906 240 969 quae
264 899 298 952 ut
319 892 481 955 credantur
501 893 702 974 postulantur,
726 896 979 975 conprobantur,
1005 904 1037 955 et
1059 895 1085 957 si
1109 896 1186 958 haue
1209 898 1322 977 absque
1337 897 1514 979 hypothesi·

160 976 219 1040 bus
250 981 465 1045 astronomiam
496 981 617 1060 laudat,
647 1001 723 1065 quae
755 984 849 1047 solius
880 994 1007 1046 naturae
1031 993 1180 1064 apparatu
1203 986 1319 1049 orbium
1340 986 1516 1050 coelestium

160 1075 306 1131 contenta
329 1078 387 1143 est,
410 1071 488 1152 quod
511 1072 629 1152 quidem
651 1081 722 1135 aute
745 1082 776 1135 et
798 1081 869 1154 post
891 1073 1011 1137 omniuo
1034 1073 1154 1136 inuuere
1169 1074 1301 1140 videtur:
1327 1076 1450 1138 vicimus
1465 1078 1514 1139 vel

159 1155 229 1236 Ego
251 1157 301 1219 vel
325 1156 527 1240 Ooperbiens,
553 1163 601 1224 vel
624 1171 749 1243 uterque
772 1162 874 1232 annul,
899 1161 1043 1244 nobisque
1066 1163 1215 1243 professio
1239 1164 1364 1228 debetur
1386 1165 1513 1228 Barnea.

159 1242 217 1307 sin
242 1254 342 1309 antem
364 1248 479 1312 Ramns
502 1269 606 1317 omnes
629 1252 749 1313 omnino
772 1251 957 1333 hypotheses
979 1252 1079 1332 rejicit
1101 1271 1154 1315 ssu
1177 1272 1265 1316 veras
1293 1264 1323 1316 et
1350 1238 1514 1331 naturales,

158 1353 216 1398 sen
239 1337 345 1411 falsas,
368 1347 432 1401 tum
454 1339 486 1402 id
508 1350 565 1415 est,
589 1341 667 1420 qnod
690 1340 879 1421 supradixi:
905 1341 1017 1405 stultns
1040 1360 1154 1421 nempe,
1180 1341 1269 1425 idque
1291 1352 1326 1417 ut
1345 1345 1451 1424 opinor
1464 1345 1512 1407 vel

159 1433 192 1486 te
207 1426 319 1505 jndice.
366 1428 481 1491 Verum
502 1436 537 1490 ut
558 1430 713 1510 utriusque
736 1430 840 1493 honori
862 1432 1045 1506 consulatur,
1069 1427 1149 1493 malo
1171 1450 1219 1494 me
1241 1433 1443 1512 professorem
1461 1453 1512 1497 re·

158 1515 241 1594 gium
265 1536 355 1597 qnam
378 1516 506 1581 Ramum
528 1520 653 1582 stultum
676 1520 839 1599 appellare.
885 1520 952 1582 Hoc
975 1539 1066 1582 unum
1089 1528 1148 1583 est.

247 1605 319 1669 Jam
340 1625 439 1686 porro,
462 1616 496 1669 nt
517 1606 632 1688 Regius
644 1607 802 1671 Professor
826 1609 939 1690 aliquid
962 1609 1055 1671 etiam
1079 1628 1132 1672 suo
1155 1607 1244 1672 titulo
1268 1610 1389 1692 dignum
1412 1620 1510 1692 gerat,
1606 1680 1612 1689 ,

157 1695 301 1774 proponit
322 1695 378 1758 tibi
402 1694 575 1759 clarissime
598 1697 636 1758 D.
659 1706 837 1778 praeceptor
858 1699 1013 1779 problema
1037 1696 1267 1761 Geometrioom.
1294 1732 1335 1743 -
1359 1700 1509 1782 Triangu-

157 1783 222 1846 lnm
244 1785 450 1865 rectangulum
472 1786 668 1861 constituere,
696 1786 780 1866 cujus
808 1787 909 1849 omnia
938 1786 998 1850 tria
1020 1788 1117 1850 latera
1140 1788 1203 1851 siut
1224 1789 1351 1853 invicem
1373 1790 1511 1852 continue

157 1873 404 1953 proportionalia,
427 1882 462 1939 ut
479 1875 557 1937 sieut
579 1875 677 1938 minus
700 1876 780 1938 latus
803 1876 843 1938 ad
865 1876 962 1956 majus
985 1876 1067 1939 circa
1089 1886 1212 1951 rectum,
1237 1878 1282 1940 sio
1306 1880 1361 1940 hoc
1383 1879 1421 1940 ad
1436 1880 1510 1941 sub·

156 1970 279 2025 tensam
301 1973 393 2026 recto.
430 1963 601 2027 Utilitatem
617 1965 799 2027 inventionis
813 1965 961 2045 insignem
975 1966 1087 2040 nescio,
1111 1966 1168 2029 nisi
1183 1968 1262 2046 quod
1276 1968 1372 2049 magis
1387 1975 1513 2031 exornat

156 2051 366 2131 geometriam.
406 2052 527 2116 Namsi
546 2054 691 2135 pensitas,
716 2054 840 2128 videbis,
866 2074 956 2117 uuam
974 2055 1182 2118 tantummodo
1202 2057 1330 2121 formam
1353 2058 1429 2135 ejus,
1452 2075 1511 2120 nou

157 2141 259 2220 plnres
282 2161 350 2204 esse
372 2159 473 2221 posse.
518 2143 656 2209 Iuventio
680 2143 799 2224 Magire
822 2144 964 2220 debetur,
998 2163 1057 2225 qua
1080 2146 1156 2207 adeo
1179 2146 1276 2226 ipsum
1300 2147 1432 2210 officiose
1457 2166 1511 2208 sa-

157 2231 234 2305 luto,
264 2239 441 2312 gratumque
464 2251 512 2294 me
539 2232 584 2295 illi
615 2232 756 2307 exhibeo,
786 2242 948 2314 propterea
976 2235 1054 2315 quod
1077 2253 1131 2296 suo
1150 2234 1367 2313 jucundissimo
1390 2237 1511 2298 theore-

158 2328 238 2382 mate
270 2338 349 2382 nova
378 2320 533 2402 voluptate
557 2322 741 2402 geometrica
763 2342 811 2384 me
835 2342 951 2404 quoque
974 2323 1053 2386 iuter
1076 2333 1193 2386 ceteros
1218 2325 1330 2388 beavit.
1376 2325 1511 2388 Demon-

158 2408 266 2471 stratio
298 2409 396 2473 facilia
430 2419 478 2474 est
510 2430 548 2474 ex
577 2412 672 2492 ipsius
705 2411 846 2475 invento:
880 2413 959 2493 quod
991 2412 1109 2492 quidem
1142 2413 1187 2476 ita
1214 2414 1246 2475 in
1271 2415 1362 2477 aliam
1386 2415 1511 2479 formam

159 2499 288 2575 mutavi,
321 2508 354 2561 ut
377 2500 560 2577 existimem,
585 2520 632 2563 me
654 2501 744 2563 facile
767 2503 816 2564 rel
839 2502 936 2581 ipsum
961 2502 1112 2581 Magirnm
1135 2501 1164 2563 in
1184 2503 1261 2565 hanc
1283 2504 1511 2585 persuasionem

157 2587 360 2664 inducturum,
391 2597 426 2651 nt
456 2598 544 2669 putet
575 2609 655 2653 mere
682 2609 779 2653 meum
803 2609 882 2653 esse.
928 2590 1099 2671 Propositio
1121 2590 1167 2652 ita
1189 2601 1298 2654 sonet:
1337 2592 1375 2656 Si
1404 2612 1512 2674 super

158 2675 296 2740 lineam
329 2687 493 2741 extrema
522 2687 558 2741 et
588 2680 706 2741 media
729 2680 873 2742 ratione
896 2688 1038 2742 sectam
1056 2682 1319 2762 rectangulum
1342 2682 1508 2763 triangu-

157 2765 225 2829 lum
259 2768 516 2831 constituatur
542 2769 597 2831 sic
624 2775 662 2830 ut
689 2777 813 2831 rectus
837 2770 996 2850 angulus
1019 2771 1366 2849 puncto.sectionis
1391 2772 1448 2833 sit
1466 2772 1510 2834 ad
1552 2846 1554 2859 μ

156 2857 477 2937 perpendicnlum,
513 2857 614 2919 latus
646 2857 763 2920 minus
786 2859 884 2919 eirca
916 2867 1059 2922 rectum
1087 2860 1317 2938 aequabitur
1347 2860 1511 2940 portioni

156 2948 288 3027 majori
313 2954 446 3009 sectae
471 2947 612 3010 lineae.
658 2946 954 3009 Demonstrationem
976 2947 1104 3026 Magiri,
1130 2965 1217 3028 quam
1242 2949 1271 3010 in
1294 2950 1373 3013 valle
1398 2951 1510 3011 Luste·

155 3037 247 3098 navia
269 3036 340 3099 mibi
363 3036 597 3108 demonstrasti,
632 3038 751 3100 omnino
775 3036 861 3098 amisi
880 3056 940 3099 nec
963 3037 1134 3097 meminisse
1157 3056 1300 3118 possum:
1329 3038 1395 3101 ideo
1419 3038 1510 3101 aliam
1593 3090 1597 3103 ,

155 3125 284 3191 institui.
321 3126 398 3188 Esto
419 3126 499 3190 linea
513 3125 581 3201 AB,
605 3135 691 3188 secta
704 3126 896 3206 proportione
1113 3130 1117 3137 ’

156 3214 239 3277 dicta
261 3215 291 3276 in
314 3215 416 3295 Fper
430 3211 474 3279 30
496 3216 574 3278 sexti
599 3215 783 3291 (Euclidis);
807 3234 897 3296 super

155 3323 215 3384 qua
244 3304 430 3367 describatur
457 3304 677 3378 semicirculus,
713 3304 742 3366 in
772 3324 828 3386 quo
858 3324 896 3366 ex

155 3393 282 3456 Fracta
303 3393 358 3456 ΡΙ)
377 3395 509 3474 erigatur
531 3393 817 3474 perpendiculariter
840 3413 894 3455 us-

156 3501 211 3563 que
235 3484 275 3545 ad
296 3483 484 3564 superficiem
506 3482 693 3559 semicirculi,
718 3492 749 3545 et
763 3502 892 3547 cosnec-

155 3580 258 3636 tantur
272 3572 338 3646 DE,
363 3574 434 3649 DA,
456 3581 492 3635 nt
511 3574 564 3636 fiat
578 3573 704 3652 angulus
719 3572 805 3639 ΕΒΑ
824 3590 893 3635 rec-

155 3671 204 3724 tus
234 3680 290 3741 per
322 3657 376 3724 ³1.
409 3662 466 3725 Ill.
524 3662 601 3725 Dico
638 3662 716 3741 quod
747 3661 804 3724 DE
840 3664 895 3723 fiat

155 3751 290 3831 aequalis
309 3750 407 3813 lineae
422 3752 488 3823 ΡΑ,
509 3751 637 3832 portioni
652 3751 758 3830 majori
774 3751 810 3812 de
823 3749 892 3812 EA.

154 3840 233 3903 Nam
256 3858 310 3920 per
323 3839 355 3904 8.
381 3840 436 3904 vt
459 3841 612 3919 triangula
625 3838 717 3916 EFD,
740 3838 894 3901 Dl'Atoti

155 3928 241 3992 ΑΒΕ
265 3938 297 3993 et
318 3930 397 3994 inter
419 3949 453 3992 se
476 3938 546 3992 sunt
569 3929 690 3991 similia.
724 3927 827 3999 Quare
840 3946 895 4012 per

155 4019 317 4082 secundnm
337 4019 525 4082 corollarium
544 4018 681 4099 ejusdem
693 4017 750 4079 ΕΙ)
764 4026 814 4079 est
827 4036 893 4079 me-

156 4109 205 4170 dia
231 4108 464 4189 proportionalis
491 4109 571 4170 inter
593 4107 650 4170 ΑΕ
674 4115 706 4169 et
726 4106 789 4170 EF.
835 4105 895 4168 Est
983 4162 989 4181 ,

155 4206 255 4261 autem
279 4199 370 4261 etiam
390 4198 446 4261 AF
459 4197 558 4260 media
570 4196 802 4278 proportionalis
816 4195 895 4259 inter

153 4287 211 4349 ΑΕ
235 4296 267 4350 et
287 4288 342 4351 EF
363 4307 417 4368 per
436 4286 635 4349 definitionem
656 4288 751 4348 lineae
766 4303 892 4366 propor-

155 4376 309 4440 tionaliter
335 4385 449 4440 aeetae.
496 4374 573 4437 Cum
601 4383 702 4438 autem
729 4376 808 4437 inter
836 4376 893 4435 duo

155 4475 289 4529 extrema
311 4485 400 4529 unum
423 4473 540 4527 tantum
563 4465 692 4527 medium
722 4463 892 4544 proportio-

154 4556 224 4617 nale
255 4575 323 4618 esss
352 4555 467 4635 possit,
501 4572 554 4634 per
577 4551 607 4617 9.
633 4554 673 4615 V.
707 4571 891 4626 conversam,

155 4644 210 4707 AF
231 4654 265 4707 et
285 4644 342 4707 ΕΙ)
366 4645 509 4725 aequales
532 4651 628 4717 erunt,
654 4643 731 4723 quod
756 4650 823 4704 erat
845 4642 1039 4720 probandum.
1079 4638 1276 4703 Corollarium
1298 4641 1324 4704 I.
1369 4641 1508 4704 Latera

154 4734 331 4815 trianguli
354 4742 441 4796 sunt
461 4732 769 4813 proportionalia.
815 4731 895 4792 Nam
918 4732 982 4804 AF,
1007 4730 1070 4803 FB,
1095 4728 1148 4790 FE
1171 4737 1242 4792 sunt
1266 4730 1506 4811 proportionales

154 4840 207 4903 per
229 4820 260 4887 8.
282 4825 338 4888 VI.
375 4825 421 4886 At
443 4821 500 4886 ΕΙ)
523 4830 573 4885 est
595 4821 729 4905 aequalis
753 4819 849 4882 lineae
864 4821 929 4883 AF.
966 4819 1049 4899 Ergo
1072 4817 1139 4893 EI),
1161 4817 1226 4891 DF,
1251 4819 1303 4882 FE
1327 4820 1387 4882 tria
1410 4821 1507 4883 latera

154 4914 320 4996 mutanguli
343 4920 415 4977 snut
435 4910 684 4994 proportionalia.
730 4911 776 4973 At
795 4907 879 4971 EFD
902 4909 1086 4990 triangulum
1109 4908 1238 4991 partiale
1257 4917 1307 4971 est
1328 4910 1424 4972 simile
1440 4909 1506 4984 toti,

1250 5011 1295 5063 μ

1176 3198 1221 3246 Fit·
1230 3195 1257 3265 Ι6.
