3609 5634
771 417 941 488 coam
1190 413 1197 425 '
1478 424 1540 494 rte

167 582 344 647 extremam
372 585 405 642 et
430 578 562 643 mediam
586 580 736 644 rationem
763 582 839 645 secti
871 582 969 664 maius
997 591 1186 663 segmentum
1211 584 1273 650 AD
1354 605 1402 663 n..
1418 607 1453 654 re.

167 674 225 728 est
252 666 334 730 latus
361 668 534 750 decanguli‚
565 670 641 749 quod
671 670 768 733 eidem
796 670 853 734 AB
877 672 988 735 circulo
1011 671 1132 736 inscribi
1154 682 1267 754 potest.

166 753 305 860 Junctae
328 755 421 862 igitur
441 759 596 862 petentiae
615 757 673 862 ΑΩ
692 758 768 822 radii
791 760 885 823 totius
901 767 941 864 ‘et
966 760 1024 823 AD
1047 762 1169 843 majoris
1193 782 1267 844 seg·
1300 689 1534 1130 A.

169 845 724 928 menuhuJus‚tao1untpoeentam
744 848 799 912 EF
822 850 927 913 latens
950 850 1214 932 quinquangularis
1237 852 1268 915 iu
1319 831 1349 1055 κ
1429 870 1530 1084 v)

1356 1067 1467 1120 ὓ
1517 1017 1537 1065 Ι

170 933 228 996 illo
262 934 372 1000 circulo
406 934 508 1017 (Eucl.
540 936 636 1013 XIII,
676 933 740 1013 10).
788 936 877 1009 Quod
910 958 977 1001 cum
1010 939 1053 1002 sit
1084 941 1163 1004 iuter
1194 941 1269 1004 duos

173 1021 334 1176 ilcqosaedir}5
356 1026 498 1195 aqqulos,
535 1025 593 1088 erit
624 1026 727 1108 utique
759 1027 840 1090 latus
871 1028 1021 1092 icosabdri
1054 1029 1157 1102 OEucl.
1179 1029 1268 1105 XIII,
1470 1108 1489 1155 Ι

238 1121 272 1176 et
335 1116 360 1187 ).
471 1159 480 1167 -

264 1202 419 1266 Habemus
452 1203 551 1266 latera
577 1203 707 1266 omnium
735 1205 897 1286 figurarum
925 1204 955 1267 in
984 1206 1175 1286 proportione
1204 1207 1244 1269 ad
1273 1202 1343 1266 axin
1372 1203 1453 1267 orbis
1476 1202 1539 1266 cir·

171 1291 359 1372 cumscripti.
406 1291 549 1373 Sequitur
576 1299 610 1354 ut
632 1293 734 1356 radios
757 1293 934 1357 citeriorum
957 1289 1007 1374 qui
1030 1295 1155 1357 basibus
1184 1291 1467 1358 circumscribuntur
1489 1291 1538 1354 iu·

170 1379 360 1461 vestigemus
393 1400 431 1443 ex
456 1381 523 1462 jam
554 1381 634 1444 notis
657 1382 819 1445 lateribus:
862 1382 892 1444 id
925 1384 1004 1464 quod
1036 1384 1217 1448 adminiculo
1250 1382 1366 1447 sinuum
1395 1381 1538 1445 lacIIIIme

172 1478 354 1550 assequetur
372 1469 508 1551 quilibet,
528 1469 577 1551 qui
601 1472 763 1550 reputabit,
788 1472 836 1534 bic
860 1471 1107 1552 exquisitissimis
1131 1474 1264 1536 numeris
1288 1490 1347 1534 noa
1361 1488 1437 1551 opus
1455 1489 1538 1533 esse.

172 1557 209 1622 Si
232 1567 335 1621 tamen
358 1559 447 1622 alicui
469 1560 572 1641 placet
593 1559 785 1624 artificiosius
810 1561 963 1636 laborare,
997 1562 1025 1624 ei
1049 1562 1247 1625 fundamenta
1276 1560 1320 1625 rei
1349 1579 1388 1622 ex
1409 1558 1537 1624 Euclide

173 1666 333 1732 apponam.
373 1645 448 1711 Cum
463 1647 555 1729 igitur
569 1656 633 1711 tres
647 1650 756 1713 saltem
772 1651 885 1712 formae
907 1651 968 1714 siut
983 1650 1109 1723 basium,
1132 1651 1294 1730 triangula,
1320 1647 1537 1729 quadrangula,

174 1737 417 1820 quinquangnla:
449 1737 479 1799 in
508 1736 742 1818 triangularibus
770 1738 889 1820 quidem
918 1740 999 1802 latus
1024 1738 1084 1802 GH
1108 1740 1172 1821 (lig.
1196 1737 1263 1816 18.)
1286 1744 1389 1819 potest
1415 1736 1537 1817 triplum

173 1825 305 1910 quaesiti
329 1826 404 1888 radii
427 1826 488 1901 HI,
511 1845 566 1908 per
592 1825 640 1889 12.
667 1847 757 1908 saepe
782 1827 923 1908 allegati:
953 1829 982 1891 in
1007 1829 1154 1908 quadrato
1179 1831 1259 1893 latus
1289 1834 1393 1909 potest
1416 1825 1537 1906 duplum

173 1914 304 1996 quaesiti
326 1915 418 1977 radii:
431 1915 473 1982 ,in
496 1914 717 1997 quinquangulo
732 1916 857 1997 denique
874 1914 935 1979 (III
953 1917 1060 1980 lateris
1083 1919 1189 1981 etKH
1211 1919 1286 1981 sub·
1363 1939 1410 1991 τις.
1425 1934 1463 1980 ao.

172 2003 327 2068 tendentis
351 2004 506 2077 (datarum
529 2004 688 2080 linearum)
708 2005 833 2086 jtmctae
856 2006 1012 2085 potentiae
1038 2015 1167 2087 possunt
1189 2006 1278 2088 quin·
1426 2050 1430 2052 -

172 2094 290 2173 tuplum
313 2093 388 2155 radii
403 2093 449 2155 HI
473 2093 611 2174 quaesiti,
636 2090 734 2175 perd.
760 2095 869 2157 decimi
893 2095 992 2176 quarti
1007 2098 1170 2160 secundnm
1184 2095 1278 2160 carn-
1303 2062 1521 2417 qssx

171 2200 294 2263 panum.
345 2183 499 2244 Habemus
535 2183 637 2246 radios
670 2184 845 2247 circulorum
881 2184 912 2247 in
949 2183 1073 2248 basibus
1110 2187 1140 2248 in
1175 2187 1280 2248 eadem

171 2272 376 2353 proportione,
400 2291 460 2352 qua
483 2272 589 2334 latera.
750 2291 755 2298 ‘
1316 2201 1348 2421 κ
1484 2234 1527 2441 l

263 2359 436 2424 Subtractis
469 2360 559 2441 igitur
590 2359 734 2443 potentiis
766 2359 918 2424 radiorum
954 2360 991 2423 de
1027 2361 1164 2443 potentia
1196 2362 1280 2425 sinus

172 2450 278 2525 totius,
309 2449 360 2530 qui
392 2459 440 2511 est
468 2449 623 2531 quantitas
652 2448 867 2512 semidiametri
900 2449 965 2511 sive
992 2451 1121 2512 radiiin
1150 2451 1279 2513 circum·
1345 2440 1470 2484 *V

171 2538 303 2621 scripto,
336 2538 496 2600 restabunt
521 2547 556 2602 ut
584 2559 677 2618 supra
707 2539 867 2618 probatum
898 2546 947 2599 est
979 2538 1135 2618 potentias
1163 2538 1314 2602 radiorum
1338 2558 1413 2621 quos
1437 2558 1534 2620 quae·
1572 2537 1574 2541 ’

171 2627 282 2706 rimus,
309 2627 520 2707 inscriptorum
548 2628 665 2690 scilieet
692 2627 818 2690 orbium.
866 2624 1059 2690 Commodius
1092 2636 1194 2690 tamen
1222 2635 1254 2691 et
1281 2626 1400 2691 facilius
1427 2627 1533 2706 uteris,

172 2725 207 2780 ut
229 2713 306 2790 (bxi,
329 2716 463 2779 sinubus.
945 2733 946 2737 ¹

262 2803 324 2867 Sed
348 2805 396 2867 hic
420 2823 514 2887 neque
538 2805 600 2867 alia
623 2805 769 2885 quaedam
793 2804 1013 2886 praetereunda
1035 2804 1227 2886 compendia,
1252 2826 1289 2869 ne
1311 2804 1434 2868 nimlnm
1456 2802 1533 2885 ope·

172 2913 241 2957 rose
265 2893 443 2956 laboremus.
491 2894 622 2955 Primum
646 2895 734 2956 orbes
757 2893 895 2973 inscripti
919 2893 1107 2955 dodecaedro
1132 2900 1165 2955 et
1181 2894 1339 2957 icosabdro
1360 2900 1431 2956 sunt
1448 2894 1532 2973 ejus·

169 2984 240 3045 dem
269 2982 489 3062 amplitudinis,
519 2982 545 3044 si
572 2984 685 3062 figurae
714 2983 810 3045 eidem
833 2980 897 3045 orbi
924 2979 1136 3045 inscribantur.
1184 2983 1307 3046 Habent
1330 2983 1409 3045 enim
1439 2984 1531 3044 bases

168 3072 324 3152 utriusque
352 3073 464 3151 figurae
492 3073 618 3134 eundem
647 3071 763 3134 radium
787 3072 887 3146 (Eucl.
912 3069 1001 3142 XIV,
1025 3068 1071 3146 2).
1118 3071 1202 3133 Idem
1228 3072 1374 3154 judicium
1403 3078 1469 3133 esto
1493 3070 1531 3133 de

167 3161 245 3223 cubo
269 3169 301 3221 et
323 3162 478 3223 octaedro.
525 3161 603 3222 Nam
627 3161 693 3223 axis
715 3169 819 3241 potest
842 3160 964 3239 triplum
988 3160 1083 3223 cubici
1111 3161 1236 3237 lateris,
1268 3170 1299 3223 et
1326 3161 1382 3223 hoc
1407 3160 1530 3241 duplum

167 3248 247 3311 radii
270 3249 300 3310 iu
324 3249 405 3324 basi,
435 3268 507 3329 ergo
531 3250 597 3311 axis
622 3257 725 3328 potest
746 3250 916 3330 sextuplum
942 3249 1018 3312 radii
1047 3250 1076 3312 in
1099 3250 1182 3312 basi:
1211 3250 1241 3312 in
1264 3250 1411 3313 octatdro
1434 3248 1529 3312 vicis-

168 3337 227 3401 sim
250 3338 444 3419 axis-potest
465 3338 588 3419 duplum
612 3339 730 3414 lateris,
760 3346 793 3401 et
815 3340 872 3402 hoc
894 3338 1016 3419 triplum
1041 3337 1119 3401 radii
1146 3338 1174 3401 in
1202 3339 1280 3402 basi.
1326 3339 1435 3403 Potest
1458 3357 1530 3419 ergo
1563 3415 1564 3420 γ

168 3426 261 3489 etiam
293 3427 341 3489 hic
369 3428 437 3489 axis
465 3427 636 3506 sextuplum
659 3428 745 3491 radii.
793 3425 965 3507 Cumergo
997 3428 1099 3490 aiter
1131 3428 1292 3511 hypothesi
1320 3429 1399 3491 idem
1426 3426 1531 3489 radius

168 3515 460 3596 circumscriptorum
489 3517 553 3578 sive
582 3514 640 3579 ΗΟ
664 3517 730 3596 (lig.
758 3514 812 3592 18)
837 3517 936 3597 sitque
967 3516 1046 3579 idem
1074 3516 1166 3580 etiam
1195 3518 1297 3580 radius
1327 3516 1445 3578 basium
1473 3515 1529 3591 HI,
1561 3518 1569 3524 ’

168 3613 202 3667 et
220 3603 294 3667 ΗΙΟ
317 3623 435 3685 semper
457 3614 574 3667 rectus:
599 3623 671 3685 ergo
695 3605 786 3668 etiam
809 3606 913 3669 radius
936 3605 1156 3686 iuscriptorum,
1182 3607 1303 3669 tertium
1322 3623 1429 3685 nempe
1448 3604 1530 3667 latus

168 3691 229 3767 01,
254 3694 334 3756 idem
357 3694 416 3756 erit
439 3693 540 3768 (Eucl.
559 3695 585 3769 1,
610 3691 653 3757 26
677 3698 791 3769 coum).
838 3692 941 3765 Quare
965 3694 1077 3757 habitis
1096 3696 1163 3757 cubi
1189 3701 1221 3757 et
1243 3694 1394 3758 icosatdri
1417 3692 1528 3756 iuscri-

147 3782 241 3863 'ptis,
265 3783 303 3844 de
327 3783 471 3845 occasuro
495 3792 528 3844 et
551 3783 739 3846 dodecs‘edro
763 3782 838 3846 nihil
861 3801 936 3863 opus
959 3782 1118 3863 inquirere.

257 3871 373 3934 Deinde
403 3871 532 3934 incubo
561 3892 628 3935 cum
656 3873 754 3952 ipsum
777 3871 859 3935 latus
882 3871 925 3934 sit
946 3870 1076 3934 altitudo
1102 3871 1231 3952 figurae,
1265 3869 1420 3936 dimidium
1443 3870 1525 3933 latus

169 3960 292 4022 dimidia
314 3960 372 4022 erit
395 3959 538 4035 altitudo,
572 3979 678 4041 nempe
702 3961 782 4023 linea
804 3969 985 4023 connectens
1008 3967 1115 4022 centra
1142 3960 1256 4040 figurae
1279 3968 1313 4021 st
1334 3959 1426 4023 basis.
1472 3957 1525 4021 Nil

168 4048 260 4128 igitur
283 4068 358 4131 opus
382 4048 574 4131 inquisitione
598 4050 675 4112 radii
699 4051 740 4128 iu,
754 4048 830 4113 basi.

255 4137 358 4200 Tertio
381 4138 518 4200 octaedri
541 4147 573 4199 et
594 4139 761 4220 pyramidis
785 4137 954 4218 aequalium
983 4136 1109 4198 laterum
1140 4142 1190 4198 est
1213 4137 1319 4198 eadem
1344 4133 1484 4197 altitudo.
1496 4136 1525 4208 ⁵)

167 4223 290 4298 Quanto
315 4227 413 4307 majus
435 4226 528 4307 igitur
552 4226 632 4289 latus
654 4227 835 4309 pyramidis,
861 4233 946 4289 tanto
971 4225 1061 4288 altior
1091 4225 1182 4287 etiam
1205 4225 1273 4305 Ipsa
1295 4225 1401 4303 ligura.
1447 4221 1527 4284 Item

167 4315 332 4378 octaedron
355 4325 387 4378 et
408 4317 541 4398 pyramis
560 4316 651 4396 duplo
674 4317 821 4397 maiorum
847 4316 975 4378 laterum
1002 4314 1116 4377 habent
1138 4314 1265 4376 eundem
1289 4311 1391 4374 orbem
1413 4310 1525 4373 iuscri-

166 4411 262 4484 ptum.
308 4406 388 4468 Nam
410 4405 542 4488 pyramis
566 4405 592 4466 si
616 4414 736 4468 secetur
758 4403 865 4466 mediis
885 4404 1045 4476 lateribus,
1071 4401 1202 4464 concidit
1225 4401 1255 4464 in
1279 4407 1408 4482 quatuor
1427 4418 1526 4482 pyra·

166 4494 265 4556 midas
297 4501 330 4556 et
358 4496 522 4561 octaedron
552 4513 640 4560 unum
672 4493 762 4573 duplo
791 4492 937 4556 minorum
961 4493 1101 4555 laterum.
1149 4487 1285 4571 Cumque
1307 4487 1441 4571 pyramis
1465 4488 1523 4551 ha·

166 4583 240 4646 beat
266 4592 394 4663 quatuor
426 4583 540 4657 facies,
574 4582 647 4645 nulli
675 4601 777 4645 earum
805 4590 926 4646 resecta
953 4582 1085 4663 pyramis
1114 4579 1211 4642 minor
1242 4577 1349 4640 adimit
1378 4583 1525 4650 ceutmm,

133 4719 136 4728 ,
167 4679 272 4754 utpote
300 4672 378 4753 qnod
402 4673 536 4734 sectione
569 4671 657 4751 longe
679 4670 804 4733 interius
828 4677 892 4732 est:
923 4677 1027 4732 manet
1054 4667 1145 4746 igitur
1173 4667 1203 4728 in
1230 4665 1375 4729 oetatdro
1399 4673 1523 4729 exsecto

167 4760 249 4822 orbis
273 4760 444 4840 inscriptus,
469 4760 593 4842 antiqua
615 4767 744 4841 quatuor
766 4766 872 4821 centra
894 4765 995 4838 etper
1008 4755 1212 4819 definitionem
1225 4748 1373 4837 regularis
1389 4755 1525 4835 corporis

167 4849 259 4912 etiam
282 4867 362 4911 nova
384 4858 512 4931 quatuor
533 4867 571 4911 ex
595 4849 728 4912 sectione
752 4845 929 4911 accedentia
956 4846 1042 4909 simul
1066 4852 1206 4926 tangens.
1252 4843 1325 4909 Sive
1348 4839 1522 4928 igitur‘py·
