3609 5634
763 297 850 354 osea
867 299 964 354 nsum.
1475 273 1541 361 aba

145 458 273 521 Teme
299 477 368 526 sen
393 481 477 546 pepp
499 463 634 545 eiusdem
655 479 710 544 per
734 464 779 525 sui
803 460 906 524 circuli
929 460 1141 541 quadrantem,
1173 466 1316 521 manente
1349 475 1405 518 axe
1429 456 1540 519 Terrae

145 565 283 630 semper
318 553 470 633 sibiipsi
500 554 529 614 iu
554 553 682 615 diversis
705 552 823 614 sitnbns
851 550 1014 636 parallelo,
1049 547 1168 609 minime
1192 565 1264 608 vero
1293 551 1430 609 nutante.
1476 544 1542 608 Nec

144 638 295 718 simplex
317 643 404 705 haec
428 642 615 705 asseveratio
640 662 711 703 vera
733 647 791 714 e'st,
816 639 959 719 angulum
981 639 1057 699 hunc
1077 636 1198 700 variari.
1244 637 1322 699 Nam
1338 634 1443 695 eadem
1459 653 1541 696 sem-

144 747 204 807 per
229 740 359 794 manet
383 733 449 796 axis
474 733 586 795 Terrae
610 732 648 792 ad
672 732 793 814 planum
818 729 976 811 eclipticas
1000 727 1169 800 inclinatio,
1202 725 1319 787 sivein
1344 724 1541 803 aequinoctiis
1646 797 1655 806 .

144 817 219 878 siva
256 819 295 880 in
323 822 476 886 solstitiis
500 822 553 895 (de
582 823 750 894 mutatione
756 869 764 894 ,
798 838 874 899 quae
908 827 979 899 post
1009 816 1105 890 multa
1131 813 1234 876 secula
1265 831 1411 894 perquam
1433 812 1543 892 exigna
1604 867 1607 874 .

146 907 337 988 contingit,
370 913 435 993 jam
467 929 525 972 non
559 911 693 991 loquor),
726 911 780 974 sed
813 930 871 973 non
897 924 1019 985 semper
1047 903 1150 966 Solem
1181 903 1324 983 respicit;
1357 901 1543 964 transfertur
1610 933 1612 940 >

145 1015 296 1075 namque
325 999 436 1064 Tellus
459 1018 526 1062 eum
549 1018 605 1061 sua
625 1001 834 1072 inclinatione,
863 1017 939 1078 quae
963 1012 1080 1074 semper
1110 993 1139 1054 in
1164 992 1286 1054 easdem
1310 990 1412 1052 mundi
1435 999 1541 1069 partes

147 1085 274 1165 vergit.
333 1089 444 1172 Itaque
473 1088 628 1153 inclinatio
657 1091 748 1166 haec,
782 1090 889 1152 eadem
921 1087 1046 1148 manens
1079 1100 1146 1144 cum
1173 1082 1264 1161 plano
1289 1079 1371 1159 ipso,
1404 1075 1541 1140 diversos

147 1182 264 1236 tamen
294 1180 433 1258 angulos
456 1197 524 1240 cum
547 1178 675 1243 diversis
702 1180 785 1262 plani
809 1178 897 1241 lineis
922 1170 1093 1245 constituit,
1127 1178 1162 1232 ut
1190 1190 1227 1230 ex
1257 1168 1442 1250 geometrica
1465 1166 1555 1230 soli·.

147 1263 269 1327 dorum
297 1268 445 1330 doctrina
467 1275 599 1332 constat.
1135 1278 1139 1286 ‘
1221 1295 1227 1299 ·

251 1356 417 1438 Adeoque
445 1357 494 1436 qui
527 1367 597 1439 apto
626 1358 683 1421 sibi
716 1357 845 1420 voluerit
877 1349 1036 1432 imaginari
1069 1348 1195 1427 primum
1221 1355 1252 1407 et
1284 1345 1406 1407 tertium
1429 1344 1540 1406 Terrae

149 1449 279 1505 motum
309 1449 477 1509 secundum
503 1445 702 1528 Oopernicnm
726 1446 876 1526 (quamvis
911 1438 1020 1502 tertius
1052 1436 1100 1498 bic
1127 1454 1181 1516 per
1204 1455 1237 1496 se
1262 1442 1361 1496 motos
1385 1451 1443 1493 non
1467 1435 1540 1508 est),

150 1534 179 1594 is
206 1533 394 1615 cylindrum
418 1535 496 1597 binis
518 1538 618 1617 plania
642 1536 797 1616 parallelis
821 1533 939 1612 oblique
964 1535 1048 1589 secet
1062 1525 1100 1586 ad
1116 1526 1256 1605 anguium
1272 1519 1314 1585 66
1323 1516 1394 1601 ¹l2⁰2
1420 1529 1452 1583 el
1467 1521 1538 1601 <luia

151 1623 214 1683 hnc
240 1632 348 1702 pacto
372 1644 542 1687 communes
566 1626 716 1688 sectiones
740 1646 794 1687 sen
816 1626 907 1687 bases
931 1619 1006 1680 fiant
1220 1662 1264 1712 Ν,
1280 1658 1301 1701 3.
1567 1633 1569 1638 ’

154 1711 309 1792 ellipaes,
331 1731 387 1795 per
401 1715 504 1777 coroll.
524 1711 573 1777 16.
590 1716 641 1777 lib.
658 1715 682 1776 Ι.
706 1712 812 1777 Sereni
828 1714 864 1774 de
879 1706 1007 1791 cylindri

153 1802 332 1864 sectione:
362 1803 456 1883 fingat
479 1804 505 1865 is
528 1804 662 1878 interim,
693 1824 761 1865 esse
786 1802 913 1865 circulos
937 1816 1009 1877 per-

157 1890 279 1974 fectos.
314 1890 403 1963 Quae
418 1893 509 1971 igitur
524 1900 572 1955 est
592 1893 621 1954 in
637 1891 878 1955 circumferentia
892 1886 1011 1950 basium

156 1981 351 2058 superficies
366 1980 474 2045 alicubi
492 1991 584 2055 reeta,
611 1981 757 2043 inclinata
772 1980 892 2053 alicubi,
917 1976 1011 2038 talem

156 2070 365 2148 superficiem
385 2070 578 2132 axis'Terrae
598 2070 740 2132 inclinate
761 2069 939 2133 circumlata
953 2063 1050 2168 de<c

158 2157 291 2221 scribit.
341 2157 408 2231 AO,
433 2159 490 2221 BD
513 2160 604 2222 bases
627 2159 766 2241 cylindri,
800 2159 853 2220 illa
875 2154 1008 2227 inferior,

158 2246 244 2308 haec
284 2247 435 2329 superior,
474 2247 529 2311 OD
562 2247 734 2328 superficies
768 2246 930 2328 aequealta
963 2241 1013 2304 axi

162 2335 305 2407 Terrae,
335 2337 383 2399 hic
408 2344 456 2398 est
482 2337 630 2398 inclinata
660 2343 693 2398 nt
716 2344 748 2399 et
770 2336 800 2398 in
824 2333 896 2407 AB,
929 2339 1014 2395 recta

159 2423 194 2485 iu
218 2425 261 2501 Ε,
289 2428 325 2488 F.
364 2426 413 2487 lta
436 2424 502 2501 OD,
532 2427 588 2487 AB
613 2425 814 2488 solstitiorum
841 2430 911 2486 sunt
935 2422 1012 2494 loca,
1278 2462 1298 2514 3

163 2512 213 2589 Ε,
239 2516 269 2577 F
294 2514 558 2594 aequinoctiorum.
1047 2552 1050 2556 -
1386 2511 1387 2518 '

263 2604 332 2666 Nec
355 2604 485 2666 feliciter
498 2603 596 2666 Ursus
612 2599 751 2665 Graecas
767 2620 856 2684 voces
881 2600 986 2681 tetigit
1008 2610 1133 2682 κυλισις,
1156 2614 1279 2685 ὄνησις,
1301 2614 1464 2689 potestque
1487 2608 1537 2670 vel

164 2690 228 2753 hoc
256 2693 323 2754 solo
349 2692 486 2755 Graecae
508 2693 626 2773 linguae
642 2692 739 2771 perito
765 2689 966 2769 Ceperuicum
986 2696 1146 2760 obscurum
1161 2698 1296 2759 reddere.
1343 2695 1421 2770 Tibi,
1446 2695 1536 2774 Ursa,

165 2779 286 2857 Terra,
310 2782 352 2844 nti
377 2781 496 2862 quidem
519 2782 645 2855 statuis,
671 2781 700 2841 in
720 2780 847 2861 jactatis
871 2803 890 2842 a
913 2787 943 2841 te
967 2782 1185 2866 hypothesibus
1209 2791 1339 2854 densarat,
1364 2785 1393 2846 in
1418 2783 1536 2864 Ooper-

166 2868 241 2931 nico
266 2871 348 2933 orbis
377 2870 427 2952 qui
450 2872 575 2933 Terram
598 2867 696 2944 vehit,
729 2869 755 2930 si
780 2869 845 2950 quis
868 2870 1031 2949 palpabilis
1056 2883 1152 2950 esset,
1183 2880 1308 2937 dracaena.
1356 2875 1389 2936 ln
1413 2874 1537 2936 usitatis

126 3007 129 3011 .
168 2958 393 3043 hypothesibus
426 2979 529 3022 omnes
564 2957 653 3023 orbes
682 2966 715 3020 et
738 2958 914 3020 nominatim
943 2964 1069 3026 mundus
1098 2972 1181 3026 totus
1215 2971 1246 3023 et
1269 2962 1401 3041 sphaera
1424 2962 1538 3025 extima

167 3051 307 3118 δινειται,
340 3049 371 3111 in
404 3060 491 3112 torno
515 3047 622 3129 globus
651 3054 766 3110 dusaren
799 3048 1023 3128 quiescentibus
1050 3053 1128 3133 polis
1157 3062 1189 3115 et
1214 3059 1356 3114 manente
1380 3050 1483 3113 mobili
1506 3051 1557 3113 in·

168 3155 227 3198 suo
253 3140 330 3227 loco..
379 3139 473 3204 Terra
497 3157 567 3200 vern
592 3137 620 3199 in
638 3135 814 3216 (loperuico,
840 3138 865 3199 si
884 3135 984 3201 'solum
1009 3161 1139 3204 annuum
1154 3151 1265 3203 motum
1280 3148 1411 3221 spectes,
1435 3148 1536 3201 mente

170 3244 322 3306 separans
346 3227 491 3303 diurnum,
515 3228 692 3306 simpliciter
714 3247 911 3305 naprqepeam.
959 3228 1013 3292 Sin
1037 3239 1071 3292 tu
1095 3231 1195 3306 dicas,
1222 3228 1389 3310 Copernico
1412 3229 1538 3291 Terram

170 3319 334 3391 deendor,
366 3335 423 3379 non
449 3336 505 3396 ego
529 3317 707 3378 intellexero
742 3316 778 3376 de
806 3323 888 3382 motu
914 3338 1011 3381 annuo
1045 3321 1098 3381 sed
1128 3321 1164 3382 de
1189 3321 1309 3393 diurno,
1343 3338 1410 3380 cnm
1438 3319 1477 3379 ab
1501 3338 1536 3381 eo

170 3413 274 3467 mente
298 3425 475 3486 separamus
499 3423 637 3468 annuum.
685 3403 738 3467 Sin
759 3413 858 3466 autern
881 3405 965 3469 dicas
980 3411 1177 3484 κνλινδεσθαι,
1196 3408 1261 3488 jam
1280 3417 1435 3486 utmmque
1451 3426 1536 3468 com-

171 3494 282 3571 plexus
305 3489 338 3557 es'
363 3503 394 3557 et
417 3503 530 3557 motum
554 3494 692 3556 diurnum
715 3504 747 3556 et
771 3513 909 3554 annuum.
955 3496 1224 3568 manimundulus,
1258 3496 1285 3557 si
1308 3495 1421 3569 nescis,
1452 3514 1537 3557 com-

171 3585 292 3660 positus
315 3591 364 3645 est
386 3592 485 3647 motus
505 3604 553 3660 ¹eu
578 3605 660 3663 φορᾳ
693 3592 724 3645 et
747 3586 862 3659 drrqonr.
909 3583 951 3645 Et
981 3588 1140 3648 nobrderm
1173 3585 1280 3665 globus
1313 3583 1364 3644 ille
1394 3583 1535 3657 lusorum,

174 3689 232 3751 qno
267 3673 306 3734 ad
330 3681 449 3734 stantes
482 3691 592 3735 cuneos
621 3671 799 3734 evertendos
832 3671 996 3735 collimant
1040 3674 1106 3737 Nec
1139 3694 1185 3736 me
1209 3673 1338 3735 Hercule
1363 3672 1535 3735 concinnius

174 3768 225 3822 est
248 3762 416 3842 exemplum
440 3770 539 3824 motus
553 3761 683 3825 Telluris
708 3760 875 3838 compositi,
900 3762 1038 3842 quamsi
1063 3762 1128 3842 quis
1152 3763 1256 3841 fingat,
1281 3759 1402 3840 globum
1421 3761 1534 3823 Terrae

174 3848 272 3912 instar
295 3851 442 3931 ejusmodi
466 3851 546 3931 globi
572 3850 672 3912 lusorii
697 3849 816 3930 obliquo
841 3857 942 3912 tamen
967 3851 1015 3913 axi
1039 3851 1176 3930 provolvi
1199 3851 1228 3912 in
1251 3851 1396 3912 directam
1412 3849 1534 3918 lineam,

176 3939 230 4000 sed
250 3958 326 4020 qnae
341 3959 398 4001 non
415 3941 456 4001 sit
469 3940 499 4001 in
513 3940 604 4019 plano
626 3959 728 4001 verum
751 3939 781 4000 iu
809 3939 917 4019 glob03
942 3950 975 4002 ut
999 3941 1025 4002 si
1039 3941 1135 4003 Terra
1158 3941 1187 4003 in
1211 3939 1358 4019 superiori
1380 3938 1533 4001 schemate

173 4029 329 4108 superficie
343 4026 455 4092 Euro
478 4028 707 4109 provolveretur
723 4025 888 4104 visuum
913 4037 945 4091 et
968 4030 1012 4092 sic
1036 4037 1099 4094 tres
1116 4029 1276 4110 (loperniei
1298 4035 1396 4112 motus
1420 4027 1450 4089 in
1474 4046 1533 4089 una

175 4116 232 4179 hac
255 4117 461 4196 provolutione
484 4118 596 4180 insunt.

262 4205 409 4269 Perduxit
431 4206 640 4289 hypothesium
664 4205 820 4284 historiam
835 4207 933 4270 Ursus
956 4226 1049 4286 usque
1074 4208 1112 4269 ad
1131 4213 1268 4287 tempora
1284 4202 1408 4276 Christi,
1432 4203 1532 4283 quali-

177 4314 291 4375 cunque
315 4313 466 4359 snceessn.
514 4294 602 4366 Quod
626 4294 722 4357 sicubi
745 4318 763 4356 a
787 4315 878 4376 scopo
903 4297 1029 4372 erravit,
1054 4315 1136 4359 error
1158 4295 1279 4357 crimine
1303 4301 1404 4356 tamen
1428 4310 1532 4354 carere

176 4383 271 4446 videri
294 4392 407 4464 potest.
455 4386 515 4447 Per
538 4384 737 4462 ignorantiam
761 4385 838 4445 enim
863 4404 966 4446 omues
998 4384 1194 4447 multifariam
1217 4383 1355 4446 labimur.
1401 4381 1448 4444 At
1466 4381 1532 4460 jam

176 4473 224 4534 nbi
248 4474 286 4534 ad
310 4474 503 4555 Apollonium
526 4475 693 4554 Pergaeam
717 4474 847 4547 devenit,
873 4474 950 4534 adeo
973 4475 1047 4536 dura
1071 4476 1168 4536 fronte
1193 4481 1249 4545 est,
1275 4472 1409 4558 adeoque
1433 4488 1531 4549 nuga-

176 4561 327 4625 cissimam
357 4564 456 4625 sciens
480 4563 642 4643 volensque
673 4572 776 4624 namet
807 4563 959 4638 fabulam,
992 4572 1025 4625 nt
1052 4562 1186 4630 nescias,
1219 4561 1358 4623 rideasne
1381 4558 1531 4621 homiuem

175 4652 278 4731 potins
300 4672 336 4713 au
366 4654 518 4716 irascaris.
567 4651 808 4714 Circumstantiis
832 4651 968 4713 omnibus
992 4650 1194 4714 narrationem
1218 4670 1302 4712 suam
1325 4647 1461 4722 instruit,
1486 4656 1529 4720 ut,

176 4739 221 4801 cui
246 4740 282 4801 de
307 4760 339 4801 re
362 4742 429 4821 ipsa
452 4761 508 4804 non
535 4750 605 4804 ante
629 4747 759 4814 constat,
779 4740 884 4821 jurare
908 4741 1006 4811 ausit,
1030 4760 1089 4802 non
1114 4760 1182 4803 esse
1206 4739 1289 4801 nihili
1313 4757 1386 4813 reru,
1411 4756 1470 4818 qua
1492 4737 1529 4798 de

176 4829 314 4912 loquitur.
366 4828 436 4902 Qua
458 4831 488 4894 in
513 4851 544 4893 re
568 4850 633 4894 cnm
651 4829 840 4912 praecipuum
855 4850 966 4893 causae
981 4851 1053 4893 snae
1068 4830 1285 4892 firmamentum
1308 4834 1412 4911 ponat,
1436 4845 1528 4908 prae-

832 4937 841 4962 Ι
