3609 5634
732 372 894 426 Prccsntnn.
1293 390 1297 399 ’
1446 374 1489 443 25

131 544 218 582 rammi
236 533 469 600 typographicam
485 534 572 598 perito.
603 533 669 585 Eine
685 534 766 585 nulius
782 535 966 601 typothetarum
984 538 1049 602 epesi
1068 551 1155 588 manns
1174 539 1304 589 admovere
1321 546 1419 602 potest:
1438 542 1489 604 ipse

136 617 217 669 cogor
233 604 389 668 typothetam
408 620 490 672 agere.

207 683 302 735 lictum
318 667 376 754 Θ,
395 700 459 750 quae
475 686 520 736 tbi
538 686 639 736 Terram
657 687 793 752 significat,
811 703 860 737 non
879 688 1011 746 hahemus,
1029 689 1085 739 ideo
1102 705 1146 755 pro
1164 705 1194 741 eo
1212 691 1356 741 charactere
1374 692 1429 755 ipsa
1445 707 1491 741 vox
1581 748 1584 754 ¹

132 753 232 806 Terrae
252 758 382 809 scribenda
399 759 453 807 init.
490 757 625 823 (Keplerns
641 758 689 808 boc
706 759 850 811 charactere
867 762 904 811 nh'
928 761 1066 811 consuerit.
1092 763 1113 810 si
1139 777 1188 812 non
1211 763 1290 826 ipsam
1307 764 1388 826 posuit
1406 778 1491 814 rocem

132 825 239 877 Terrae.
271 828 324 879 Nos
340 845 384 896 pro
401 829 443 879 illo
461 836 546 879 notam
563 829 635 879 hodie
652 831 771 881 usitstam
790 825 848 896 [ὅ]
867 829 1013 896 posuimus.)
1044 832 1163 882 Numeros
1181 834 1271 884 stactes
1290 834 1397 884 nondum
1415 835 1491 884 habet

131 900 316 965 typographus,
335 916 409 966 qnam
426 901 457 950 ob
473 916 526 950 rem
541 901 598 952 huic
617 902 724 953 defectui
742 900 797 953 aliis
817 904 1036 954 combinatiouibus
1054 905 1145 954 mederi
1164 919 1245 964 conor,
1265 904 1344 955 donec
1361 905 1493 969 typothets

132 970 234 1033 plenius
254 986 328 1024 ama
344 974 391 1023 hoc
408 974 434 1022 in
451 975 551 1038 οοςοᾶο
569 973 642 1024 inerit
659 974 800 1024 mamutius.
836 974 888 1025 Itss
906 990 956 1025 non
974 981 1027 1026 tam
1044 976 1123 1025 facilis
1142 983 1180 1026 est
1197 991 1272 1043 qnam
1293 981 1409 1042 putatior,
1435 977 1490 1027 ideo

131 1056 186 1090 non
204 1056 263 1092 raro
280 1044 413 1094 bacdones
430 1059 474 1108 per
490 1060 563 1095 rocas
582 1044 685 1096 tuenti
704 1046 795 1098 turam.

208 1112 265 1164 Nisi
277 1116 479 1180 quotidianorum
492 1116 615 1167 adstuem
626 1116 770 1181 typothetae
788 1123 815 1167 et
831 1117 993 1183 typographo,
1011 1119 1134 1168 interdum
1152 1134 1247 1184 qnoque
1265 1119 1317 1183 ipse
1336 1119 1490 1171 admoverem

132 1200 243 1245 manus,
266 1187 337 1237 mniu'
355 1189 490 1252 irreperent
507 1203 613 1238 amores:
637 1189 747 1255 quemvis
770 1188 834 1240 iorte
850 1190 973 1240 interdum
992 1190 1115 1254 quaedam
1133 1191 1287 1257 diligentiam
1304 1205 1386 1241 meam
1404 1191 1491 1257 lugere

133 1258 271 1322 pomermt,
291 1259 413 1323 quaedam
426 1264 509 1310 sutem
521 1259 668 1325 sphalmata,
687 1264 805 1311 cnm'non
817 1262 937 1325 potuerim
950 1262 1066 1312 cosduno
1079 1275 1196 1326 praesens
1209 1276 1271 1322 esse,
1290 1260 1385 1312 nullam
1403 1269 1491 1326 postea

135 1331 315 1380 cmmotionem
335 1331 484 1381 admiserint
520 1331 553 1381 at
575 1329 639 1381 haec
661 1333 716 1396 ipsa
739 1338 778 1382 est
800 1346 892 1389 causa,
917 1333 982 1399 quod
1003 1340 1082 1383 totum
1100 1349 1160 1397 opus
1178 1336 1203 1383 in
1221 1348 1261 1383 me
1279 1334 1387 1398 recipere
1405 1334 1489 1392 malni,

134 1414 211 1465 quam
231 1400 305 1452 alicui
323 1404 450 1468 magistro,
468 1404 507 1451 cui
520 1408 548 1451 tn
560 1404 714 1470 commissum
725 1410 806 1467 putes,
824 1404 970 1469 relinquere,
989 1406 1028 1454 cni
1046 1410 1073 1454 et
1090 1407 1196 1455 mauris
1210 1421 1259 1454 non
1272 1403 1348 1454 solide
1360 1412 1491 1468 perspecta

136 1478 184 1528 est,
205 1479 232 1521 et
249 1474 291 1537 qni
307 1488 388 1523 rernm
405 1474 637 1539 typographicam
656 1472 899 1536 (mathematicam
917 1472 1038 1540 inprimis)
1056 1492 1105 1526 non
1122 1479 1215 1541 peritus
1233 1484 1279 1525 est.
1427 1534 1435 1543 g
1560 1477 1563 1487 '

209 1542 283 1603 Quae
302 1546 327 1595 in
345 1547 435 1608 scripto
452 1551 495 1595 tuo
512 1546 621 1608 paucula
637 1547 746 1603 mutari,
771 1546 866 1597 leniora
882 1548 1005 1598 interdum
1022 1549 1143 1599 voeabula
1159 1547 1286 1613 ponendo,
1312 1547 1404 1598 ridebis
1422 1549 1490 1613 ipse;
1521 1602 1524 1613 ,
1566 1592 1570 1599 r

133 1617 189 1676 iam
207 1629 242 1665 aa
258 1617 363 1667 scribere
380 1632 430 1666 non
447 1631 554 1681 possum.
582 1615 731 1668 Praeserdm
748 1618 812 1683 quod
828 1620 936 1683 pertinet
953 1618 986 1668 ad
1003 1620 1107 1685 liguram
1125 1626 1273 1682 postremam
1284 1631 1349 1685 pag.
1368 1616 1403 1669 78
1422 1617 1489 1683 (cap.

136 1685 218 1743 ml,
237 1687 280 1753 ng.
293 1685 335 1737 25,
364 1684 448 1753 Gomp
468 1693 535 1738 anot.
556 1684 602 1749 62)
620 1694 699 1739 totum
721 1691 827 1748 mutari,
851 1691 909 1755 quis
925 1690 1021 1754 lapsum
1039 1695 1065 1739 te
1083 1691 1146 1749 ridi;
1164 1705 1223 1741 nam
1240 1706 1290 1741 non
1308 1690 1328 1740 C
1346 1691 1391 1741 sed
1409 1689 1433 1741 D
1452 1696 1491 1740 est

136 1763 250 1807 murm
270 1761 407 1825 mantis.
445 1760 580 1825 Agnosces,
599 1774 677 1824 spera
696 1762 722 1811 id
739 1774 818 1826 aequo
837 1764 926 1811 animo.
964 1760 1036 1821 Quae
1055 1764 1120 1812 enim
1139 1777 1156 1813 a
1172 1777 1212 1813 me
1231 1764 1301 1813 iacta
1318 1768 1390 1820 sunt,
1410 1764 1435 1811 in
1453 1764 1489 1811 tui

137 1831 248 1895 mam
266 1838 293 1881 et
310 1846 341 1881 ex
358 1832 502 1897 integritus
522 1832 610 1881 amoris
628 1846 689 1898 erga
703 1839 729 1882 te
747 1832 802 1882 ieci.

210 1903 317 1960 Addidi,
335 1910 362 1954 te
380 1903 476 1968 quidem
494 1904 595 1953 inscio
619 1909 650 1953 et
670 1903 864 1961 inconsulto,
889 1902 1110 1955 Narrationem
1127 1905 1268 1962 Rhetici,
1292 1920 1366 1957 ame
1383 1906 1489 1959 revisam

137 1978 165 2023 st
176 1973 343 2025 schematibus
355 1981 465 2031 sumam,
483 1988 535 2025 nna
552 1989 607 2025 cum
625 1988 683 2025 mes
699 1975 867 2038 praefationsr
886 1990 919 2026 ea
936 1992 1001 2027 nunc
1020 1978 1065 2026 snb
1076 1977 1171 2041 prelum
1187 1978 1223 2028 ire
1235 1978 1328 2041 incipit,
1350 1993 1406 2030 cum
1423 1983 1490 2042 post·

137 2046 213 2096 remis
231 2047 280 2096 tuis
298 2045 409 2112 pagellis.
447 2045 523 2111 Spero
541 2053 640 2103 mtem,
660 2060 716 2097 eam
734 2047 778 2097 ati
795 2063 845 2097 non
863 2047 978 2099 dedecori
995 2048 1110 2099 murum

211 2115 302 2167 Cetera
318 2119 343 2168 in
363 2117 429 2168 aliud
446 2123 542 2181 tempus
559 2132 684 2168 reservare
702 2132 783 2185 cogor.
821 2118 997 2185 Typographns
1016 2122 1173 2185 conqueritur
1191 2120 1222 2170 de
1240 2120 1360 2170 sumtibus
1377 2121 1488 2171 schema

137 2194 199 2245 tum,
218 2190 351 2253 praecipua
369 2189 400 2239 de
419 2204 461 2246 eo,
480 2189 545 2253 qnod
564 2190 614 2239 aeri
632 2189 736 2253 insculpi
754 2192 856 2240 emerit
893 2191 944 2242 Sed
961 2190 993 2240 de
1010 2191 1048 2240 his
1066 2192 1118 2255 ipse
1137 2191 1269 2257 aliquam
1287 2191 1385 2241 scribet

209 2259 274 2311 Vale
291 2260 439 2312 ielicissime.
477 2263 568 2310 domm
585 2261 737 2325 rapidissimo
756 2262 860 2312 calamo.
899 2260 940 2312 rt.
961 2259 1020 2324 (25)
1038 2261 1099 2312 lior.
1119 2260 1162 2312 et.

208 2329 265 2382 RS.
302 2332 356 2382 litsi
372 2338 471 2397 muster
489 2336 697 2396 exspectationem
715 2334 818 2384 nundus
843 2334 935 2384 diutim
958 2340 1074 2392 maneat,
1101 2334 1156 2384 aliis
1181 2340 1264 2383 tamen
1291 2334 1491 2397 occupationibus

138 2403 240 2453 obrutus
258 2418 305 2455 nec
323 2405 367 2454 tibi
381 2417 433 2456 nee
450 2403 509 2453 mihi
531 2404 676 2455 satisfacere
700 2419 805 2469 possum.
842 2404 882 2455 Ne
905 2412 990 2455 tsmm
1014 2405 1074 2454 nihil
1098 2405 1205 2463 helam,
1231 2406 1320 2467 adjicio
1343 2410 1491 2468 postremam

136 2475 278 2541 plagulam,
297 2476 381 2529 rudem
399 2476 497 2540 quidem
515 2481 542 2524 et
558 2476 665 2525 nondum
681 2482 819 2526 correctam
837 2477 870 2526 ad
887 2477 995 2543 prelum,
1014 2476 1077 2526 sicut
1094 2477 1170 2527 rides.
1206 2470 1286 2525 lnea
1302 2475 1404 2541 plagula
1421 2475 1489 2525 rides

136 2554 235 2611 partem
253 2548 412 2611 praefationis
430 2561 510 2598 meae.
1249 2543 1251 2546 ⁴

210 2618 349 2684 ,Plsguls“
362 2620 426 2669 haec
437 2617 568 2669 reserenda
584 2624 621 2668 est
636 2617 669 2668 sd
682 2618 757 2668 rerba
770 2619 825 2676 „Ab
836 2618 883 2669 hcc
894 2616 969 2685 igitur
981 2619 1105 2682 tempore“
1121 2626 1169 2669 etc
1183 2616 1252 2685 (pag.
1261 2633 1311 2682 seq.
1322 2614 1378 2678 td),
1398 2618 1493 2681 reliqna

137 2689 288 2740 Mnestheus
314 2693 404 2754 partim
427 2692 540 2756 integra,
565 2690 654 2755 partim
679 2691 819 2740 summatim
843 2692 957 2755 proponit
983 2690 1091 2755 Keplero
1115 2693 1141 2740 in
1166 2692 1318 2755 posueriptis
1343 2687 1423 2751 (dd
1451 2685 1491 2737 lt.

139 2756 199 2822 (26)
217 2759 295 2823 Nor.)
314 2776 378 2827 qnae
395 2761 433 2810 his
452 2761 592 2811 concludit:
621 2759 660 2810 De
679 2761 779 2811 adverso
799 2768 825 2810 et
846 2763 1017 2825 inexspectato
1042 2768 1110 2811 statu
1132 2762 1280 2812 matrimonii
1302 2762 1338 2810 tui
1361 2776 1392 2810 ex
1409 2761 1491 2809 animo

139 2832 225 2890 doleo;
252 2833 296 2882 sed
319 2848 405 2897 spero,
431 2831 513 2882 Deum
531 2833 644 2883 daturum
662 2832 772 2882 mdiora.
808 2832 855 2882 Pro
873 2835 935 2882 meis
952 2833 1075 2884 laboribus
1095 2839 1121 2882 et
1137 2848 1193 2883 meo
1217 2846 1277 2898 erga
1299 2838 1325 2882 te
1343 2846 1426 2882 amore
1445 2846 1492 2897 ego

139 2904 232 2953 nullam
251 2904 326 2954 aliam
345 2906 569 2969 compensationem
588 2910 654 2967 pato,
674 2916 747 2967 qnam
765 2908 801 2959 ut,
819 2903 884 2953 sicut
901 2904 972 2959 iacis,
991 2920 1031 2954 me
1048 2903 1169 2954 redamas.
1200 2904 1283 2954 Unum
1301 2911 1385 2953 umen
1403 2908 1429 2953 et
1446 2904 1493 2951 hoo

139 2980 205 3039 peto,
225 2976 247 3024 si
265 2977 322 3040 quid
341 2978 439 3026 omnino
457 2964 516 3025 mihi
534 2975 736 3025 remunerationis
753 2974 807 3023 loco
826 2976 987 3030 constituisti,
1007 2976 1033 3025 id
1051 2974 1105 3024 aliis
1123 2990 1172 3025 non
1190 2976 1227 3024 sic
1245 2976 1351 3031 scribas,
1370 2974 1408 3023 rel
1427 2974 1493 3037 apud

140 3045 200 3096 ulios
218 3047 368 3111 proclames,
390 3047 535 3112 praesertim
556 3062 601 3110 per
622 3060 683 3111 qnos
702 3045 735 3096 sd
752 3045 836 3095 sulam
853 3045 1084 3112 wirtembergicam
1102 3059 1134 3096 ea
1150 3061 1190 3096 res
1208 3046 1296 3095 deferri
1313 3050 1404 3109 posset
1439 3044 1492 3095 De·

139 3118 232 3169 latores
251 3124 277 3168 et
295 3120 481 3175 obtrectatores,
500 3124 529 3167 ut
545 3118 618 3176 nosti,
636 3118 706 3178 rarii,
724 3116 809 3167 helles
828 3116 941 3167 etmulti
959 3124 1025 3167 sunt.
1061 3116 1132 3182 Rogo
1150 3132 1218 3183 ergo,
1236 3124 1265 3167 nt
1282 3116 1385 3166 etmihi
1403 3122 1429 3165 et
1445 3115 1489 3165 tibi

138 3191 164 3239 in
183 3204 213 3239 eo
231 3202 327 3253 parcas.
364 3190 417 3256 ligo
435 3196 493 3239 tuus
512 3204 573 3240 snm.
610 3186 792 3252 Vaie'optime·
918 3246 921 3251 ¹

210 3259 283 3321 Quae
303 3262 466 3320 ,matrimonii
484 3260 593 3311 statum“
613 3259 715 3324 Kepleri
734 3260 856 3321 sument,
875 3259 969 3309 nullam
988 3259 1019 3309 de
1036 3260 1075 3310 bis
1094 3258 1201 3310 antelmo
1220 3259 1253 3309 sd
1270 3257 1430 3308 Maestlmum
1448 3257 1491 3309 de·

140 3331 213 3382 derat
231 3332 366 3396 epistolam
402 3331 536 3382 Nuntiarit
554 3333 616 3382 iorte
638 3332 702 3381 talia
718 3330 890 3382 Hsienreiiero
913 3330 951 3382 rel
969 3331 1090 3386 Bescldo,
1116 3345 1172 3380 curn
1195 3330 1280 3396 quibus
1303 3336 1356 3379 tum
1377 3332 1493 3394 temporis

138 3403 218 3453 mults
235 3420 279 3467 per
289 3404 374 3454 literas
387 3407 447 3471 egit
473 3404 504 3454 ln
515 3404 591 3454 literis
604 3403 762 3468 sequentibus
780 3400 815 3467 (p.
830 3399 876 3463 te)
893 3402 966 3467 plura
982 3403 1030 3453 hac
1049 3402 1080 3453 de
1091 3417 1118 3453 re
1130 3402 1205 3452 reisrt
1216 3400 1338 3467 Keplerus
1350 3400 1492 3452 hiaestlino.

212 3474 401 3534 „limationem
419 3475 551 3526 Rhaetici‘
571 3489 644 3540 quum
664 3474 784 3524 addiderit
796 3473 943 3524 Maestlims
955 3474 1086 3525 Prodromo
1107 3474 1200 3533 ,inscio
1218 3480 1245 3524 et
1261 3473 1425 3531 inconsultc“,
1443 3472 1492 3530 rel,
1528 3510 1531 3513 .

137 3552 168 3597 ut
186 3560 201 3596 ο
218 3548 376 3611 sequentibus
393 3548 496 3612 patebit,
516 3548 590 3596 inrito
608 3545 725 3610 Keplero,
744 3560 848 3611 cumque
865 3546 910 3596 illa
926 3560 1013 3611 parum
1031 3545 1093 3597 lucis
1111 3544 1201 3595 aderat
1219 3546 1286 3610 operi
1303 3546 1358 3609 ipsi,
1379 3560 1430 3595 non
1447 3543 1491 3594 sd·

140 3617 248 3669 dandam
266 3633 322 3670 eam
341 3620 479 3670 counimus
496 3616 553 3669 huic
572 3617 680 3668 editioni.

211 3689 390 3741 Praefatio
409 3696 492 3741 summ
510 3689 689 3739 Maestlinl
707 3688 770 3739 hsec
788 3693 841 3738 est:

522 3834 562 3888 nr.
586 3834 706 3891 memo
726 3832 857 3888 Manere
880 3831 1105 3905 cessem,

675 3908 794 3961 ccccm
812 3907 917 3960 mooe
935 3908 963 3960 s.

165 4070 171 4079 ι
210 4007 291 4061 Recte
309 4009 441 4060 aPlatnne
459 4011 595 4075 geometria
613 4016 639 4060 et
656 4008 812 4060 arithmetica
830 4007 886 4057 alae
899 4009 1064 4058 astronomiae
1077 4008 1239 4072 appellantur.
1268 4007 1410 4056 Geometria
1427 4007 1492 4056 enim

142 4081 167 4130 in
185 4081 284 4131 coelesti
304 4096 415 4146 corpore,
439 4082 504 4146 quod
521 4087 640 4146 quantum
659 4087 697 4130 est
714 4079 840 4145 globosum
858 4085 884 4129 et
902 4079 1014 4129 circulari
1031 4086 1099 4129 motu
1117 4079 1262 4145 regulariter
1279 4078 1380 4137 mobile,
1400 4092 1431 4127 ex
1449 4079 1491 4127 ob·

143 4144 319 4204 senaoonitns
337 4153 436 4203 direrds
454 4153 602 4218 temporibus
619 4151 710 4202 habitis
732 4166 782 4200 non
800 4156 896 4200 tantum
914 4152 980 4201 dam
997 4151 1124 4201 stellarum
1141 4152 1247 4206 invenit,
1276 4150 1319 4199 sed
1339 4151 1414 4199 etiam
1432 4150 1491 4198 irre·

142 4224 280 4289 quanam
299 4225 496 4288 apparentiarum
515 4240 545 4274 ex
561 4224 713 4291 regularibus
730 4223 835 4271 motibus
853 4223 960 4272 rationes
978 4222 1073 4276 reddit.
1102 4236 1233 4285 earumque
1258 4228 1338 4271 certas
1364 4233 1492 4268 mensuras

142 4294 269 4359 patefacit,
289 4302 362 4360 atqua
374 4311 501 4360 corporum
512 4296 608 4346 illorum
624 4295 762 4346 sublimium
777 4293 959 4359 magnitudines
977 4301 1005 4344 ut
1023 4300 1048 4343 et
1066 4293 1207 4343 altitudines
1220 4292 1379 4341 demonstrat.
1408 4289 1490 4340 Arith-

143 4366 234 4415 metica
256 4372 364 4424 autem,
381 4367 439 4418 dum
460 4367 533 4430 hujus
551 4368 636 4433 quanti
655 4366 760 4430 eorporis
778 4373 861 4429 partes
875 4358 904 4414 in
922 4365 1167 4428 numerosoonjicit,
1189 4363 1244 4413 illas
1266 4362 1449 4427 magnitudines
1467 4369 1493 4411 et

144 4436 284 4488 altitudines
302 4440 411 4498 metitur,
429 4439 575 4504 tabulasque
594 4439 684 4493 condit,
703 4437 836 4501 exquibus
855 4436 888 4485 ad
906 4437 1005 4501 quodvis
1024 4435 1108 4485 datum
1127 4444 1222 4499 tompus
1240 4433 1365 4482 cetarum
1384 4434 1491 4483 omnium

143 4507 206 4564 loos,
226 4508 336 4574 adeoque
353 4518 408 4560 tota
425 4511 486 4561 coeli
504 4511 581 4561 iacies
600 4510 733 4560 exhibetur.
770 4508 824 4557 Etsi
843 4515 926 4557 autem
944 4508 993 4557 ista
1010 4506 1156 4557 admiranda
1174 4512 1199 4554 et
1217 4505 1296 4555 ardua
1314 4505 1378 4561 sint,
1403 4504 1491 4554 barum

144 4586 228 4630 tamen
246 4580 341 4630 alarum
359 4583 466 4648 remigiis
484 4582 517 4632 ad
534 4582 714 4649 iungentum
731 4580 858 4629 subvolare
876 4593 921 4628 nos
940 4580 1040 4629 eximius
1062 4577 1102 4627 bic
1124 4584 1207 4627 noster
1224 4576 1431 4633 Mathematicus,
1455 4576 1490 4627 Μ.

144 4650 159 4700 J
165 4665 281 4702 oannes
299 4652 469 4717 Keplerns‚
489 4654 568 4705 docet.
599 4653 694 4718 Magna
710 4665 772 4701 sane
789 4657 855 4708 sunt,
874 4665 939 4715 quae
957 4650 1063 4699 artifices
1082 4649 1213 4698 macconi
1231 4647 1280 4698 huc
1297 4662 1373 4711 usque
1391 4648 1490 4699 invene·

144 4729 213 4773 runt:
233 4726 408 4773 astronomiam
426 4731 510 4776 tamen
527 4724 647 4775 hactenus
666 4737 749 4773 omues
767 4718 816 4772 non
835 4722 882 4770 nisi
900 4720 917 4769 d
934 4729 1003 4786 tergo
1021 4720 1100 4770 adorti
1118 4725 1183 4777 sunt,
1203 4725 1228 4769 et
1246 4724 1298 4768 tam
1310 4726 1399 4777 motus,
1418 4719 1509 4783 qnam'

145 4795 328 4861 magnitudines
346 4804 372 4846 et
390 4795 520 4847 &tantiae
539 4796 643 4845 esselis
661 4793 867 4846 observationibus
892 4792 1012 4858 indagare
1037 4791 1180 4840 docuerunt.
1216 4791 1255 4839 An
1275 4797 1358 4840 antem
1376 4790 1392 4839 t
1408 4793 1490 4855 priori,

145 4865 194 4915 sire
213 4865 327 4917 theuto
343 4866 407 4917 ullus
424 4868 474 4918 ista
491 4867 633 4918 dimetiendi
651 4872 738 4930 pateat
756 4864 852 4924 aditus,
873 4863 913 4913 rel
931 4878 996 4913 anne
1019 4862 1070 4913 ulla
1095 4861 1159 4920 alis,
1184 4871 1282 4927 praeter
1300 4863 1488 4921 observationes,

145 4938 399 5011 geometricalium
415 4940 527 4995 iurantes
544 4945 654 4991 motuum
673 4944 699 4991 et
716 4936 882 5009 quantitatum
899 4949 1013 4985 numeros
1032 4933 1188 4993 examinandi
1204 4932 1290 4991 haberi
1311 4935 1403 4997 possit,
1430 4933 1491 4983 nulli
1630 4982 1635 4991 Α
