3609 5634
777 358 861 424 &rel
876 358 932 411 m
1475 361 1534 430 141

125 503 286 589 singulis
319 517 501 599 corporibus
525 520 800 592 accommodentur,
831 538 889 581 non
919 519 964 581 ita
991 519 1020 581 iu
1048 488 1169 598 promtu
1192 528 1251 584 est.
1267 522 1293 594 ¹)
1338 521 1417 585 Illud
1442 523 1539 588 sobam

124 607 244 677 Met.
277 607 446 711 pyramidi
470 607 572 669 deberi
595 607 790 683 harmoniam,
811 627 905 690 quam
920 609 1054 688 quintam
1069 608 1182 683 dicunt,
1206 611 1377 689 quartam
1369 630 1398 672 m
1422 612 1535 687 ordine,

125 686 212 770 quia
243 692 282 753 in
317 714 361 758 ea
388 697 486 758 minor
515 696 614 782 portio
647 704 696 759 est
727 689 755 779 Ἰ,
785 716 857 777 pars
884 698 1038 779 integrae,
1072 696 1151 760 sicut
1179 697 1260 759 latus
1288 699 1430 779 trianguli
1464 703 1537 780 (quo

123 780 295 857 pyramis
328 785 439 859 utitur)
464 786 618 848 subtendit
649 780 678 869 ’,Ι
710 786 821 850 circuli.
837 789 860 860 ⁸)
908 788 972 849 Hoc
999 787 1088 867 plura
1116 786 1195 849 infra
1223 787 1455 864 confirmabunt,
1487 790 1536 851 ubi

125 868 169 926 de
199 875 412 951 aspectibus
437 893 570 955 agemus,
596 895 672 956 quae
692 884 725 937 ut
744 875 1127 957 hicetiamintelligamus,
1151 875 1270 938 omnino
1290 876 1334 938 ita
1357 878 1535 958 cogitamus,

125 957 235 1036 qnasi
267 961 360 1025 fides
384 965 426 1027 sit
448 982 506 1025 non
531 972 616 1027 recta
639 965 727 1039 linea,
752 967 805 1028 sed
830 965 968 1028 circulus.
1006 964 1101 1027 Dabit
1124 965 1216 1045 igitur
1235 965 1342 1027 divisio
1361 966 1535 1028 harmoniae

125 1045 253 1112 dictae
286 1052 511 1135 triangulum
503 1073 532 1115 ιιι
558 1073 615 1135 quo
639 1054 766 1134 angulus
796 1055 884 1117 lateri
916 1056 1094 1135 opponitur,
1128 1053 1218 1133 plane
1251 1063 1284 1116 nt
1316 1055 1345 1116 iu
1378 1057 1535 1137 pyramide

126 1137 293 1216 angulus
324 1145 426 1224 plano.
469 1142 642 1206 Remanent
664 1143 756 1225 igitur
778 1144 854 1206 cubo
879 1151 912 1205 et
934 1143 1079 1206 octa‘edro
1103 1150 1214 1205 octava
1237 1151 1269 1204 et
1292 1153 1401 1224 quarta
1423 1145 1532 1221 dictae,

127 1225 246 1288 tertia
277 1238 322 1292 et
344 1233 474 1314 septima
496 1233 526 1294 in
550 1233 663 1296 ordine.
710 1232 773 1294 Sed
802 1241 900 1295 utrum
929 1250 1031 1294 eorum
1058 1239 1157 1294 utram
1184 1232 1371 1294 harmoniam
1395 1233 1534 1296 tenebit?

127 1320 256 1378 utrum
287 1320 428 1384 dicemus
452 1323 631 1384 secundaria
654 1322 786 1402 recipere
810 1341 877 1395 eas,
910 1340 986 1401 quae
1015 1321 1110 1382 lineas
1139 1321 1290 1396 scribant,
1321 1330 1353 1383 et
1380 1322 1531 1401 primaria,

128 1420 226 1482 quae
257 1407 448 1488 figurante)
474 1419 537 1472 tum
560 1411 636 1473 cubo
661 1410 818 1473 debebitur
837 1418 946 1490 quarta
964 1411 1056 1472 dicta.
1094 1410 1173 1472 Nam
1199 1410 1224 1471 si
1248 1429 1287 1472 ex
1308 1411 1366 1473 lide
1390 1411 1532 1475 circulum

130 1491 253 1555 facias
286 1506 385 1560 etex
406 1520 465 1562 nna
488 1509 597 1580 quarta
620 1508 734 1562 rectam
757 1518 852 1579 usque
871 1499 963 1560 aliam
978 1499 1071 1562 ducas
1085 1499 1210 1572 tamdiu,
1234 1500 1361 1561 donee'
1353 1519 1382 1562 ιιι
1405 1501 1533 1579 primum

130 1592 314 1659 punctum
346 1588 472 1662 redeas,
505 1590 558 1650 fiet
590 1588 846 1670 quadrangulum,
881 1590 968 1668 quale
1000 1589 1122 1668 planum
1154 1588 1247 1650 etiam
1280 1590 1372 1651 cubus
1403 1590 1530 1652 obtinet.

132 1667 284 1736 Contra
311 1677 454 1739 octaedro
478 1676 638 1740 debebitur
660 1685 780 1752 octava,
806 1696 882 1758 quae
908 1685 956 1739 est
979 1677 1119 1740 dimidiae
1143 1677 1221 1740 lidis.
1263 1677 1374 1740 Nam
1366 1698 1397 1740 ιιι
1421 1678 1531 1742 circulo

133 1760 272 1824 ductus
309 1765 348 1827 ad
381 1765 533 1828 dimidiam
561 1766 655 1828 etad
678 1766 757 1827 idem
780 1773 923 1846 punctum
949 1766 1024 1828 facit
1046 1766 1088 1829 nil
1111 1767 1169 1828 nisi
1192 1766 1313 1828 lineam.
1361 1765 1413 1830 Sin
1436 1767 1532 1830 dode·

133 1852 276 1915 candro
303 1855 462 1919 debebitur
483 1856 563 1934 prior
587 1856 765 1936 imperfecta
787 1855 907 1934 duplam
955 1856 1037 1917 Nam
1064 1855 1171 1917 ductus
1198 1874 1253 1936 per
1276 1854 1398 1937 quintas
1422 1864 1455 1919 et
1476 1876 1531 1937 per

124 1936 270 2004 sextas
297 1944 401 2007 circuli
425 1944 539 2007 faciunt
561 1945 815 2025 quinquangulum
839 1950 871 2005 et
893 1945 1101 2024 sexangulum.
1145 1943 1290 2007 Restabit
1312 1943 1435 2025 igitur
1427 1964 1530 2009 rcosa-

137 2029 228 2091 edro
239 2034 413 2134 posterior
436 2033 614 2117 imperfecta
637 2034 757 2113 duplex,
782 2033 853 2114 quia
877 2033 985 2097 ductus
1008 2052 1062 2114 per
1086 2033 1160 2094 duas
1184 2033 1305 2113 quintas
1329 2035 1451 2114 repetiti
1475 2056 1529 2098 us-

140 2137 207 2197 que
238 2120 278 2182 in
308 2123 387 2184 idem
419 2131 560 2203 punctum
595 2121 709 2184 faciunt
741 2130 858 2184 tantum
892 2123 998 2196 lineas.
1014 2124 1042 2196 ')
1088 2121 1140 2184 Sic
1174 2131 1206 2183 et
1238 2123 1345 2186 ductus
1377 2141 1432 2204 per
1466 2133 1529 2187 tres

141 2216 302 2271 octavas.
351 2213 401 2273 Au
425 2212 574 2273 malumus
597 2210 741 2272 octaedro
765 2219 903 2291 quartam
934 2212 1021 2284 dare,
1053 2211 1123 2292 quia
1150 2211 1177 2272 is
1205 2211 1366 2274 duodecies
1390 2223 1529 2294 quartam

142 2297 268 2361 circuli
291 2300 456 2374 subtendit,
481 2300 512 2362 id
536 2300 613 2380 quod
638 2299 751 2361 nullum
775 2300 855 2361 latus
880 2301 949 2362 cubi
974 2299 1072 2363 facit?
1087 2301 1122 2373 W)
1170 2299 1221 2362 Sic
1245 2300 1429 2381 relinquetur
1451 2303 1528 2365 cubo
1612 2320 1616 2330 ·

143 2393 283 2462 octava,
310 2389 467 2451 harmonia
488 2389 726 2469 perfectissima,
751 2396 786 2449 ut
807 2389 873 2468 ipse
897 2389 1150 2469 perfectissimum
1173 2407 1282 2468 corpus
1305 2397 1363 2452 est.
1410 2391 1527 2453 Forsan

144 2483 182 2536 et
210 2475 293 2538 illud
316 2477 542 2540 convenientius
566 2485 628 2545 est,
653 2477 820 2557 relinquere
844 2478 1003 2540 icosaddro
1027 2478 1156 2562 priorem
1175 2478 1383 2557 imperfectam
1402 2489 1528 2559 propter

147 2566 370 2645 sexangulum,
395 2568 475 2649 quod
497 2566 564 2628 basi
587 2566 756 2645 triangulae
780 2574 943 2646 cognatum
961 2567 1057 2646 magis
1073 2574 1131 2639 est,
1156 2565 1525 2647 quamquinquangulae:

146 2654 352 2718 dodecaedro
382 2676 453 2719 vero
484 2657 556 2719 dare
585 2656 761 2718 divisionem
789 2655 976 2717 octonariam
1002 2662 1127 2735 propter
1153 2673 1307 2736 numerum
1334 2655 1470 2718 cubicum
1493 2654 1524 2732 8,

149 2743 232 2823 quia
257 2744 350 2807 cubus
373 2745 562 2807 dodecaedro
585 2744 772 2825 inscriptilis.
787 2746 816 2818 ¹)
862 2744 947 2806 Haec
971 2744 1097 2830 sanein
1121 2744 1220 2806 medio
1244 2742 1307 2806 sita
1329 2744 1404 2820 sint,
1429 2745 1524 2807 donec

150 2850 274 2895 causas
298 2835 362 2915 quis
386 2835 542 2915 repererit.

249 2923 416 2986 Veniamus
440 2925 528 2985 modo
553 2922 591 2983 ad
617 2925 814 3002 aspectusd)
860 2920 902 2983 Et
931 2920 1171 3003 quandoquidem
1198 2921 1286 2983 modo
1315 2939 1353 2982 ex
1380 2919 1437 2982 fide
1461 2921 1522 2983 eir-

150 3012 259 3073 culum
282 3013 418 3090 fecimus,
444 3013 532 3075 facile
548 3019 596 3074 est
611 3012 722 3085 videre,
748 3010 895 3091 quomodo
920 3019 992 3071 tres·
1004 3011 1160 3091 perfectae
1183 3009 1356 3072 harmoniae
1379 3008 1522 3089 pulcher-

150 3099 233 3161 rime
257 3119 323 3163 cum
346 3103 443 3165 tribus
466 3103 611 3184 perfectis
635 3098 809 3180 aspectibus
833 3101 1001 3179 comparari
1024 3100 1144 3180 possint
1163 3119 1206 3163 sc.
1227 3118 1293 3161 oum
1313 3101 1351 3173 00,
1370 3102 1415 3173 Δ,
1436 3100 1522 3174 [].⁸)

150 3187 342 3270 Imperfecta
363 3210 436 3254 vero
459 3192 589 3273 priorB
618 3189 717 3252 mollis
746 3189 785 3251 ad
813 3207 942 3268 unguem
970 3189 1077 3252 similis
1106 3197 1156 3252 est
1184 3187 1302 3264 sextili,
1335 3189 1418 3269 cujus
1446 3188 1521 3249 baec

153 3288 246 3354 nota,
272 3286 315 3355 ak,
342 3300 486 3362 quemque
510 3280 729 3342 debilissimum
752 3297 820 3340 esse
844 3280 1008 3353 terunt.··)

246 3367 400 3431 Habemus
423 3389 547 3432 oausam
575 3369 709 3449 (qualem
733 3368 853 3448 quidem
874 3367 1069 3430 Ptolemaeus
1099 3385 1158 3428 non
1182 3364 1281 3440 dedit)
1298 3362 1342 3439 bb)
1371 3383 1423 3427 cur
1450 3364 1520 3445 pla·

153 3464 247 3519 netae
271 3458 421 3521 distantes
444 3479 502 3521 uno
526 3466 579 3520 aut
602 3457 728 3537 quinque
752 3455 847 3533 signis
870 3475 930 3519 uon
954 3464 1135 3520 censeantur
1157 3455 1186 3517 in
1208 3459 1344 3534 aspectu.
1381 3453 1461 3517 Nam
1484 3462 1520 3518 ιιι

154 3546 296 3621 vidimus,
320 3549 432 3611 nullam
454 3549 546 3610 talem
570 3546 600 3608 in
623 3545 747 3608 vocibus
771 3546 911 3625 agnoscit
926 3554 1036 3610 natura
1050 3543 1251 3608 concordiam.
1268 3544 1306 3615 σο)
1341 3540 1418 3605 Cum
1441 3544 1520 3606 euim

156 3635 189 3696 iu
212 3637 324 3699 ceteris
348 3639 454 3700 eadem
477 3637 519 3700 sit
541 3637 619 3698 ratio
643 3635 818 3698 influentiae
842 3641 875 3696 et
903 3634 1142 3706 barmoniamm‚
1173 3632 1316 3694 credibile
1346 3639 1395 3693 est
1418 3638 1448 3694 et
1471 3631 1520 3695 hic

155 3742 234 3785 esse.
283 3724 386 3789 Causa
409 3727 546 3806 utrinque
570 3726 673 3806 procul
698 3724 788 3786 dubio
812 3724 918 3785 eadem
948 3731 1010 3798 est,
1043 3741 1138 3804 eaque
1167 3741 1205 3783 ex
1229 3721 1358 3802 quinque
1382 3722 1518 3800 corpori-

154 3812 229 3875 bus:
246 3812 288 3889 11)
317 3836 407 3897 quam
434 3815 503 3878 aliis
532 3815 732 3896 quaerendam
755 3813 901 3893 relinquo.
950 3811 1027 3875 Cum
1049 3812 1142 3891 igitur
1164 3829 1268 3871 omues
1292 3816 1420 3890 quatuor
1444 3809 1518 3872 har·

156 3903 273 3965 moniae
296 3913 463 3967 consonent
492 3904 555 3965 suis
583 3901 775 3984 aspectibus,
808 3910 841 3962 et
873 3920 942 3962 vero
976 3901 1073 3964 adhuc
1106 3907 1168 3962 tres
1196 3906 1315 3962 restent
1344 3898 1374 3959 iu
1403 3900 1519 3960 musica

154 3990 339 4068 harmoniae,
364 3994 535 4075 suspicatus
553 3993 714 4073 aliquando
729 4011 804 4066 sum,
829 4009 887 4052 non
908 3990 1118 4070 negligendum
1142 4007 1209 4050 esse
1234 3988 1263 4050 in
1283 3986 1409 4068 judiciis
1432 3987 1518 4050 nati·

154 4084 295 4158 vitatum,
320 4084 346 4145 si
369 4085 511 4164 planetae
535 4079 578 4144 72
601 4089 654 4144 aut
682 4078 743 4143 144
765 4081 819 4142 aul
846 4077 907 4143 135
931 4079 1075 4160 gradibus
1099 4077 1224 4151 distent,
1247 4076 1426 4156 praesertim
1449 4093 1517 4138 cnm

153 4171 287 4247 videam,
319 4193 408 4235 unam
438 4193 477 4235 ex
503 4171 687 4252 imperfectis
711 4158 822 4232 habere
846 4188 932 4231 suum
955 4177 1122 4250 aspectum.
1134 4169 1176 4241 ⁰⁰)
1221 4164 1370 4236 Quamvis
1393 4163 1517 4226 cuilibet

154 4262 274 4323 oculato
297 4269 497 4324 meteororum
522 4259 704 4340 speculatori
736 4260 824 4322 facile
854 4258 991 4338 patebit,
1026 4265 1125 4320 utrum
1153 4254 1291 4336 aliqua
1283 4273 1312 4315 m
1343 4253 1390 4314 his
1419 4251 1516 4314 tribus
1556 4293 1560 4300 ‚

152 4351 246 4412 radiis
270 4350 316 4412 vis
341 4352 426 4426 insit,
457 4370 523 4413 cum
546 4358 664 4412 ceteros
689 4357 831 4428 aspectus
855 4347 935 4409 aeris
958 4346 1141 4409 mutationes
1164 4340 1413 4406 constantissima
1436 4340 1516 4402 rati-

152 4439 243 4502 fieent
265 4439 464 4521 experientia.
511 4439 632 4502 Causae
656 4438 788 4519 quidem,
814 4456 889 4518 quas
911 4435 1109 4515 probabiliter
1132 4432 1199 4513 quis
1223 4431 1341 4504 reddat,
1367 4430 1445 4510 quod
1468 4424 1513 4507 ³l,

160 4522 206 4610 Ἰ,
236 4523 305 4611 ²,'l
296 4550 326 4591 ιιι
350 4530 407 4591 fide
432 4538 549 4604 sonent,
575 4528 603 4590 in
629 4527 752 4589 zodiaco
775 4544 835 4588 non
859 4532 1029 4605 operentur,
1053 4523 1111 4584 hae
1135 4540 1204 4583 esse
1226 4519 1366 4600 possint.
1378 4516 1412 4593 ff)

245 4619 278 4693 1)
303 4617 469 4699 Oppositus
484 4619 580 4693 solus,
605 4619 662 4678 duo
683 4615 846 4696 quadrata,
871 4614 968 4675 trinus
991 4632 1057 4675 cum
1081 4609 1193 4685 sextili,
1217 4609 1388 4672 absolvunt
1403 4606 1515 4687 singuli

153 4707 386 4770 semicirculum:
421 4715 454 4769 at
482 4715 544 4769 tres
567 4705 598 4768 bi
622 4705 698 4767 radii
722 4704 835 4766 nullum
858 4703 973 4764 babent
996 4702 1109 4763 socium
1133 4700 1172 4761 ad
1195 4698 1252 4762 boc
1275 4717 1395 4772 munus,
1427 4716 1514 4778 quem

151 4796 268 4858 musica
291 4816 350 4859 non
372 4798 492 4876 penitus
515 4796 662 4877 repudiet.
710 4789 747 4875 2)
771 4790 892 4873 Reliqui
922 4790 999 4853 radii
1023 4788 1172 4853 rationem
1195 4788 1309 4851 habent
1332 4787 1451 4850 facilem
1476 4804 1514 4848 ex

151 4885 317 4964 diametro,
346 4887 428 4950 latus
456 4885 686 4969 quinquanguli‚
716 4891 749 4946 et
771 4881 956 4945 subtendens
980 4881 1038 4944 dno
1062 4880 1162 4944 latera
1190 4875 1423 4961 quinquanguli‚
1454 4874 1513 4939 tria
