3609 5634
290 363 351 432 006
757 335 760 336 ’
802 361 912 426 nysam
931 360 1132 427 mammete

286 526 377 602 Solis,
403 522 532 586 Veneris
547 530 578 585 et
591 520 733 583 Mercurii
751 520 884 582 habeant
902 519 1047 601 aequales
1068 515 1281 581 revolutiones.
1324 516 1537 596 Respondetur
1554 516 1652 587 enim.

286 615 363 695 quod
387 632 446 674 non
469 631 540 675 vere
563 611 757 673 revolvantur
778 609 847 689 ipsi,
872 610 929 670 sed
950 626 1004 688 pro
1026 606 1102 688 ipsis
1126 605 1214 668 unica
1234 605 1338 669 Terra.
1375 603 1406 668 2.
1429 603 1534 676 Quare
1555 606 1652 686 quin·

286 723 342 784 qua
365 703 507 782 planetae
530 702 605 762 fiant
626 699 805 777 retrogradi,
830 698 987 759 luminaria
1011 696 1056 769 (h.
1072 715 1099 755 e.
1119 693 1172 757 801
1198 701 1230 756 et
1248 694 1350 767 Luna)
1374 713 1433 755 nnn
1455 694 1537 757 item.
1578 693 1651 756 Re-

286 790 450 872 spondetur
472 789 567 869 primo
591 789 629 849 de
652 785 739 860 Sole,
768 786 839 866 quia
861 786 888 847 is
912 785 1054 866 quiescit,
1085 783 1162 844 unde
1183 783 1232 857 flt,
1265 788 1299 844 ut
1322 790 1421 844 motus
1444 782 1569 857 Terrae,
1593 781 1650 862 qni

285 897 405 959 semper
427 878 559 939 directus
582 884 639 950 est,
664 875 723 954 ipsi
747 873 811 936 8011
836 893 918 936 mere
942 883 973 936 et
994 871 1212 951 imperturbate
1233 872 1334 932 inesse
1355 871 1502 944 videatur,
1526 879 1651 932 tanturn

284 988 338 1047 per
364 975 481 1046 partem
514 964 685 1044 oppositam
714 962 800 1026 coeli.
847 962 894 1024 De
925 963 1013 1024 Luna
1040 979 1130 1032 vero,
1163 959 1233 1039 quia
1264 967 1364 1021 motus
1387 959 1499 1022 Terrae
1528 977 1649 1021 annuns

284 1055 378 1135 ipsius
401 1055 485 1116 coelo
508 1072 579 1114 vere
602 1052 767 1115 eommunis
790 1061 839 1112 est
856 1070 924 1112 cum
939 1052 1044 1112 Terra.
1077 1049 1145 1110 Duo
1164 1056 1264 1110 autem
1285 1047 1496 1127 000010οΜοι
1517 1048 1648 1110 eundem

284 1152 397 1205 motum
419 1160 474 1222 per
501 1142 619 1215 omnia,
653 1141 792 1202 videntur
824 1139 903 1201 iuter
931 1159 965 1201 se
993 1138 1157 1219 quiescere.
1173 1136 1197 1208 ¹)
1242 1137 1330 1199 Unde
1353 1144 1454 1199 motus
1477 1137 1589 1200 Terrae
1610 1137 1646 1198 in

283 1234 370 1294 Luna
393 1250 450 1292 nou
475 1231 618 1303 sentitur,
647 1237 682 1291 ut
708 1230 737 1290 in
762 1229 872 1290 ceteris
894 1227 1036 1308 planetis.
1083 1226 1130 1288 De
1154 1225 1357 1306 superioribus
1381 1224 1530 1300 Saturne,
1552 1224 1645 1300 Jove,

284 1328 316 1382 et
338 1321 439 1382 Marte
463 1318 680 1398 respondetur:
712 1316 782 1396 qnia
808 1316 867 1396 ipsi
895 1325 968 1378 sunt
989 1316 1138 1377 tardiores
1162 1313 1276 1376 Terra:
1309 1322 1342 1376 et
1368 1314 1439 1393 quia
1461 1315 1589 1377 circulus
1609 1321 1650 1374 et

285 1417 384 1470 motus
407 1409 467 1469 iste
486 1408 597 1468 Terrae
620 1414 745 1485 putatur
768 1405 841 1484 ipsis
865 1405 975 1467 inesse.
1009 1402 1112 1473 Quare
1135 1404 1215 1464 sicut
1237 1403 1308 1474 illis,
1332 1404 1381 1482 qui
1405 1403 1493 1477 exL,
1518 1401 1646 1464 Saturni

284 1496 385 1576 globo,
408 1495 625 1576 prospicerent,
650 1494 745 1555 Terra
767 1494 915 1556 interdum
934 1492 1074 1573 progredi
1092 1491 1254 1564 videretur,
1277 1491 1347 1552 dnm
1370 1491 1430 1552 iret
1449 1509 1506 1571 per
1526 1490 1645 1553 media·

286 1593 382 1646 tatem
405 1584 487 1647 PBN
511 1600 603 1662 supra
625 1581 737 1656 Solem,
761 1582 909 1643 interdum
932 1580 1067 1661 regredi,
1092 1581 1161 1642 dum
1185 1580 1244 1641 iret
1265 1598 1320 1659 per
1341 1580 1442 1653 NAP,
1465 1581 1548 1642 sta're
1570 1597 1645 1643 uero

284 1673 314 1734 in
332 1673 361 1735 N
381 1672 467 1734 etP:
492 1672 536 1733 sic
560 1689 685 1732 necesse
709 1677 766 1746 est,
791 1680 824 1732 ut
846 1670 934 1732 nobis
957 1689 995 1730 ex
1008 1670 1100 1731 Terra
1122 1667 1374 1748 prospicientibus
1389 1666 1539 1730 Saturnus
1560 1668 1645 1730 volvi

282 1762 420 1823 videatur
444 1760 473 1821 in
496 1768 600 1839 partes
625 1759 790 1839 oppositas.
838 1759 881 1821 Ut
905 1759 973 1820 dnm
997 1768 1046 1819 est
1068 1758 1162 1819 Terra
1187 1757 1215 1817 in
1239 1757 1327 1818 ΒΚΔ
1347 1758 1412 1836 (fig.
1439 1754 1504 1831 10),
1528 1756 1643 1819 Satur-

281 1868 338 1911 nus
361 1849 481 1910 videtur
505 1849 534 1910 10
564 1848 633 1908 bna
656 1848 720 1927 (dg.
749 1846 815 1920 ll).
862 1847 1023 1909 inferiores
1046 1846 1151 1907 Venus
1179 1855 1212 1907 et
1234 1845 1401 1907 Mercurius
1428 1845 1497 1907 ideo
1521 1845 1643 1924 regredi

279 1937 436 2010 videntur,
465 1937 534 2016 quia
558 1945 628 1997 sunt
655 1935 821 1998 velociores
845 1935 959 2009 Terra;
988 1935 1065 1997 unde
1088 1935 1212 2014 perinde
1236 1954 1272 1996 ac
1295 1935 1321 1995 si
1344 1934 1438 1996 Terra
1461 1943 1559 1997 staret
1581 1934 1642 1996 im-

280 2033 379 2096 mota,
405 2025 526 2100 Venus,
550 2043 673 2086 currens
695 2025 725 2086 iu
749 2035 836 2104 parte
860 2024 964 2086 circuli
988 2023 1154 2099 remotiori,
1180 2024 1361 2085 contrariam
1383 2024 1474 2104 plane
1497 2022 1645 2085 describit

280 2114 360 2175 viam
383 2113 443 2189 illi,
468 2132 556 2193 quam
580 2113 700 2175 conficit
721 2112 751 2174 in
775 2119 862 2192 parte
886 2113 988 2174 circuli
1012 2112 1058 2174 sui
1082 2111 1181 2173 vicina
1204 2111 1337 2175 Terrae.‘

368 2198 399 2264 3.
425 2202 474 2263 lta
497 2201 600 2281 quaeri
623 2202 724 2281 potnit
746 2201 816 2272 (sed
835 2200 908 2262 nihil
921 2200 1123 2280 respondente
1137 2200 1329 2274 Ptolemaeo)
1352 2218 1444 2281 qnare
1468 2200 1497 2262 in
1521 2200 1642 2279 magnis

280 2290 402 2352 orbibus
426 2289 489 2350 sint
510 2297 574 2350 tam
599 2289 698 2367 exigui
723 2288 865 2369 epicycli,
890 2298 923 2350 et
945 2307 1037 2370 quare
1061 2291 1090 2351 in
1112 2290 1217 2367 parvis
1240 2289 1361 2352 orbibus
1385 2297 1448 2352 tam
1472 2290 1640 2351 mmmer:

278 2380 335 2442 hoc
358 2386 416 2454 eet,
441 2396 533 2458 quare
551 2382 815 2457 προσθαφαιρισις
834 2376 946 2439 Martis
964 2378 1006 2439 sit
1028 2379 1126 2458 major
1143 2378 1243 2452 devia,
1269 2385 1301 2440 et
1323 2377 1410 2458 hujus
1433 2379 1529 2458 major
1550 2395 1641 2458 quarn

279 2465 412 2529 Saturni.
459 2466 502 2528 Et
529 2484 582 2528 eur
604 2485 662 2528 non
686 2465 853 2528 Mercurius
877 2466 970 2529 etiam
994 2467 1148 2546 majorem,
1173 2485 1263 2547 quam
1286 2466 1403 2540 Venae,
1426 2466 1548 2541 habeat,
1572 2483 1640 2527 cum

278 2557 320 2617 sit
341 2555 465 2618 inferior
487 2554 626 2630 Venere3
658 2554 805 2635 siquidem
837 2561 967 2635 quatuor
994 2555 1173 2637 reliquorum
1201 2573 1319 2635 semper
1345 2555 1469 2617 inferior
1495 2555 1639 2635 majorem

278 2644 380 2707 habet.
426 2643 485 2704 Hic
513 2643 612 2705 facilis
644 2651 694 2705 est
724 2644 890 2723 responsio.
937 2644 1079 2707 Mercurii
1107 2643 1186 2705 enim
1215 2650 1249 2705 et
1270 2643 1400 2706 Veneris
1432 2662 1522 2707 veroa
1549 2643 1639 2705 orbes

279 2741 398 2794 veteres
421 2731 572 2814 epicyclos
597 2751 665 2793 esse
689 2740 840 2813 putamnt
889 2731 1032 2795 Mercurii
1055 2742 1173 2807 autem,
1209 2740 1241 2795 ut
1267 2732 1469 2808 velocissimi,
1500 2732 1638 2795 minimus

280 2821 372 2883 etiam
396 2820 477 2883 orbis
501 2828 558 2882 est.
606 2819 798 2900 Superiomm
828 2839 900 2881 vero
926 2827 961 2883 ut
984 2822 1088 2901 cuique
1112 2821 1241 2883 Telluris
1264 2822 1345 2884 orbis
1368 2823 1490 2902 propior
1512 2829 1570 2895 est,
1594 2820 1638 2882 sic

279 2910 424 2990 majorem
447 2910 487 2972 ad
511 2929 578 2971 eum
600 2909 822 2990 proportionem
844 2908 948 2983 habet,
972 2919 1004 2971 et
1026 2911 1124 2990 major
1142 2918 1279 2989 apparet.
1312 2910 1397 2973 Mars
1420 2911 1512 2991 igitur
1532 2908 1640 2989 proxi-

277 3018 343 3061 mus
365 2998 459 3060 habet
482 2999 642 3059 maximam
671 2998 895 3078 aequationem,
928 2996 1078 3060 Satnmus
1107 2999 1272 3061 altissimus
1297 2999 1461 3061 minimam.
1507 3000 1589 3064 Nam
1611 2998 1637 3058 si

277 3087 380 3149 oculus
402 3087 430 3147 in
452 3084 481 3147 G
501 3086 564 3165 (fig.
585 3083 640 3160 10)
664 3086 906 3161 constitueretur,
931 3088 959 3149 ei
982 3087 1064 3149 orbis
1081 3087 1138 3149 ΡΝ
1157 3088 1312 3150 videretur
1333 3088 1388 3151 sub
1407 3088 1517 3169 angulo
1531 3085 1637 3160 TGV3

279 3184 313 3237 at
335 3175 363 3236 si
385 3174 415 3236 in
439 3174 466 3234 L
489 3183 586 3244 esset,
610 3174 691 3235 idem
714 3174 795 3236 orbis
817 3174 972 3237 videretur
994 3176 1050 3237 sub
1072 3176 1183 3256 angulo
1205 3174 1297 3238 RLS.

366 3257 398 3324 4.
432 3261 551 3323 Pariter
573 3281 631 3324 non
654 3262 765 3340 injuria
786 3262 888 3323 mirati
911 3270 981 3324 sunt
1003 3271 1135 3338 veteres,
1165 3284 1217 3326 cur
1238 3272 1302 3327 tras
1325 3266 1496 3345 superiores
1519 3280 1637 3344 semper

278 3351 308 3412 in
323 3349 511 3431 oppositione
531 3369 597 3411 cum
612 3349 683 3411 Sole
703 3350 765 3411 sint
782 3349 936 3412 humillimi
959 3351 989 3412 in
1012 3370 1066 3412 suo
1090 3352 1234 3435 epicyclo,
1259 3353 1288 3414 in
1313 3353 1522 3434 conjunctione
1546 3351 1637 3413 altis-

278 3439 365 3501 simi:
389 3445 425 3500 nt
446 3439 473 3500 si
496 3438 591 3499 Terra
614 3439 680 3517 (lig.
700 3436 766 3512 11),
790 3436 900 3500 Solet
923 3458 943 3520 g
966 3439 1081 3501 sintin
1104 3441 1210 3502 eadem
1235 3441 1327 3517 linea,
1352 3461 1444 3523 quare
1466 3441 1551 3503 Mara
1574 3447 1637 3502 turn

278 3547 335 3589 non
359 3527 458 3608 possit
481 3527 509 3587 in
535 3526 595 3588 alio
620 3528 685 3588 1000
709 3526 836 3608 cpicycli
859 3546 938 3603 esse,
963 3547 1052 3608 quam
1075 3528 1105 3590 10
1128 3553 1151 3608 y.
1189 3530 1223 3591 In
1240 3527 1408 3610 Oopernico
1431 3549 1525 3592 causa
1548 3528 1638 3610 facile

278 3616 420 3678 redditur.
467 3615 536 3678 Non
561 3616 640 3676 enim
663 3615 747 3677 Mars
771 3616 802 3678 in
825 3617 974 3700 epicyclo,
1005 3618 1059 3678 sed
1083 3617 1178 3679 Terra
1204 3618 1235 3679 in
1259 3620 1332 3681 orbe
1355 3638 1410 3681 suo
1433 3620 1511 3681 hanc
1534 3617 1637 3680 varie-

277 3711 374 3766 tatem
397 3710 559 3778 causatur;
583 3704 651 3766 hinc
675 3705 701 3766 si
715 3705 810 3766 Terra
833 3724 871 3767 ex
889 3707 921 3767 A
939 3705 1009 3767 inB
1035 3705 1211 3769 discesserit
1224 3708 1290 3787 (fig.
1309 3705 1375 3783 10),
1400 3706 1455 3770 801
1478 3707 1537 3769 0οι
1559 3706 1638 3768 inter

279 3791 308 3851 G
332 3792 463 3853 Martem
488 3801 518 3853 et
540 3791 567 3852 B
591 3794 729 3868 Terram,
761 3802 792 3855 et
815 3802 877 3854 tum
900 3792 987 3855 Mars
1010 3794 1161 3856 videbitur
1183 3795 1213 3856 in
1237 3796 1372 3878 epicyclo
1395 3793 1536 3878 (ligii)
1559 3812 1597 3856 ex
1620 3799 1639 3856 d

278 3881 307 3941 iu
331 3904 346 3958 y
368 3880 554 3942 ascendisse.
588 3882 633 3942 At
646 3882 741 3943 Terra
764 3882 792 3942 in
815 3883 847 3943 A
870 3881 1030 3956 existente,
1056 3884 1134 3963 quod
1158 3891 1206 3944 est
1228 3894 1372 3963 punctum
1393 3885 1454 3965 ipsi
1478 3882 1636 3963 1100001-

277 3988 366 4041 mum,
392 3967 421 4030 G
445 3970 528 4030 Mars
552 3976 585 4029 et
607 3968 659 4031 801
684 3969 864 4031 videbuntur
887 3989 925 4030 ex
948 3971 977 4031 A
1001 3971 1128 4032 invicem
1152 3972 1293 4053 oppositi.
1331 3974 1434 4054 Atque
1456 3972 1533 4034 haec
1555 3977 1635 4046 sunt,

278 4077 354 4137 quae
378 4076 417 4118 ex
440 4058 545 4118 tabula
568 4058 607 4118 ad
631 4059 746 4119 oculum
770 4058 969 4120 demonstrari
992 4069 1129 4138 possunt.

365 4146 435 4207 Jam
459 4145 601 4225 deinceps
625 4146 847 4208 consideremus
871 4147 963 4209 etiam
988 4149 1355 4230 eeceutricitatem·hujus
1379 4150 1470 4212 orbis.
1519 4146 1636 4228 Cuper-

279 4236 361 4297 oicns
386 4235 460 4297 facit
483 4254 649 4314 apogaeum
674 4234 755 4304 Solis
779 4236 842 4308 (vel
866 4236 993 4309 Terrae)
1017 4244 1050 4297 ut
1079 4247 1111 4299 et
1138 4247 1304 4301 ceteromm
1330 4239 1464 4313 moveri,
1497 4256 1555 4300 non
1581 4256 1637 4317 per

277 4324 458 4398 deferentes,
484 4324 537 4384 scd
560 4342 615 4403 per
638 4324 814 4405 epicyclium
839 4326 928 4404 00010
951 4325 1067 4386 tardius
1091 4326 1163 4388 orbe
1182 4348 1237 4390 auo
1260 4328 1299 4388 ad
1322 4326 1439 4390 initium
1462 4326 1636 4399 rediene.¹)

277 4413 333 4475 Hic
357 4421 455 4474 motus
479 4413 605 4492 apogaei
634 4414 725 4474 etiam
755 4412 867 4493 aliquid
900 4414 992 4475 infert
1024 4415 1054 4475 in
1082 4416 1212 4478 motibus
1240 4424 1407 4478 ceteromm
1435 4417 1634 4496 planetarum.

168 4515 181 4538 ·
276 4502 356 4561 Nam
368 4502 561 4564 Ptolemaeus
575 4509 741 4563 ceterorum
761 4501 1004 4564 ecceutricitates
1027 4513 1184 4583 computat
1202 4526 1221 4567 a
1239 4513 1342 4566 centro
1357 4505 1489 4568 Terrae:
1503 4507 1533 4580 ¹¹)
1557 4506 1636 4586 quod

277 4587 302 4645 si
335 4597 469 4650 centmm
501 4589 660 4651 eccentrici
693 4589 822 4652 Telluris
855 4598 886 4651 et
918 4609 1084 4672 apogaeum
1116 4611 1171 4672 per
1202 4595 1450 4673 consequentiam
1482 4595 1636 4674 signorum

278 4673 473 4737 discesserint
495 4677 525 4738 iu
549 4679 638 4741 aliam
663 4687 781 4759 partem
803 4678 937 4755 zodiaci,
962 4680 1076 4741 relictis
1098 4690 1170 4761 post
1192 4702 1226 4744 se
1249 4677 1377 4744 aliorum
1399 4684 1544 4764 apogaeis
1567 4691 1635 4746 tar·

277 4761 428 4836 dioribus,
462 4764 580 4826 accidet
612 4768 713 4847 aliqua
741 4768 868 4830 mutatio
897 4768 1154 4831 eceentricitatum
1184 4772 1216 4832 in
1245 4772 1377 4850 planetis
1400 4772 1520 4835 ceteris.
1565 4772 1633 4836 Hoc

275 4850 366 4912 valde
388 4870 504 4913 rursum
525 4853 681 4918 mirabitur
702 4855 870 4918 Ptolemaei
893 4857 1093 4934 astronomia,
1125 4867 1217 4941 atque
1240 4860 1279 4923 ad
1302 4860 1515 4942 confingendos
1539 4879 1634 4924 noros
