3609 5634
720 386 843 451 spongia
860 386 992 450 Tysnonu.
1473 386 1538 453 237

159 539 322 601 emittere
345 540 532 619 profiteatur,
557 541 627 603 dum
650 560 754 603 omnes
778 551 810 604 et
832 544 988 607 evidenter
1009 544 1171 607 &minum
1184 546 1356 628 'lychonem
1377 544 1478 607 Brahe
1501 547 1538 607 ds

158 628 280 704 palma
314 628 548 709 magisterioque
580 631 796 692 mathematico
824 633 855 693 in
883 640 1036 695 certamen
1059 641 1166 695 vocat:
1199 633 1409 713 percommode
1442 652 1538 695 meam

160 717 340 794 epistolam
368 717 399 778 in
427 717 528 779 libello
553 736 608 779 ceu
634 720 791 798 cujusdam
812 720 924 801 judicis
947 722 1013 783 loco
1041 721 1217 796 introducit,
1253 742 1328 804 quae
1355 722 1451 783 talem
1479 722 1540 784 lert

161 806 371 880 sententiam,
395 814 429 867 ut
446 805 526 868 Urso
548 808 650 885 palma
672 807 726 869 illa
748 808 827 870 citra
841 809 1079 872 controversiam
1100 810 1255 873 debeatur.
1303 810 1440 890 Denique
1454 810 1538 871 fece-

162 910 242 953 ram
266 911 323 972 ego
347 894 377 954 iu
400 895 506 955 eadem
529 894 584 956 illa
607 896 738 974 epistola
760 898 941 958 mentionem
961 898 1111 980 'lychonis
1129 898 1384 978 perhonorificam,
1409 899 1538 960 Ursum-

164 998 234 1061 que
258 1000 427 1056 oraveram,
451 991 485 1044 ut
507 984 586 1044 hauc
609 1003 707 1046 meam
732 985 935 1047 inventionem
959 988 997 1048 ad
1021 986 1118 1065 ipsum
1132 988 1162 1047 in
1177 986 1307 1048 Daciam
1326 987 1536 1065 perscriberet.
1644 1048 1649 1055 ,

164 1068 299 1131 Placuit
321 1070 413 1150 igitur
436 1071 529 1140 Urso,
559 1090 617 1133 non
641 1073 731 1135 aliter
754 1091 801 1135 me
825 1074 862 1136 de
886 1075 944 1136 hac
972 1076 1002 1136 iu
1027 1075 1199 1157 Tychonem
1222 1073 1428 1136 adversarium
1452 1092 1537 1135 suum

168 1158 337 1220 affectione
361 1159 476 1238 optima
503 1160 622 1235 ulcisci,
657 1180 745 1240 quam
777 1162 803 1223 si
825 1163 987 1242 epistolam
1016 1181 1128 1236 meam,
1162 1164 1276 1226 extrita
1298 1162 1448 1224 montione
1472 1162 1536 1243 Ty-

170 1246 292 1320 chouis,
317 1266 384 1309 eum
406 1249 436 1309 in
455 1248 589 1311 libellum
612 1250 773 1323 insereret,
803 1251 853 1330 qui
883 1271 942 1313 non
966 1253 1004 1313 ad
1034 1251 1116 1313 aliud
1150 1271 1239 1332 quam
1262 1252 1303 1313 ad
1325 1250 1538 1314 lancinandam

171 1335 289 1396 famam
312 1336 462 1416 Tychonis
485 1346 677 1419 comparatus
701 1347 733 1399 et
755 1339 855 1402 editus
879 1347 942 1402 ests
972 1348 1006 1401 ut
1028 1339 1087 1410 ita,
1122 1342 1173 1421 qui
1196 1341 1368 1423 'lychouem
1394 1340 1538 1419 privatim

170 1423 255 1485 Urso
278 1423 482 1499 laudaveram,
505 1444 621 1505 poenae
646 1426 711 1488 loco
735 1427 967 1491 convitiatorem
990 1427 1141 1510 Tycluonis
1164 1428 1282 1507 publice
1306 1427 1441 1491 omuibus
1466 1428 1535 1490 lau·

175 1512 251 1573 dare
275 1530 409 1591 cogerer.
456 1514 515 1575 Tot
547 1514 715 1576 nominibus
743 1534 810 1578 cum
833 1517 914 1578 Urso
944 1515 1064 1578 libuerit
1092 1515 1175 1579 abuti
1202 1536 1271 1578 mea
1300 1516 1440 1595 epistola,
1469 1516 1547 1595 jam·

173 1601 289 1661 clarum
318 1609 382 1676 est,
415 1621 467 1664 cur
500 1603 564 1664 lucc
593 1603 715 1682 diguam
743 1604 936 1683 judicaverit.
982 1605 1062 1667 Nam
1089 1606 1170 1687 quod
1201 1605 1405 1667 inventionem
1437 1623 1536 1666 msam

173 1689 297 1763 attinet,
322 1690 350 1750 si
372 1689 468 1752 lucem
491 1711 528 1752 ea
551 1699 691 1761 meretur,
711 1692 777 1770 jam
792 1712 859 1754 eam
874 1694 992 1756 fatente
1006 1694 1085 1756 Urso
1099 1693 1229 1767 viderat,
1254 1700 1395 1756 exstante
1411 1692 1442 1754 iu
1456 1712 1534 1755 nun-

174 1777 255 1839 dinis
278 1778 396 1856 integro
419 1779 535 1853 libello,
569 1799 625 1841 nec
649 1780 796 1861 epistolas
820 1783 876 1843 hac
900 1801 976 1862 opus
1004 1781 1062 1843 luit
1084 1781 1227 1843 editione.
1274 1780 1373 1852 Quam
1401 1781 1536 1860 graviter
1607 1848 1616 1863 .

174 1874 278 1927 antem
302 1866 377 1928 hacc
400 1868 493 1929 editio
516 1887 564 1929 me
587 1869 728 1944 haberet,
760 1888 827 1931 cum
850 1870 947 1933 literis
970 1871 1009 1932 ad
1032 1869 1071 1932 D.
1096 1871 1271 1952 Tychonem
1293 1877 1326 1931 et
1349 1869 1388 1930 ad
1411 1869 1535 1932 Rossli-

173 1973 245 2015 num
268 1955 445 2035 perscriptis
468 1964 614 2020 testatum
638 1958 712 2019 leci:
736 1967 800 2020 turn
814 1959 894 2021 Urso
917 1958 975 2039 ipsi
999 1959 1144 2038 superiori
1159 1958 1305 2021 Jauuario
1329 1954 1446 2032 (1600)
1470 1957 1536 2038 pri·

173 2061 257 2104 mum
280 2051 372 2123 atque
396 2044 525 2123 Pragam
549 2048 628 2114 veui,
652 2046 682 2107 in
707 2047 814 2109 faciem
838 2047 911 2122 dixi,
936 2066 1099 2128 suppresso
1124 2056 1227 2110 tamen
1242 2064 1309 2109 meo
1324 2046 1460 2121 nominc;
1485 2065 1533 2119 ne,

173 2132 201 2192 si
226 2150 293 2193 cum
316 2141 477 2211 praesente
500 2134 632 2213 Keplero
657 2134 714 2195 sibi
738 2155 802 2197 rem
826 2155 892 2197 esse
917 2136 1025 2210 sciret,
1055 2136 1182 2197 remed
1208 2135 1312 2215 jurgia
1333 2135 1534 2215 protraheret

172 2219 292 2282 Addidi
317 2227 350 2281 et
367 2221 458 2282 haec:
483 2223 602 2301 quando
626 2222 757 2285 labuerit
779 2223 833 2298 illi,
858 2243 917 2298 me,
941 2225 992 2306 qui
1015 2224 1154 2304 discipuli
1176 2225 1232 2286 sub
1246 2243 1377 2303 persona
1400 2223 1533 2302 scripse·

174 2327 250 2381 ram,
269 2308 299 2369 in
319 2309 430 2388 judicis
455 2311 599 2372 subsellia
622 2311 747 2373 invitum
769 2313 960 2392 protrahere,
992 2320 1148 2392 pateretur
1177 2331 1249 2392 ergo
1273 2331 1319 2374 me
1349 2312 1379 2372 in
1403 2311 1457 2372 illa
1480 2312 1533 2373 lite

174 2397 311 2459 literaria
335 2398 387 2468 (ds
411 2399 550 2460 convitiis
573 2400 652 2462 enim
680 2408 712 2462 et
738 2400 853 2479 injuriis
880 2401 1013 2479 politicis
1041 2402 1191 2463 actionem
1213 2399 1348 2482 menori
1380 2398 1532 2479 relinque·

172 2486 274 2559 bam),
304 2494 396 2547 exuta
419 2487 557 2566 discipuli
580 2488 730 2549 modestia
749 2488 861 2566 judicis
881 2489 1094 2552 auctoritatem
1109 2507 1278 2562 assumere,
1303 2497 1334 2550 et
1358 2487 1436 2569 quod
1460 2507 1476 2548 s
1500 2506 1532 2548 re

174 2575 390 2636 mathematica
413 2576 476 2637 fore
499 2576 637 2638 videatur
658 2576 776 2656 publice
799 2575 933 2639 vicissim
948 2578 1116 2640 decernere.
1162 2576 1272 2656 Sicque
1287 2595 1393 2638 nomen
1410 2575 1533 2638 tandem

172 2663 329 2742 professus
351 2663 474 2743 pacifice
503 2665 631 2744 abipso
656 2665 792 2728 discessi.

263 2751 331 2821 Quo
354 2753 449 2814 serius
465 2761 565 2814 autem
580 2754 791 2815 denunciatum
805 2754 884 2816 Urso
898 2754 1110 2816 refutationem
1133 2752 1213 2813 illius
1228 2753 1333 2833 scripti
1356 2754 1412 2814 sub
1426 2771 1532 2814 manus

172 2859 331 2915 sumerem,
356 2842 468 2903 multae
491 2861 526 2903 ac
549 2841 709 2922 praecipue
732 2842 916 2904 domesticae
940 2844 1151 2921 occupationes
1176 2839 1383 2920 impedierunt.
1429 2842 1533 2903 Inter-

173 2930 257 2990 venit
280 2937 311 2990 et
334 2948 414 2991 mors
429 2930 510 3006 Ursi,
534 2950 609 3010 qnae
625 2950 671 2992 me
687 2930 820 2992 nonnihil
844 2930 963 2993 dubium
978 2931 1097 2992 babuit:
1122 2948 1159 2991 ne
1180 2938 1271 3002 esset,
1297 2930 1347 3010 qui
1369 2930 1447 2992 hanc
1465 2948 1534 2993 cum

173 3025 290 3080 mortno
313 3037 444 3098 pugnam
466 3019 707 3081 calumniaretur.
755 3018 817 3081 Sed
840 3018 911 3098 quia
932 3020 1111 3098 promissum
1134 3037 1233 3080 meum
1254 3016 1294 3081 D.
1315 3018 1417 3100 Tycho
1431 3018 1531 3080 Brahe
1636 3094 1641 3101 ἱ

173 3108 316 3186 urgebat,
341 3127 360 3168 a
383 3108 465 3187 cujus
485 3108 615 3171 humeris
639 3110 695 3170 hoc
719 3127 794 3169 onus
818 3106 969 3170 scribendi
991 3108 1085 3187 primo
1108 3107 1187 3169 ultro
1210 3107 1240 3168 in
1255 3127 1303 3170 me
1318 3125 1528 3186 susceperam:

174 3203 206 3256 et
229 3196 299 3274 quia
322 3215 376 3275 por
399 3215 431 3257 se
454 3215 502 3258 res
527 3206 594 3259 erat
615 3198 759 3272 honesta,
790 3197 959 3276 exstirpare
983 3216 1021 3257 ex
1044 3197 1151 3259 animis
1185 3195 1364 3261 discentium
1387 3212 1530 3258 erroneas

176 3283 347 3363 opiniones,
382 3284 543 3347 obliterare
575 3287 606 3347 in
636 3286 848 3349 Maecenatum
875 3286 1088 3366 persuasiones
1119 3286 1298 3366 impressam
1327 3284 1531 3347 inventionum

176 3373 457 3436 mathematicorum
480 3375 675 3437 calumniam:
709 3394 764 3436 nec
788 3373 983 3449 inusitatum,
1017 3376 1054 3436 de
1087 3382 1271 3437 mortuorum
1308 3374 1530 3455 quanticunque

174 3461 285 3523 suerint
311 3462 432 3541 placitis
461 3471 493 3524 et
514 3462 642 3542 publicis
666 3463 863 3525 monumentis
888 3464 1048 3526 decernere
1072 3463 1252 3543 superstites
1274 3463 1368 3543 (quod
1386 3462 1453 3542 ipss
1466 3461 1530 3524 Ur-

174 3569 226 3611 sus
259 3551 311 3612 sol.
341 3549 375 3613 G.
399 3548 429 3614 2.
461 3550 491 3612 in
519 3552 674 3615 demortuo
701 3551 799 3613 Ramo
830 3553 965 3614 taxando
994 3553 1185 3630 comprobat)
1219 3553 1342 3612 tandem
1372 3568 1444 3629 crgo
1479 3549 1530 3610 diu

174 3638 322 3717 agitatam
343 3640 421 3700 hanc
440 3641 684 3719 scriptiunculam
708 3641 808 3703 animo
832 3640 949 3702 sincero
973 3649 1005 3702 et
1027 3641 1070 3703 rei
1089 3639 1321 3713 mathematicae
1341 3639 1441 3701 studio
1457 3655 1530 3699 sus·

175 3728 254 3806 cepi,
282 3736 413 3808 putoque
440 3729 484 3790 sic
509 3749 574 3790 eam
602 3729 805 3810 perterruisse,
838 3736 871 3790 ut
895 3736 926 3789 et
949 3729 988 3790 ad
1010 3748 1058 3791 me
1088 3729 1231 3791 defensae
1263 3737 1295 3789 ct
1324 3728 1364 3789 ad
1386 3729 1529 3790 lectorem

174 3816 295 3895 agnitae
319 3815 458 3879 veritatis
483 3817 599 3880 utilitas
623 3815 655 3878 et
676 3818 743 3879 laus
767 3817 902 3880 reditura
924 3817 976 3879 sit.
