3609 5634
270 375 315 443 88
870 375 1033 427 Prooemium.

271 540 335 602 Ime
359 539 424 601 also
452 538 482 601 in
510 537 569 599 eim
592 535 790 600 kunststnclsh
814 555 849 598 zu
873 535 1045 598 erlorsclren
1063 542 1268 599 vnvonndtten
1288 553 1361 617 seyn
1384 534 1510 598 onerat.
1551 535 1635 597 Far-

273 635 340 690 sten
370 627 431 689 vud
453 627 534 689 Hern
566 626 663 689 haben
688 624 813 688 solliche
842 625 954 686 sochen
983 624 1067 687 nicht
1098 626 1234 687 vendes
1264 624 1418 705 tagliclren
1443 621 1631 695 Gabrauclrs,

264 717 400 780 'condem
424 735 482 778 von
506 717 560 777 der
587 715 688 778 Knnst
718 733 837 795 wegen:
871 714 919 777 die
943 714 1036 777 kunst
1059 713 1132 777 aber
1166 714 1308 776 bestehet
1330 714 1360 775 in
1384 713 1550 776 imitatione
1573 733 1632 775 na-

272 813 375 882 turae,
399 806 440 867 da
462 825 494 867 es
518 805 601 866 nicht
623 804 680 866 mit
702 804 829 883 Zeigern
853 803 993 883 zugelret.

359 893 442 956 Wan
466 894 539 955 aber
562 894 610 955 die
634 893 706 956 sach
736 893 790 954 mit
814 901 898 954 ernst
921 892 1122 973 anzugreillen
1147 898 1245 965 ultre,
1280 891 1371 972 glaub
1399 890 1448 954 iclr
1470 890 1542 965 wol,
1573 891 1633 952 das

272 984 329 1047 mir
352 984 422 1045 sehr
445 982 646 1045 betirrderlich
671 1001 743 1063 seyn
768 983 885 1056 wiardo,
912 982 1022 1044 andere
1047 981 1238 1061 dergleichcn
1257 980 1391 1043 Wercllr
1416 979 1493 1042 auch
1515 999 1552 1041 zu
1573 980 1631 1042 be-

273 1072 438 1151 sichtigen,
473 1072 532 1133 dan
565 1072 617 1134 leh
642 1071 706 1133 bias
731 1072 802 1133 dato
834 1071 924 1133 lihein
949 1072 1076 1132 anderes
1099 1071 1250 1150 geschen,
1285 1070 1332 1131 als
1361 1070 1415 1131 orio
1445 1068 1486 1130 im
1509 1069 1635 1131 Bericht

269 1161 439 1223 -rermeldet
465 1160 595 1223 worden.
642 1160 746 1221 Wolte
769 1160 821 1222 lch
845 1160 916 1221 Wol
949 1160 1056 1232 seben,
1090 1160 1128 1221 ob
1156 1160 1239 1222 eines
1267 1158 1416 1238 gelanden
1444 1158 1558 1227 warde,
1591 1158 1631 1218 da

272 1249 398 1324 beedes,
432 1250 562 1312 imitatio
594 1258 720 1312 naturae
751 1257 783 1310 et
814 1249 929 1311 indices
961 1247 1020 1331 bey
1047 1249 1199 1311 einander.
1247 1247 1315 1309 Dan
1348 1248 1444 1309 meins
1472 1246 1634 1308 erachtens

273 1339 370 1404 lrhans
393 1339 478 1401 nicht
500 1358 593 1422 seyn,
618 1339 677 1400 dan
701 1358 735 1399 es
758 1337 851 1401 leidet
872 1338 911 1400 Je
935 1337 1000 1399 eins
1024 1338 1079 1400 das
1103 1338 1196 1400 ander
1210 1336 1310 1410 nicht,
1336 1338 1395 1399 und
1414 1336 1558 1398 istallein
1582 1335 1633 1397 die

275 1430 355 1508 frag,
379 1428 514 1490 wollichs
537 1429 632 1490 under
655 1428 750 1490 denen
774 1427 961 1489 lunstlicher
983 1426 1043 1488 vnd
1066 1426 1231 1489 zierlicher.

361 1517 506 1579 Bisshero
530 1535 598 1578 vom
623 1516 766 1579 werckh.
812 1515 883 1579 Jam
907 1516 1041 1578 adalia.

342 1658 401 1709 Jam
418 1657 556 1723 Keplerns‚
580 1657 677 1708 rediens
696 1657 729 1708 ed
748 1664 892 1708 consuetum
909 1670 1062 1714 sermonem,
1087 1655 1165 1704 latina
1184 1657 1266 1721 pergit
1284 1654 1316 1705 ad
1334 1653 1534 1720 chronologiam,
1559 1667 1637 1718 quam

272 1730 381 1795 pluribus
399 1736 451 1778 tum
470 1744 513 1793 per
530 1729 616 1778 literas
635 1744 690 1778 cum
708 1728 843 1778 Maestlino
862 1728 1078 1793 perscrutabatur,
1097 1734 1124 1777 et
1142 1726 1281 1778 concludit.
1299 1725 1469 1791 theologorum
1486 1725 1636 1776 mustiones

272 1801 413 1866 ponderans
432 1798 560 1864 Copernici
578 1802 725 1859 mntemiae,
737 1803 832 1850 eminus
851 1800 1034 1866 obloquentium
1052 1795 1112 1858 (rid
1132 1813 1206 1862 snpra
1224 1814 1248 1862 p.
1259 1794 1336 1859 38).ι

345 1926 417 1976 Haec
435 1897 534 1975 tautum
553 1899 585 1974 de
602 1939 676 1988 opere
695 1922 841 1975 mechanico
860 1911 948 1974 addi:
981 1885 985 1899 Ι

253 2073 254 2076 ,
362 2015 457 2077 Tuam
485 2032 616 2092 agnosco
647 2013 733 2076 tidem
771 2022 917 2093 perpetua
947 2013 1131 2093 gratitudine
1164 2012 1387 2075 celebrandam.
1434 2009 1557 2073 Utinam
1591 2010 1637 2071 ita

272 2123 322 2167 res
345 2103 542 2183 expediatur,
576 2111 757 2183 utererque
782 2103 938 2166 laetemur.
985 2100 1124 2176 Quaeso,
1160 2101 1185 2163 si
1208 2102 1306 2163 minus
1329 2118 1506 2180 responsum
1530 2099 1634 2161 statim

272 2212 431 2274 accepero,
455 2191 586 2267 scribas,
616 2192 684 2272 qnid
709 2193 839 2254 futurum
863 2210 1001 2254 censeas.
1046 2192 1082 2253 ln
1106 2191 1227 2253 decreto
1251 2189 1355 2252 videor
1379 2207 1543 2280 agnoscere
1568 2189 1633 2261 Ln-

274 2303 340 2346 cam
364 2281 558 2346 Osiandrum.

342 2422 460 2472 Latinum
472 2423 597 2487 eruptum,
616 2422 681 2487 quod
695 2424 721 2472 in
733 2422 891 2487 sequentibus
902 2421 980 2472 literis
992 2427 1114 2471 memorat
1130 2418 1288 2477 llaestlinns,
1301 2420 1379 2469 deam
1394 2413 1506 2470 Schema
1518 2419 1551 2469 ad
1562 2429 1634 2483 prae-

271 2494 490 2558 missapertr'ncus
508 2494 612 2544 anobis
631 2496 811 2553 omissnur'est,
831 2493 897 2558 quod
916 2500 943 2544 et
959 2495 1053 2556 majore
1069 2493 1149 2542 torma
1161 2491 1415 2557 csseteffingendnm,
1435 2497 1469 2548 et,
1489 2490 1636 2556 quaeKep·
1701 2568 1705 2574 ·
1800 2479 1801 2530 l

272 2565 337 2615 lerna
355 2566 481 2629 proponit,
501 2567 578 2615 etiam
596 2567 688 2614 ombsa
705 2565 871 2615 delineatione
893 2564 997 2628 intelligi
1015 2570 1125 2626 possunt
1655 2595 1658 2599 -

345 2637 382 2686 Ex
400 2636 527 2686 Mancini
550 2637 627 2686 literis
652 2634 688 2698 (d
709 2637 733 2686 d.
753 2635 777 2684 4.
798 2632 866 2697 (tt.)
885 2635 936 2685 Jul.
957 2632 1038 2695 1508)
1063 2634 1222 2698 responsoriis
1246 2633 1310 2683 baec
1333 2632 1510 2682 desumsimus:
1544 2634 1638 2696 Accepi

273 2707 326 2757 lueri
343 2707 429 2757 literas
445 2714 502 2757 tuas
522 2722 577 2757 cnm
596 2708 681 2756 rotulis
700 2706 832 2771 (exparte
851 2702 1015 2766 contraeas),
1043 2706 1077 2755 ad
1102 2704 1283 2769 designandum
1308 2706 1384 2753 animi
1407 2705 1443 2754 tui
1468 2705 1593 2754 intentum
1610 2705 1637 2752 in

273 2779 417 2829 fabricando
436 2794 509 2843 opere
528 2780 701 2829 astronomica.
738 2779 883 2830 institutum
901 2785 972 2827 tuum
994 2776 1053 2826 mihi
1077 2776 1210 2826 admodum
1226 2774 1319 2840 placet
1357 2775 1426 2825 Deus
1444 2775 1565 2840 largtsun
1583 2775 1637 2825 teti·

273 2851 397 2900 οἱειίιιιιιιιι
416 2864 565 2900 successum.
603 2850 674 2914 Ego,
703 2857 833 2914 postquam
861 2849 1002 2915 diligentius
1024 2848 1135 2914 relegero
1161 2854 1187 2896 et
1213 2848 1297 2897 omnia
1314 2846 1464 2896 sufficienter
1481 2849 1638 2910 pensitarero

274 2919 327 2984 (ut,
350 2922 370 2970 si
389 2923 516 2985 quaesitus
535 2922 610 2982 luero,
629 2922 777 2985 respondere
801 2918 918 2984 possim),
945 2921 1036 2970 curabo
1059 2920 1092 2970 ad
1110 2918 1148 2968 ΙΙΙ,
1167 2920 1302 2982 principem
1319 2918 1454 2968 transferri.
1491 2918 1638 2967 Maluissem

274 3001 359 3043 autem
376 2999 505 3057 utrumque
524 2999 594 3042 tunm
612 2996 744 3056 scriptum,
771 2994 946 3042 Germanicum
965 2995 991 3041 et
1008 2990 1126 3040 Latinum
1151 2987 1263 3053 (praeter
1282 2989 1412 3053 epistolam
1431 2989 1464 3038 ad
1481 3003 1521 3038 me
1540 2989 1635 3042 datam,

273 3077 337 3128 qnae
356 3065 433 3112 etiam
450 3065 562 3127 privata,
581 3078 645 3128 qnae
664 3064 729 3113 inter
745 3078 790 3112 nos
808 3071 893 3113 mutuo
912 3070 984 3116 aaut.
1005 3058 1140 3122 continet),
1159 3075 1210 3110 non
1227 3060 1287 3109 mihi
1308 3062 1428 3123 inscripta
1446 3075 1517 3117 ease,
1536 3060 1580 3109 sad
1597 3060 1637 3109 vel

273 3133 417 3193 indefinite,
436 3141 556 3198 tanquam
575 3135 607 3184 ad
625 3136 734 3198 quemria
751 3134 878 3193 lectorem,
897 3135 936 3184 rel
955 3125 987 3184 ad
1006 3134 1086 3197 ipsum
1104 3133 1237 3195 principem
1256 3132 1334 3181 inimo
1353 3131 1456 3181 directa
1487 3130 1638 3195 Numquae

273 3207 299 3255 in
317 3206 441 3267 prooemio
462 3204 587 3262 ,defensio
605 3207 738 3269 propositi“
758 3208 794 3255 tui
814 3213 864 3262 est,
889 3221 940 3270 qua
960 3204 1089 3268 „exempla
1107 3203 1207 3254 retera“
1228 3203 1286 3252 mihi
1304 3203 1408 3256 recitas.
1435 3202 1496 3252 mibi
1511 3203 1635 3253 dicuntur.

274 3276 345 3340 qnasi
363 3276 407 3324 tibi
427 3277 563 3325 contrarius
588 3277 702 3333 fuissem.
729 3277 833 3340 ideoque
856 3279 893 3326 tui
918 3278 1034 3341 propositi
1057 3275 1118 3325 mihi
1140 3277 1248 3325 rationes
1267 3275 1371 3323 luissent
1395 3274 1555 3329 reddendae,
1580 3288 1638 3322 curn

274 3354 360 3397 tamen
378 3346 442 3396 baec
462 3347 550 3396 eadem
568 3348 681 3411 exempla
699 3363 745 3413 ego
765 3355 824 3397 ante
847 3350 968 3404 noverim,
994 3353 1112 3411 tuumque
1134 3346 1181 3395 luoc
1206 3348 1333 3395 inventurn
1359 3360 1426 3394 nnnc
1450 3345 1579 3409 aliquoties
1598 3344 1637 3393 lll.

274 3419 377 3483 principi
393 3417 423 3468 de
436 3419 529 3482 optima
542 3424 603 3467 nota
615 3420 847 3477 commendaverim,
866 3427 899 3476 et,
920 3420 941 3468 si
959 3425 987 3468 tu
1006 3419 1126 3484 languere
1143 3417 1270 3474 voluisses,
1289 3417 1348 3466 mihi
1365 3417 1525 3473 incubuisset,
1544 3424 1573 3464 ut
1590 3431 1638 3482 ego

274 3490 342 3540 bisce
361 3489 477 3552 exemplis
495 3498 521 3538 te
540 3503 688 3539 revocarem.
727 3488 777 3539 Sed
796 3490 829 3539 ad
847 3493 954 3543 tertium.
974 3491 1088 3539 nimirum
1106 3489 1145 3538 rel
1162 3489 1297 3552 principem
1324 3489 1363 3537 rel
1381 3489 1406 3537 in
1424 3502 1517 3553 genere
1535 3486 1569 3537 ad
1586 3487 1637 3537 lec·

275 3569 368 3619 torem,
388 3568 417 3610 ut
435 3568 461 3609 et
478 3562 544 3623 ipse,
567 3560 626 3609 licet
643 3563 720 3624 primo
739 3562 830 3611 intuitu
848 3577 897 3611 non
917 3562 1055 3626 intelligat,
1080 3561 1271 3611 oblectationem
1288 3561 1315 3608 in
1333 3573 1363 3609 oo
1383 3560 1501 3623 quaerat}
1528 3558 1638 3608 detonsio

275 3631 342 3681 baec
358 3631 487 3696 dirigenda
505 3634 600 3680 luisset.
614 3666 621 3681 .
636 3665 663 3680 ..
700 3631 797 3682 Videbo
815 3641 912 3691 tamen,
937 3635 958 3682 si
975 3633 1051 3683 rerba
1067 3631 1113 3680 illa
1135 3630 1175 3681 vel
1198 3639 1294 3681 mutare
1321 3631 1359 3681 vel
1383 3630 1513 3680 obliterare
1536 3631 1635 3693 possim,

276 3717 308 3751 ne
328 3701 392 3751 Cels.
411 3702 487 3765 ipsius
506 3704 641 3763 existimet,
665 3718 705 3753 me
724 3704 791 3754 abad
809 3706 867 3768 ipsi,
887 3705 1036 3754 contrarium
1059 3703 1102 3751 tibi
1131 3703 1271 3765 scripsisse,
1296 3701 1362 3751 nudo
1380 3700 1540 3751 metuendum
1560 3707 1634 3757 esset,

276 3788 307 3822 ue
326 3779 405 3822 totum
422 3773 469 3823 hoc
486 3780 556 3822 tuum
574 3775 700 3824 inventum
718 3783 745 3824 ot
763 3790 823 3839 opus
842 3776 908 3839 apud
928 3775 992 3825 Celo.
1011 3775 1088 3838 ipsius
1106 3774 1216 3824 vilescat.

348 3844 445 3909 Alioqui
463 3846 550 3894 modus
569 3853 594 3895 et
612 3845 691 3895 lorma
713 3850 766 3909 ejus
789 3849 825 3895 tui
848 3848 933 3910 scripti
955 3846 1113 3896 vehementer
1136 3845 1235 3908 placet,
1263 3851 1302 3894 est
1326 3846 1393 3893 euim
1417 3843 1489 3893 valde
1514 3843 1638 3893 eruditum

276 3917 402 3978 scripturn,
422 3916 487 3979 quod
503 3917 588 3980 procul
607 3917 680 3966 dnbio
699 3924 725 3967 et
742 3911 845 3981 principi
864 3925 890 3967 et
908 3917 1054 3968 consiliariis
1066 3917 1154 3965 harum
1166 3930 1247 3965 rerum
1259 3914 1453 3980 intelligentibus
1465 3923 1564 3980 gratnm
1582 3916 1638 3964 erit.

347 3985 469 4037 Numeros
494 3987 629 4036 rotrrlarum
656 4003 790 4053 earumque
816 3990 929 4053 periodos
956 3990 1064 4039 nondum
1092 3988 1238 4038 examinavi.
1276 3985 1399 4036 Videntur
1423 3993 1509 4036 tamen
1527 3987 1640 4035 nonnulli

276 4059 372 4107 numeri
390 4058 500 4108 dentium
518 4059 590 4109 nimis
609 4061 702 4123 magni,
721 4062 836 4109 nimirum
854 4059 920 4110 ultra
939 4056 991 4107 200
1010 4067 1035 4109 et
1054 4056 1114 4107 300.
1142 4058 1195 4107 Hos
1215 4072 1290 4122 aegro
1304 4058 1388 4120 capiet
1405 4063 1461 4106 rota
1479 4058 1542 4107 adeo
1561 4057 1639 4117 exilis,

276 4130 453 4179 atterendum
472 4138 524 4185 ast,
548 4137 577 4190 nt
595 4131 644 4178 sint
663 4131 777 4180 diuturni.
813 4131 871 4181 Meo
889 4133 965 4196 igitur
980 4131 1073 4192 jndicio
1099 4136 1238 4192 praestaret
1261 4129 1474 4193 superimpositi03
1501 4143 1561 4179 nam
1579 4128 1639 4178 nihil

276 4200 391 4256 referret,
409 4216 452 4265 pro
470 4215 522 4251 una
540 4200 602 4250 duas
620 4201 672 4251 fieri
692 4210 766 4251 rotas.

347 4271 388 4321 De
407 4286 502 4322 canone
520 4275 547 4321 in
567 4268 637 4321 0000
656 4287 734 4322 annos
752 4279 781 4322 ut
798 4274 832 4322 sis
850 4271 983 4329 sollicitus,
1002 4285 1063 4336 opus
1081 4288 1131 4322 non
1150 4279 1203 4328 est3
1222 4272 1271 4320 imo
1289 4284 1337 4320 nac
1356 4270 1386 4320 de
1406 4271 1479 4321 annis
1499 4267 1563 4328 100,
1582 4271 1641 4335 quia

277 4341 383 4400 sufficit,
409 4343 518 4408 singulas
542 4343 676 4393 tardiorum
694 4345 807 4407 periodos
825 4345 921 4398 metiri,
949 4350 975 4393 et
999 4357 1054 4393 cnm
1074 4345 1110 4393 eis
1128 4343 1276 4393 relectorum
1295 4355 1378 4391 crasso
1396 4342 1468 4392 modo
1488 4355 1639 4405 comparare.

276 4411 343 4461 Nam
362 4415 389 4463 in
405 4413 443 4463 his
461 4414 571 4464 thesauri
589 4422 695 4464 amarae
714 4428 870 4479 nequaquam
894 4415 1011 4478 explicari
1033 4421 1153 4478 possunt;
1181 4414 1288 4472 sufficit,
1313 4412 1453 4474 huiusmodi
1476 4427 1552 4477 opera
1574 4414 1642 4461 intra

278 4479 313 4530 30
332 4498 410 4535 annos
428 4501 477 4536 non
496 4485 644 4535 sensibiliter
663 4499 757 4541 errare.
776 4492 803 4535 ot
821 4485 878 4549 qnid
897 4493 964 4541 tum.
991 4487 1038 4536 etsi
1057 4485 1179 4537 Saturnus
1196 4492 1253 4549 post
1272 4484 1333 4534 duas
1353 4484 1480 4547 periodos,
1500 4484 1524 4532 h.
1544 4498 1566 4533 e.
1584 4490 1641 4547 post

278 4549 313 4600 00
332 4568 419 4615 annos,
438 4571 487 4606 nno
506 4565 581 4622 atque
595 4556 673 4606 altero
686 4557 774 4621 gradu,
793 4557 831 4606 rel
843 4558 920 4606 etiam
932 4557 1009 4607 tribus
1022 4557 1138 4622 gradibus
1152 4555 1267 4606 aberret?
1297 4554 1371 4606 Certe
1388 4569 1471 4619 panca
1488 4554 1537 4605 ridi
1555 4555 1638 4617 hujus·

278 4623 343 4673 modi
357 4627 520 4678 innumerata
532 4627 592 4689 (imo
606 4625 721 4694 nullum).
741 4629 828 4693 quibus
841 4627 906 4678 Solis
923 4635 1004 4678 motus
1023 4642 1120 4678 annuus
1137 4627 1204 4678 ultra
1222 4622 1298 4676 ³65⁰
1315 4627 1409 4677 habeat
1427 4628 1504 4676 etiam
1516 4626 1639 4691 quadran·

278 4701 329 4742 tem
348 4696 405 4744 diei.
443 4697 496 4761 Ego
515 4706 581 4749 corte
600 4700 704 4764 plurimo
722 4700 806 4750 labore
825 4700 926 4749 tandem
946 4700 1064 4763 ejurmodi
1083 4713 1212 4755 numeros,
1235 4700 1276 4763 qni
1295 4700 1371 4747 etiam
1389 4697 1554 4762 quadrantem
1572 4697 1640 4746 illum

278 4764 402 4824 habram,
421 4768 530 4818 invenire
547 4772 623 4831 potui.
660 4771 714 4821 Nec
732 4778 816 4821 tamen
836 4771 880 4820 illa
898 4785 994 4836 organa
1011 4770 1121 4821 Uraniae
1138 4775 1269 4833 propterea
1286 4771 1356 4831 parri
1373 4768 1445 4818 finnt.

350 4835 436 4886 Metuo
456 4843 555 4894 antem,
579 4855 610 4888 ue
629 4842 692 4891 istac
711 4843 861 4904 obiectiones
880 4848 906 4892 et
931 4841 1106 4897 difficultates,
1132 4853 1193 4904 quaa
1210 4841 1236 4889 in
1254 4842 1344 4902 scripto
1362 4846 1405 4890 tuo
1423 4839 1514 4887 multas
1532 4838 1577 4888 tibi
1594 4838 1640 4901 ipsi

279 4905 374 4970 obticis,
394 4920 413 4958 a
429 4908 553 4957 nonnullis
571 4910 651 4958 sciolis
669 4911 745 4962 veluti
758 4926 870 4961 enormes
883 4913 1074 4964 exorbitationes
1087 4913 1249 4975 accipiantur,
1269 4917 1345 4978 atque
1357 4909 1423 4976 apud
1434 4911 1569 4975 principem
1581 4921 1640 4959 exa-
